1919 3169
246 131 637 179 TRACTATUS'SECUNDUS
791 148 818 191 41

57 245 123 292 supra
145 227 244 289 episcopi
268 242 367 274 mensam
391 228 522 287 componit;
550 242 596 290 quo
617 227 674 283 viso,
695 226 821 291 aliquantu-

56 296 103 342 lum
145 291 309 338 verecundatur
346 290 469 353 episcopus,
506 293 603 338 maxime
640 303 731 353 propter
769 310 822 338 con-

57 360 119 407 vivas
151 357 239 402 noviter
264 357 376 404 invitatos.
421 356 529 418 Acceptas
555 366 630 403 autem
657 356 822 420 heleemosynas

57 433 127 488 pater,
144 421 254 468 militibus
278 431 301 468 et
323 420 456 483 cappellanis
477 420 667 478 convescentibus,
686 422 733 468 leto
755 421 821 469 vultu

57 485 179 540 distribuit,
201 502 256 548 quas
282 486 381 531 universi
407 485 463 530 mira
489 487 609 532 devotione
633 487 764 547 suscipiunt,
785 486 822 531 alii

57 550 204 604 comedentes,
221 549 257 594 alii
274 548 304 594 ob
321 549 467 595 reverentiam
483 559 627 595 reservantes,

105 613 179 661 Finita
190 613 333 669 comestione,
345 613 440 660 surrexit
450 614 566 676 episcopus
580 625 602 660 et
614 616 737 661 introrsum
747 615 822 661 virum
828 621 867 658 Fol.
876 624 912 668 141⁰

58 681 93 727 dei
114 694 233 734 assumens,
255 678 346 724 elevatis
366 677 461 723 brachiis
482 679 617 741 amplexatus
638 688 672 724 est
693 696 761 725 eum:
785 678 822 723 Mi

57 745 131 800 frater,
149 742 236 804 inquid,
252 759 291 789 cur
308 742 380 788 fecisti
397 743 452 788 mihi
469 744 626 790 verecundiam
643 744 667 789 in
684 744 761 800 domo,
779 760 822 806 que

57 819 97 854 tua
106 816 140 852 est
150 816 172 851 et
183 806 278 851 fratrum
290 807 417 861 Minomm,
430 816 456 851 ut
470 823 511 867 pro
522 809 683 868 heleemosynis
694 808 753 853 ires?
784 807 823 851 Ad

58 888 123 936 quem
134 881 234 916 sanctus:
253 869 373 916 Honorem
384 870 460 931 potius
470 870 533 917 vobis
542 870 639 929 exhibui,
649 871 704 918 dum
715 871 822 917 maiorem

58 937 175 983 dominum
191 935 315 991 honoravi3
335 935 444 997 siquidem
461 934 624 997 beneplacitum
640 946 673 982 est
689 938 783 982 domino
800 936 823 981 in

58 1008 187 1061 paupertate
208 1009 230 1044 et
252 1016 276 1043 ea
298 1000 401 1055 maxime,
420 1017 464 1062 que
482 1001 613 1046 mendicitas
633 1001 761 1047 voluntaria
781 1010 821 1047 est.

59 1065 110 1124 Ego
128 1072 204 1108 autem
223 1062 319 1123 regalem
340 1062 410 1107 habeo
431 1063 563 1123 dignitatern
585 1073 607 1108 et
629 1064 767 1109 nobilitatem
788 1065 823 1108 in-

58 1128 143 1190 signem
165 1125 236 1182 illum,
254 1126 316 1191 sequi
336 1126 462 1183 dominum,
482 1127 520 1190 qui
542 1144 595 1173 cum
616 1138 671 1172 esset
693 1128 762 1185 dives,
782 1144 841 1190 pro,
889 1149 902 1166 z

59 1192 121 1238 nobis
134 1208 216 1254 egenus
233 1190 305 1238 factus
321 1203 361 1238 est.
394 1192 426 1238 Et
442 1192 541 1238 addidit:
559 1192 639 1238 Plures
655 1193 742 1238 delitias
758 1209 823 1239 sumo

59 1258 86 1302 de
97 1272 193 1319 paupere
204 1272 286 1314 mensa,
298 1274 341 1319 que
353 1257 426 1317 parvis
439 1256 600 1319 heleemosynis
616 1269 743 1319 occupatur,
756 1273 823 1320 quarn

58 1322 85 1366 de
107 1321 201 1381 magnis,
221 1320 244 1364 in
266 1321 347 1383 quibus
366 1320 456 1377 fercula,
475 1338 572 1383 quorum
593 1321 631 1365 vix
652 1333 685 1366 est
707 1340 821 1367 numerus.

59 1385 155 1442 Exinde,
167 1384 290 1445 plurimum
306 1384 444 1440 hedificatus,
456 1386 573 1447 episcopus
591 1385 647 1430 dixit
663 1386 691 1432 ad
707 1396 821 1432 sanctum:

59 1448 109 1504 Fili,
121 1449 182 1513 quod
196 1449 281 1495 bonum
293 1450 360 1495 estin
372 1449 443 1496 oculis
453 1449 506 1507 tuis,
518 1449 559 1508 fac,
572 1449 622 1512 quia
633 1449 739 1496 dominus
749 1462 823 1497 tecum

58 1523 97 1559 est.

72 1693 84 1723 e
97 1629 235 1724 bExhortatio
253 1630 303 1682 ejus
316 1630 346 1672 ad
359 1629 528 1681 helemosynam
543 1631 666 1682 petendam
679 1632 786 1685 exemplo
798 1634 903 1681 etta-LIX]

58 1694 72 1722 v
86 1694 96 1723 r
112 1694 130 1723 o.

103 1758 307 1853 nonnumquam
328 1805 383 1837 vero
405 1806 427 1835 se
446 1791 520 1852 ipsum
541 1792 661 1837 exercitans
683 1802 705 1839 et
726 1792 822 1840 fratrum

59 1855 189 1900 verecundie
212 1872 303 1914 parcens
324 1855 371 1915 ipse
392 1855 452 1900 solus
474 1856 497 1900 in
518 1856 628 1915 principio
650 1874 690 1916 pro
711 1859 823 1903 heleemo-

1 1924 3 1959 L
59 1917 118 1979 synis
135 1917 279 1963 discurrebat.
318 1918 403 1963 Videns
419 1928 493 1963 autem
511 1918 585 1980 plures
601 1920 742 1966 vocationem
760 1938 823 1967 suam

60 1997 104 2027 non
123 1981 197 2028 debite
218 1983 369 2038 attendenteS,
388 1982 456 2028 semel
477 1983 596 2047 aliquando
618 1983 689 2030 dixit:
712 1984 823 2031 karissimi

0 2040 4 2078 Ὺ
60 2044 147 2107 fratres:
161 2048 198 2093 dei
206 2048 264 2094 filius
276 2047 414 2107 nobiliorum
425 2048 489 2094 nobis
500 2059 553 2106 erat,
563 2049 601 2112 qui
612 2066 654 2110 pro
665 2050 729 2095 nobis
740 2068 763 2096 se
771 2051 825 2096 fecit

60 2126 177 2172 pauperem
189 2112 212 2157 in
222 2113 265 2158 hoc
279 2113 372 2158 mundo
405 2114 451 2157 Suo
467 2129 541 2158 amore
554 2115 613 2159 viam
630 2115 765 2174 paupertatis
781 2115 825 2160 ele-

1 2181 5 2236 j
60 2175 144 2234 gimus;
162 2192 208 2221 non
217 2177 324 2222 debemus
335 2175 444 2221 confundi
453 2193 494 2237 pro
502 2177 663 2237 heleemosynis
674 2179 718 2233 ire;
736 2180 825 2224 arrham

60 2238 144 2284 celestis
164 2240 294 2285 hereditatis
316 2238 443 2286 erubescere
465 2257 603 2303 nequaquam
621 2242 685 2303 regni
707 2243 826 2289 heredibus

1 2315 5 2364 s
60 2304 170 2351 convenit.
213 2305 273 2352 Dico
290 2304 361 2360 vobis,
379 2304 463 2351 multos
480 2304 565 2351 nobiles
583 2314 605 2351 et
624 2305 733 2368 sapientes
751 2317 826 2354 nostre

60 2369 226 2432 congregationi
237 2371 362 2432 iungendos
373 2371 411 2432 qui
422 2387 464 2431 pro
474 2371 559 2417 honore
570 2371 651 2416 ducent
661 2372 827 2436 heleemosynas

1 2453 8 2496 3
60 2435 189 2481 mendicare.
222 2436 269 2480 Vos
280 2434 356 2496 igitur,
368 2435 406 2495 qui
423 2436 475 2480 estis
491 2435 582 2481 illorum
598 2436 702 2495 primitie,
718 2438 823 2491 letamini,

61 2503 82 2538 et
103 2498 205 2557 gaudete,
225 2515 265 2543 nec
287 2497 386 2543 renuatis
405 2496 475 2543 facere
497 2516 541 2561 que
563 2499 642 2543 sanctis
661 2499 705 2545 illis
724 2500 825 2547 faciendo

61 2562 218 2608 transmictitis.

141 2686 143 2688 ’
197 2691 352 2741 Reprehensio
361 2690 437 2731 fratris
446 2691 575 2733 mendicare
584 2691 687 2736 nolentis.
829 2705 894 2749 [axx]

4 2834 10 2857 z,
103 2764 225 2849 ‘Dicebat
246 2813 297 2859 sepe
316 2796 393 2843 beatus
414 2797 568 2852 Francischus‚
591 2797 652 2858 quod
675 2815 740 2846 verus
758 2800 826 2847 frater

62 2857 134 2906 minor
151 2877 196 2907 non
212 2861 310 2909 multum
326 2872 383 2908 stare
399 2859 490 2907 deberet
506 2860 595 2925 qnando
609 2877 651 2924 pro
666 2861 826 2929 heleemosynis
