1919 3169
347 82 526 129 MIRACULA
768 97 793 147 rr
799 95 810 141 5

51 181 78 227 ad
98 182 228 245 sanguinem
247 180 408 244 extergendum
431 190 453 224 et
473 179 567 224 vulnera
588 176 713 239 colligenda
734 177 814 224 medici

50 246 175 295 laborantes
193 258 285 310 propter
304 247 362 292 ictus
381 243 516 306 multiplices
533 253 555 289 et
570 242 706 304 profundos
723 258 735 287 a
753 258 813 299 cura,

51 328 103 358 cum
119 313 175 359 nihil
192 312 332 375 proficerent,
349 309 490 356 destiterunt.
523 307 615 355 Stabant
627 306 706 353 fratres
717 306 814 353 minores

50 394 103 421 cum
124 377 216 422 medicis
238 376 295 420 circa
316 375 399 419 lectum
421 373 491 417 nimio
513 373 590 418 dolore
615 371 727 432 completi,
750 372 814 416 amici

50 441 135 499 exitum
153 440 304 502 prestolantes.
340 437 373 484 Et
389 452 436 483 ecce
453 452 557 499 campana
573 435 667 482 fratrum
679 435 776 498 pulsavit
787 435 815 480 ad

50 505 196 553 matutinum.
228 504 336 551 Audiens
351 518 408 548 uxor
427 501 486 549 illius
505 519 647 565 campanam,
673 500 815 564 gemebunda

51 573 120 617 currit
131 571 158 616 ad
169 571 251 615 lectum
265 587 269 615 :
296 570 334 613 Mi
345 568 444 623 domine,
456 568 543 631 inquid,
555 585 622 630 surge
633 568 746 623 velociter,
758 568 815 613 vade

51 635 78 680 ad
95 635 240 691 matutinum,
257 632 364 695 quoniam
376 641 416 676 tua
426 648 532 692 campana
543 642 565 676 te
576 642 648 677 vocat.
682 632 763 676 Statim
775 630 815 693 qui

51 698 109 743 mori
132 697 269 753 credebatur,
295 695 432 758 ingeminato
458 697 554 757 pectoris
576 712 699 753 murmure,
721 694 816 740 stridula

51 770 175 823 utcumque
192 761 259 807 verba
275 759 400 807 balbutiens
413 759 525 806 nitebatur
537 760 646 807 emittere.
680 760 712 806 Et
723 775 815 805 manum

50 827 140 871 elevans
156 836 233 879 contra
249 825 344 870 infixum
360 825 452 888 gucturi
468 825 576 887 gladium,
593 824 686 870 innuere
705 823 771 870 alicui
789 834 815 870 ut

50 890 115 935 illum
126 891 251 935 extraheret
261 889 386 936 videbatur.
421 889 524 934 Mirabile
538 900 601 935 certe.
636 889 730 935 Gladius
742 907 754 934 a
764 888 815 934 loco

51 953 125 998 subito
136 953 234 1010 avolans
243 952 372 999 videntibus
383 952 494 1008 omnibus,
503 969 576 1017 usque
587 953 615 997 ad
623 952 724 998 hostium
732 952 816 998 domus

52 1017 113 1081 quasi
129 1033 198 1064 manu
215 1017 308 1064 iactatus
325 1017 367 1064 viri
383 1017 533 1064 robustissimi
549 1018 668 1080 prosilivit.
702 1018 781 1064 Erexit
793 1034 815 1064 se

51 1084 121 1129 homo
131 1094 154 1128 et
165 1082 263 1144 perfecta
274 1084 368 1129 sanitate
376 1083 502 1140 incolumis,
510 1083 573 1145 quasi
582 1100 594 1128 a
603 1099 698 1145 sompno
706 1093 815 1145 surgeret,

52 1147 160 1201 mirabilia
170 1148 265 1193 Domini
276 1149 394 1193 enarravit.

98 1213 186 1256 Tantus
204 1228 301 1273 namque
320 1222 400 1272 stupor
419 1212 486 1257 corda
504 1212 608 1257 omnium
626 1212 773 1272 apprehendit
790 1221 816 1256 ut

51 1275 114 1339 quasi
130 1276 177 1321 sine
193 1285 269 1322 mente
286 1291 362 1322 omnes
379 1275 459 1333 effecti,
477 1292 522 1338 que
538 1275 622 1323 fiebant
637 1274 754 1323 fantastico
765 1276 816 1323 visu

51 1341 167 1386 crederent
185 1358 207 1385 se
221 1336 308 1386 ridere.
341 1341 380 1387 Ad
397 1341 440 1385 hoc
457 1339 493 1385 ille
510 1340 548 1404 qui
563 1340 636 1386 factus
647 1338 720 1385 fuerat
730 1356 815 1385 sanus:

52 1404 130 1451 Nolite
151 1404 238 1463 timere,
266 1405 352 1468 inquid,
379 1405 450 1451 nolite
478 1406 566 1451 credere
594 1406 657 1451 inane
684 1405 733 1451 fore
755 1405 816 1467 quod

52 1470 149 1526 cernitis,
169 1471 276 1530 quoniam
296 1479 387 1515 sanctus
406 1470 543 1523 Franciscus,
562 1470 598 1515 cui
614 1485 701 1529 semper
720 1469 816 1515 devotus

51 1531 91 1589 fui,
99 1532 169 1579 modo
180 1550 192 1578 a
202 1532 252 1579 loco
264 1532 354 1578 recessit
366 1542 388 1579 et
399 1549 435 1578 me
446 1532 533 1596 integre
541 1532 568 1579 ab
577 1532 639 1580 omni
648 1533 714 1597 plaga
722 1533 815 1579 curavit.

52 1597 159 1660 Stigmata
175 1598 214 1644 illa
229 1616 270 1645 sua
288 1598 433 1648 sacratissima
455 1600 510 1645 meis
526 1598 603 1662 ,plagis
624 1599 718 1662 singulis
739 1615 816 1660 super-

51 1664 133 1724 posuit,
150 1661 242 1709 illorum
259 1664 368 1709 suavitate
386 1674 465 1710 cuncta
479 1663 572 1710 vulnera
587 1664 708 1721 delinivit3
725 1664 816 1709 illorum

51 1737 162 1784 contactu,
185 1737 211 1772 ut
234 1727 330 1783 cernitis,
356 1728 469 1774 confracta
491 1728 567 1774 omnia
591 1728 683 1773 mirifice
704 1728 908 1787 solidavit.F01,44ยนโฐ

53 1792 114 1835 Dum
141 1791 202 1836 eninr
232 1791 394 1837 murmurantis
423 1791 519 1853 pectoris
548 1791 669 1838 audiebatis
699 1791 816 1853 impulsus,

52 1864 107 1900 tunc
128 1856 207 1901 ceteris
226 1857 298 1919 plagis
317 1873 369 1901 cum
389 1856 451 1901 omni
473 1856 581 1902 suavitate
599 1857 680 1902 sanatis
699 1856 817 1903 videbatur

52 1929 114 1980 pater
131 1920 390 1968 sanctissimusrdimisso
404 1921 427 1966 in
438 1931 532 1984 gutture
542 1921 618 1984 gladio
629 1922 686 1967 velle
697 1921 815 1968 discedere.

52 1984 94 2030 Cui
114 2002 183 2032 manu
203 1985 271 2031 debili
290 1984 418 2040 innuebant
437 1986 491 2048 quia
508 2003 554 2032 non
575 1986 676 2032 valebam
697 1986 769 2048 loqui,
792 1997 818 2031 ut

52 2048 152 2109 gladium
169 2050 301 2105 extraheret,
319 2049 398 2094 mortis
413 2050 551 2095 imminentis
562 2050 673 2111 singulare
684 2049 817 2110 periculum.

54 2112 130 2165 Quem
145 2115 221 2161 statim
237 2114 414 2177 apprehendens,
426 2123 452 2160 ut
467 2129 544 2160 omnes
558 2114 650 2172 vidistis,
664 2114 737 2162 valida
748 2132 817 2162 mann

52 2179 151 2239 proiecit.
184 2181 265 2243 Sicque
284 2190 310 2225 ut
329 2181 390 2243 prius
409 2180 552 2243 stigmatibus
571 2181 651 2226 sanctis
673 2181 817 2227 vulneratum

53 2253 133 2304 guctur
150 2245 280 2291 demulcens
296 2254 319 2289 et
335 2244 422 2303 liniens,
439 2245 470 2289 ita
486 2244 584 2307 perfecte
599 2245 691 2301 sanavit,
703 2255 729 2291 ut
739 2246 817 2291 eadem

52 2319 155 2368 appareat
176 2326 235 2366 caro,
257 2320 279 2355 et
304 2326 347 2371 que
369 2308 414 2354 fuit
435 2308 504 2355 incisa
525 2320 547 2355 et
569 2326 612 2371 que
631 2325 718 2370 semper
737 2310 818 2355 mansit

54 2370 143 2416 intacta.
185 2373 245 2424 Quis
262 2372 333 2434 igitur
352 2372 379 2418 ad
399 2373 440 2417 ista
460 2389 505 2417 non
525 2382 620 2432 stupeat,
640 2372 690 2434 quis
709 2373 772 2434 quod
792 2372 819 2418 de

54 2434 195 2496 stigmatibus
213 2436 347 2498 predicatur,
366 2435 425 2481 aliud
446 2453 514 2500 quarn
533 2447 607 2483 totum
626 2434 695 2481 fuisse
714 2437 819 2484 divinum

53 2500 180 2563 confingat?

89 2603 123 2647 De
136 2605 235 2650 dominio
248 2605 309 2658 quod
322 2605 402 2649 habuit
414 2617 484 2658 super
497 2606 606 2649 creaturis
618 2607 792 2650 insensibilibus.
822 2614 863 2656 [nJ]

324 2660 355 2699 Et
369 2660 440 2709 primo
454 2659 483 2698 de
496 2660 555 2709 igne.

100 2727 236 2820 mempore
257 2757 393 2804 infirmitatis
415 2756 533 2804 oculorum
559 2767 636 2805 coacto
657 2758 708 2806 viro
729 2759 772 2806 Dei
794 2771 820 2806 ut

56 2821 139 2867 mederi
151 2822 192 2869 sibi
204 2835 325 2885 pateretur,
337 2834 431 2871 vocatur
441 2823 469 2870 ad
480 2825 555 2870 locum
564 2825 695 2887 cirurgicus.
722 2826 819 2872 Veniens
