1919 3169
260 106 459 153 TRACTATUS
477 105 653 152 SECUNDUS
808 120 835 167 51

225 266 259 307 De
268 265 330 306 horis
339 265 454 306 canonicis
463 265 545 307 devote
554 264 681 307 reddendis.
840 280 959 325 [arxxerj

116 347 216 439 Rotas
230 381 346 428 canonicas
360 398 407 428 non
424 381 499 428 minus
515 382 641 440 timoratus,
655 398 722 446 quam
740 381 835 428 devotus

71 446 183 494 reddebat.
217 447 278 492 Nam
295 446 347 494 licet
364 446 489 503 oculorum,
501 448 616 506 stomachi,
628 447 710 509 splenis
723 457 745 493 et
758 446 833 509 epatis,

71 511 198 573 egritudine
214 511 331 567 laboraret,
348 511 438 556 nolebat
449 512 515 566 miro,
530 514 567 557 vel
581 513 668 574 parieti,
683 512 738 556 dum
750 511 834 572 spallet,

71 576 179 632 inherere,
201 575 240 621 sed
262 576 332 632 horas,
352 592 439 638 semper
459 587 545 622 erectus
566 587 588 623 et
609 576 655 623 sine
674 576 770 638 caputio,
790 591 836 621 non

72 641 185 703 girovagis
196 640 273 696 oculis,
283 657 329 686 non
340 657 391 687 cum
403 640 476 704 aliqua
486 641 583 703 sincopa‚
595 640 742 702 persolvebat.
776 639 836 685 Cum

72 722 111 767 per
130 705 243 751 mundum
262 705 329 767 pedes
347 704 401 763 ibat,
418 722 505 767 semper
522 706 550 752 ad
566 707 686 753 dicendum
705 707 771 752 horas
787 720 837 751 suas

71 786 173 832 gressum
189 769 287 831 figebat;
304 786 356 815 curn
374 786 428 815 vero
445 786 518 832 eques,
530 771 676 816 descendebat
693 770 721 815 ad
737 781 836 815 terram:

73 833 133 879 unde
154 849 205 879 cum
228 833 264 879 die
286 834 383 895 quadam
400 844 548 883 reverteretur
566 834 593 880 ab
611 834 675 881 Urbe
692 844 715 880 et
732 833 837 880 continue

71 899 165 962 plueret,
185 897 213 944 ad
234 898 355 945 dicendum
376 899 480 956 officium,
498 899 526 946 de
542 916 600 963 equo
619 898 734 945 descendit
752 898 837 962 diuque

73 974 140 1020 stans,
150 974 212 1010 totus
220 963 280 1009 fuit
275 979 298 1008 nr
309 963 385 1025 pluvia
396 964 431 1009 bal
432 974 522 1019 neatus3
534 964 622 1010 dicebat
632 964 693 1010 enim
701 964 836 1037 aliquando

72 1029 94 1073 Si
111 1028 187 1090 quiete
204 1044 285 1089 corpus
303 1028 401 1073 comedit
417 1028 493 1074 cibum
511 1044 577 1073 suum
596 1027 700 1074 futurum
719 1044 770 1073 cum
789 1028 838 1100 ipso

74 1092 185 1138 vermium
196 1108 251 1150 esca,
263 1108 314 1137 cum
325 1102 408 1156 quanta
420 1109 473 1165 pace
484 1103 507 1139 et
518 1092 678 1157 tranquillitate
689 1091 755 1139 debet
766 1093 839 1137 anima

73 1157 149 1202 cibum
161 1156 198 1220 qui
210 1167 243 1203 est
254 1158 318 1202 Deus
329 1174 390 1215 suus,
401 1158 512 1219 accipere.

169 1302 280 1356 [Qualiter
289 1315 357 1346 orans
366 1302 473 1355 abigebat
483 1303 644 1354 phantasmata
655 1301 744 1355 cordis]
843 1313 960 1354 [n-ixxvu

122 1388 249 1472 (miranter
259 1437 281 1466 se
292 1420 384 1482 putabat
392 1420 513 1478 offendere,
520 1421 538 1465 si
545 1421 635 1483 quando
644 1421 738 1466 orationi
750 1420 840 1466 deditus

75 1484 136 1529 vanis
147 1485 337 1546 phantasmatibus
345 1495 481 1530 moveretur.
515 1486 573 1529 Cum
581 1486 664 1546 aliquid
672 1485 715 1529 tale
723 1485 838 1538 incideret,

74 1565 121 1595 non
147 1548 250 1611 parcebat
275 1548 415 1607 confessioni,
440 1549 494 1612 quin
519 1548 577 1595 illud
601 1549 704 1611 protinus
731 1548 835 1611 expiaret.

76 1614 131 1661 Hoc
150 1614 252 1661 studium
268 1614 299 1660 sic
320 1614 344 1660 in
361 1631 427 1660 usum
443 1623 549 1671 verterat,
567 1624 593 1660 ut
610 1614 720 1660 rarissime
737 1614 840 1660 muschas

75 1679 230 1726 huiuscemodi
246 1689 367 1741 pateretur.
401 1680 491 1725 Fecerat
502 1679 597 1742 quadam
613 1680 781 1742 quadragesima
792 1696 841 1726 vas-

77 1746 153 1789 culum
169 1744 290 1807 quoddam,
307 1744 363 1788 circa
379 1743 440 1805 quod
457 1744 562 1787 minutias
578 1744 692 1804 temporis,
709 1760 736 1788 ne
753 1744 842 1804 penitus

76 1807 195 1864 excideret,
217 1808 371 1869 applicaverat.
412 1807 517 1858 Quadam
544 1823 598 1869 ergo
620 1808 663 1864 die,
681 1824 732 1853 cum
754 1808 934 1855 tertiamFol.18²⁰

76 1872 174 1919 devotus
190 1872 281 1927 diceret,
293 1872 363 1918 oculis
379 1871 493 1917 casualiter
510 1871 592 1935 illapsis
608 1871 631 1917 in
643 1872 842 1919 considerationem

76 1938 141 2012 vasis,
150 1938 261 2000 impetum
268 1938 336 1983 sensit
343 1938 471 1982 interiorem
478 1938 593 1983 hominem
605 1953 617 1982 a
627 1936 722 1984 fervore.
756 1938 844 1983 Dolens

76 2002 147 2064 igitur
155 2003 303 2063 interruptam
314 2017 392 2047 vocem
401 2001 474 2046 cordis
485 2003 513 2047 ad
524 2019 587 2047 aures
598 2002 692 2058 divinas,
698 2003 765 2047 tertia
773 2003 842 2057 finita,

77 2066 134 2112 dixit
156 2066 298 2112 audientibus
319 2064 442 2110 fratribus:
465 2065 514 2111 Hei
536 2066 681 2127 nugatorium
701 2082 765 2128 opus,
782 2065 843 2129 quod

77 2140 166 2177 tantum
183 2131 205 2177 in
223 2146 259 2177 me
269 2127 386 2188 valuit
359 2139 386 2176 ut
397 2145 420 2176 1n
432 2145 454 2175 se
470 2130 572 2177 animum
588 2129 739 2194 detorqueret
773 2130 843 2177 Sacri-

77 2196 148 2242 ficabo
158 2196 214 2242 illud
226 2195 326 2250 domino,
339 2195 401 2241 cuius
410 2196 542 2242 sacrificium
551 2196 675 2259 impedivit.
708 2195 793 2242 Hiisdi
786 2196 843 2252 ictis,

77 2261 170 2323 arripuit
181 2261 298 2308 vasculum
309 2270 331 2305 et
343 2260 475 2307 comflavit
470 2277 494 2305 111
506 2262 563 2322 igne.
597 2262 684 2306 Pudeat
686 2261 791 2334 ‚inquid,
803 2276 844 2306 nos

77 2325 101 2370 in
127 2325 256 2387 vagationes
283 2324 410 2386 nugatorias
437 2325 512 2386 arripi,
534 2341 594 2382 cum,
611 2335 711 2387 tempore
733 2324 844 2371 orationes

77 2405 184 2452 magnum
199 2405 275 2452 regem
291 2387 433 2451 alloquimur.

336 2534 370 2575 De
384 2533 467 2576 mentis
480 2545 584 2577 excessu·
847 2556 950 2599 [1111111]

128 2620 332 2715 Suspendebatur
343 2649 475 2697 multotiens
490 2661 552 2698 tanta
564 2648 758 2713 contemplationis
768 2651 844 2698 dulce-

80 2719 140 2775 dine,
160 2728 185 2765 ut
204 2733 272 2779 supra
292 2716 436 2778 semetipsum
457 2727 534 2779 raptus
555 2716 617 2781 quod
639 2717 696 2762 ultra
717 2716 843 2763 humanum

80 2782 325 2845 sensumexpiebatur,
347 2781 431 2828 nemini
453 2782 567 2830 revelaret.
607 2781 651 2827 Per
672 2797 744 2828 unum
761 2792 842 2839 tamen,

81 2849 141 2912 quod
174 2848 242 2895 semel
276 2848 383 2903 innotuit,
416 2846 482 2894 claret
512 2849 584 2904 nobis,
616 2863 684 2909 quam
716 2847 844 2909 frequenter
