<?xml version="1.0" encoding="UTF-8"?>
<!DOCTYPE html PUBLIC "-//W3C//DTD XHTML 1.0 Transitional//EN"
    "http://www.w3.org/TR/xhtml1/DTD/xhtml1-transitional.dtd">
<html xmlns="http://www.w3.org/1999/xhtml" xml:lang="en" lang="en">
 <head>
  <title>
</title>
<meta http-equiv="Content-Type" content="text/html;charset=utf-8" />
  <meta name='ocr-system' content='tesseract 3.04.00' />
  <meta name='ocr-capabilities' content='ocr_page ocr_carea ocr_par ocr_line ocrx_word'/>
</head>
<body>
  <div class='ocr_page' id='page_1' title='image "./MN5146ucmf_4_0127.png"; bbox 0 0 1919 3169; ppageno 0'>
   <div class='ocr_carea' id='block_1_1' title="bbox 248 73 797 134">
    <p class='ocr_par' dir='ltr' id='par_1_1' title="bbox 248 73 797 134">
     <span class='ocr_line' id='line_1_1' title="bbox 248 73 797 134; baseline 0.002 -15"><span class='ocrx_word' id='word_1_1' title='bbox 248 73 409 129; x_wconf 87' lang='lat' dir='ltr'>LEGENDA</span> <span class='ocrx_word' id='word_1_2' title='bbox 426 74 586 120; x_wconf 90' lang='lat' dir='ltr'><strong>GREGORII</strong></span> <span class='ocrx_word' id='word_1_3' title='bbox 769 87 797 134; x_wconf 79' lang='lat'>75</span> 
     </span>
    </p>
   </div>
   <div class='ocr_carea' id='block_1_2' title="bbox 31 169 800 2349">
    <p class='ocr_par' dir='ltr' id='par_1_2' title="bbox 32 169 800 1699">
     <span class='ocr_line' id='line_1_2' title="bbox 36 169 799 232; baseline 0.004 -22"><span class='ocrx_word' id='word_1_4' title='bbox 36 184 83 227; x_wconf 92' lang='lat' dir='ltr'>quo</span> <span class='ocrx_word' id='word_1_5' title='bbox 93 169 192 226; x_wconf 91' lang='lat' dir='ltr'>positum</span> <span class='ocrx_word' id='word_1_6' title='bbox 203 180 243 225; x_wconf 87' lang='lat' dir='ltr'>est,</span> <span class='ocrx_word' id='word_1_7' title='bbox 253 171 355 214; x_wconf 81' lang='lat' dir='ltr'>alverna³</span> <span class='ocrx_word' id='word_1_8' title='bbox 364 171 502 227; x_wconf 83' lang='lat' dir='ltr'>nominatur,</span> <span class='ocrx_word' id='word_1_9' title='bbox 509 171 597 216; x_wconf 91' lang='lat' dir='ltr'>duobus</span> <span class='ocrx_word' id='word_1_10' title='bbox 607 172 671 215; x_wconf 89' lang='lat' dir='ltr'>annis</span> <span class='ocrx_word' id='word_1_11' title='bbox 681 181 799 232; x_wconf 80' lang='lat' dir='ltr'>antequam</span> 
     </span>
     <span class='ocr_line' id='line_1_3' title="bbox 36 229 799 289; baseline 0.003 -12"><span class='ocrx_word' id='word_1_12' title='bbox 36 229 133 277; x_wconf 88' lang='lat' dir='ltr'>animam</span> <span class='ocrx_word' id='word_1_13' title='bbox 149 232 251 280; x_wconf 90' lang='lat' dir='ltr'>redderet</span> <span class='ocrx_word' id='word_1_14' title='bbox 272 231 327 289; x_wconf 87' lang='lat' dir='ltr'>celo,</span> <span class='ocrx_word' id='word_1_15' title='bbox 344 233 402 280; x_wconf 92' lang='lat' dir='ltr'>vidit</span> <span class='ocrx_word' id='word_1_16' title='bbox 424 233 447 280; x_wconf 92' lang='lat' dir='ltr'>in</span> <span class='ocrx_word' id='word_1_17' title='bbox 469 233 554 282; x_wconf 85' lang='lat' dir='ltr'>visione</span> <span class='ocrx_word' id='word_1_18' title='bbox 576 234 612 282; x_wconf 90' lang='lat' dir='ltr'>dei</span> <span class='ocrx_word' id='word_1_19' title='bbox 628 235 703 281; x_wconf 92' lang='lat' dir='ltr'>virum</span> <span class='ocrx_word' id='word_1_20' title='bbox 720 249 799 288; x_wconf 86' lang='lat' dir='ltr'>unum,</span> 
     </span>
     <span class='ocr_line' id='line_1_4' title="bbox 37 295 800 362; baseline 0.004 -22"><span class='ocrx_word' id='word_1_21' title='bbox 37 295 99 356; x_wconf 83' lang='lat' dir='ltr'>quasi</span> <span class='ocrx_word' id='word_1_22' title='bbox 107 297 218 359; x_wconf 83' lang='lat' dir='ltr'>seraphim</span> <span class='ocrx_word' id='word_1_23' title='bbox 231 314 268 344; x_wconf 89' lang='lat' dir='ltr'>sex</span> <span class='ocrx_word' id='word_1_24' title='bbox 279 298 323 344; x_wconf 90' lang='lat' dir='ltr'>alas</span> <span class='ocrx_word' id='word_1_25' title='bbox 334 296 461 354; x_wconf 80' lang='lat' dir='ltr'><strong>habentem,</strong></span> <span class='ocrx_word' id='word_1_26' title='bbox 473 308 569 346; x_wconf 88' lang='lat' dir='ltr'>stantem</span> <span class='ocrx_word' id='word_1_27' title='bbox 581 316 647 362; x_wconf 92' lang='lat' dir='ltr'>super</span> <span class='ocrx_word' id='word_1_28' title='bbox 658 316 688 358; x_wconf 85' lang='lat' dir='ltr'>se,</span> <span class='ocrx_word' id='word_1_29' title='bbox 697 297 800 345; x_wconf 89' lang='lat' dir='ltr'>manibus</span> 
     </span>
     <span class='ocr_line' id='line_1_5' title="bbox 36 362 800 424; baseline 0.005 -20"><span class='ocrx_word' id='word_1_30' title='bbox 36 362 132 407; x_wconf 78' lang='lat' dir='ltr'>extensis</span> <span class='ocrx_word' id='word_1_31' title='bbox 148 379 172 408; x_wconf 91' lang='lat' dir='ltr'>ac</span> <span class='ocrx_word' id='word_1_32' title='bbox 189 363 284 424; x_wconf 89' lang='lat' dir='ltr'>pedibus</span> <span class='ocrx_word' id='word_1_33' title='bbox 300 363 425 409; x_wconf 89' lang='lat' dir='ltr'>coniunctis</span> <span class='ocrx_word' id='word_1_34' title='bbox 442 365 501 410; x_wconf 85' lang='lat' dir='ltr'>cruci</span> <span class='ocrx_word' id='word_1_35' title='bbox 515 364 612 422; x_wconf 86' lang='lat' dir='ltr'>affixum,</span> <span class='ocrx_word' id='word_1_36' title='bbox 624 365 668 411; x_wconf 92' lang='lat' dir='ltr'>due</span> <span class='ocrx_word' id='word_1_37' title='bbox 685 362 717 410; x_wconf 91' lang='lat' dir='ltr'>ale</span> <span class='ocrx_word' id='word_1_38' title='bbox 732 379 800 424; x_wconf 87' lang='lat' dir='ltr'>super</span> 
     </span>
     <span class='ocr_line' id='line_1_6' title="bbox 36 427 799 486; baseline 0.004 -18"><span class='ocrx_word' id='word_1_39' title='bbox 36 435 102 484; x_wconf 90' lang='lat' dir='ltr'>caput</span> <span class='ocrx_word' id='word_1_40' title='bbox 113 427 263 486; x_wconf 83' lang='lat' dir='ltr'>elevabantur,</span> <span class='ocrx_word' id='word_1_41' title='bbox 274 428 333 475; x_wconf 58' lang='lat' dir='ltr'>dues</span> <span class='ocrx_word' id='word_1_42' title='bbox 349 428 377 473; x_wconf 89' lang='lat' dir='ltr'>ad</span> <span class='ocrx_word' id='word_1_43' title='bbox 394 427 517 474; x_wconf 85' lang='lat' dir='ltr'>volandum</span> <span class='ocrx_word' id='word_1_44' title='bbox 531 428 713 474; x_wconf 79' lang='lat' dir='ltr'>extendebantur.</span> <span class='ocrx_word' id='word_1_45' title='bbox 747 429 799 472; x_wconf 92' lang='lat' dir='ltr'>Due</span> 
     </span>
     <span class='ocr_line' id='line_1_7' title="bbox 37 488 799 555; baseline 0.005 -24"><span class='ocrx_word' id='word_1_46' title='bbox 37 488 135 550; x_wconf 89' lang='lat' dir='ltr'>denique</span> <span class='ocrx_word' id='word_1_47' title='bbox 156 500 231 537; x_wconf 90' lang='lat' dir='ltr'>totum</span> <span class='ocrx_word' id='word_1_48' title='bbox 257 491 376 537; x_wconf 86' lang='lat' dir='ltr'>velabant⁵</span> <span class='ocrx_word' id='word_1_49' title='bbox 405 507 490 553; x_wconf 79' lang='lat' dir='ltr'>corpus,</span> <span class='ocrx_word' id='word_1_50' title='bbox 526 493 630 555; x_wconf 89' lang='lat' dir='ltr'>Cumque</span> <span class='ocrx_word' id='word_1_51' title='bbox 651 492 693 538; x_wconf 91' lang='lat' dir='ltr'>ista</span> <span class='ocrx_word' id='word_1_52' title='bbox 713 491 799 537; x_wconf 86' lang='lat' dir='ltr'>videret</span> 
     </span>
     <span class='ocr_line' id='line_1_8' title="bbox 35 551 799 617; baseline 0.004 -21"><span class='ocrx_word' id='word_1_53' title='bbox 35 551 112 598; x_wconf 89' lang='lat' dir='ltr'>beatus</span> <span class='ocrx_word' id='word_1_54' title='bbox 128 570 205 601; x_wconf 89' lang='lat' dir='ltr'>servus</span> <span class='ocrx_word' id='word_1_55' title='bbox 222 554 329 611; x_wconf 79' lang='lat' dir='ltr'>altissimi,</span> <span class='ocrx_word' id='word_1_56' title='bbox 346 554 492 601; x_wconf 82' lang='lat' dir='ltr'>admiratione</span> <span class='ocrx_word' id='word_1_57' title='bbox 509 557 646 617; x_wconf 85' lang='lat' dir='ltr'>permaxima</span> <span class='ocrx_word' id='word_1_58' title='bbox 663 555 799 617; x_wconf 86' lang='lat' dir='ltr'>replebatur,</span> 
     </span>
     <span class='ocr_line' id='line_1_9' title="bbox 35 616 798 680; baseline 0.003 -18"><span class='ocrx_word' id='word_1_59' title='bbox 35 616 74 663; x_wconf 90' lang='lat' dir='ltr'>sed</span> <span class='ocrx_word' id='word_1_60' title='bbox 83 617 138 680; x_wconf 91' lang='lat' dir='ltr'>quid</span> <span class='ocrx_word' id='word_1_61' title='bbox 151 618 192 664; x_wconf 89' lang='lat' dir='ltr'>sibi</span> <span class='ocrx_word' id='word_1_62' title='bbox 204 618 272 666; x_wconf 91' lang='lat' dir='ltr'>vellet</span> <span class='ocrx_word' id='word_1_63' title='bbox 283 620 324 665; x_wconf 88' lang='lat' dir='ltr'>hec</span> <span class='ocrx_word' id='word_1_64' title='bbox 335 620 397 676; x_wconf 88' lang='lat' dir='ltr'>visio,</span> <span class='ocrx_word' id='word_1_65' title='bbox 407 620 521 666; x_wconf 90' lang='lat' dir='ltr'>advertere</span> <span class='ocrx_word' id='word_1_66' title='bbox 532 621 648 667; x_wconf 87' lang='lat' dir='ltr'>nesciebat.</span> <span class='ocrx_word' id='word_1_67' title='bbox 681 619 798 666; x_wconf 86' lang='lat' dir='ltr'>Gaudebat</span> 
     </span>
     <span class='ocr_line' id='line_1_10' title="bbox 36 683 799 747; baseline 0.001 -19"><span class='ocrx_word' id='word_1_68' title='bbox 36 699 127 746; x_wconf 90' lang='lat' dir='ltr'>quoque</span> <span class='ocrx_word' id='word_1_69' title='bbox 143 683 268 745; x_wconf 87' lang='lat' dir='ltr'>plurimum</span> <span class='ocrx_word' id='word_1_70' title='bbox 284 695 307 730; x_wconf 91' lang='lat' dir='ltr'>et</span> <span class='ocrx_word' id='word_1_71' title='bbox 323 685 477 731; x_wconf 89' lang='lat' dir='ltr'>vehementius</span> <span class='ocrx_word' id='word_1_72' title='bbox 488 686 611 732; x_wconf 84' lang='lat' dir='ltr'>letabatur⁶</span> <span class='ocrx_word' id='word_1_73' title='bbox 622 687 645 731; x_wconf 92' lang='lat' dir='ltr'>in</span> <span class='ocrx_word' id='word_1_74' title='bbox 662 685 760 747; x_wconf 83' lang='lat' dir='ltr'>benigno</span> <span class='ocrx_word' id='word_1_75' title='bbox 776 695 799 730; x_wconf 90' lang='lat' dir='ltr'>et</span> 
     </span>
     <span class='ocr_line' id='line_1_11' title="bbox 34 747 798 813; baseline 0.003 -20"><span class='ocrx_word' id='word_1_76' title='bbox 34 747 133 809; x_wconf 84' lang='lat' dir='ltr'>gratioso</span> <span class='ocrx_word' id='word_1_77' title='bbox 143 759 253 812; x_wconf 90' lang='lat' dir='ltr'>respectu,</span> <span class='ocrx_word' id='word_1_78' title='bbox 265 766 310 813; x_wconf 94' lang='lat' dir='ltr'>quo</span> <span class='ocrx_word' id='word_1_79' title='bbox 326 767 338 795; x_wconf 92' lang='lat' dir='ltr'>a</span> <span class='ocrx_word' id='word_1_80' title='bbox 355 750 466 812; x_wconf 87' lang='lat' dir='ltr'>seraphim</span> <span class='ocrx_word' id='word_1_81' title='bbox 483 751 580 813; x_wconf 90' lang='lat' dir='ltr'>conspici</span> <span class='ocrx_word' id='word_1_82' title='bbox 594 767 616 796; x_wconf 92' lang='lat' dir='ltr'>se</span> <span class='ocrx_word' id='word_1_83' title='bbox 627 750 724 808; x_wconf 81' lang='lat' dir='ltr'>videbat,</span> <span class='ocrx_word' id='word_1_84' title='bbox 736 749 798 796; x_wconf 87' lang='lat' dir='ltr'>cuius</span> 
     </span>
     <span class='ocr_line' id='line_1_12' title="bbox 35 811 798 874; baseline 0.001 -18"><span class='ocrx_word' id='word_1_85' title='bbox 35 811 181 871; x_wconf 85' lang='lat' dir='ltr'>pulchritudo</span> <span class='ocrx_word' id='word_1_86' title='bbox 203 814 357 858; x_wconf 88' lang='lat' dir='ltr'>inestimabilis</span> <span class='ocrx_word' id='word_1_87' title='bbox 377 826 423 859; x_wconf 87' lang='lat' dir='ltr'>erat</span> <span class='ocrx_word' id='word_1_88' title='bbox 445 816 518 870; x_wconf 90' lang='lat' dir='ltr'>nimis,</span> <span class='ocrx_word' id='word_1_89' title='bbox 535 817 574 860; x_wconf 88' lang='lat' dir='ltr'>sed</span> <span class='ocrx_word' id='word_1_90' title='bbox 596 816 689 859; x_wconf 91' lang='lat' dir='ltr'>omnino</span> <span class='ocrx_word' id='word_1_91' title='bbox 710 815 798 874; x_wconf 87' lang='lat' dir='ltr'>ipsum⁷</span> 
     </span>
     <span class='ocr_line' id='line_1_13' title="bbox 36 876 798 940; baseline 0.004 -19"><span class='ocrx_word' id='word_1_92' title='bbox 36 876 107 923; x_wconf 91' lang='lat' dir='ltr'>crucis</span> <span class='ocrx_word' id='word_1_93' title='bbox 118 876 192 925; x_wconf 88' lang='lat' dir='ltr'>affixio</span> <span class='ocrx_word' id='word_1_94' title='bbox 208 887 231 925; x_wconf 88' lang='lat' dir='ltr'>et</span> <span class='ocrx_word' id='word_1_95' title='bbox 242 878 350 938; x_wconf 89' lang='lat' dir='ltr'>passionis</span> <span class='ocrx_word' id='word_1_96' title='bbox 360 876 420 926; x_wconf 89' lang='lat' dir='ltr'>illius</span> <span class='ocrx_word' id='word_1_97' title='bbox 433 878 539 926; x_wconf 87' lang='lat' dir='ltr'>acerbitas</span> <span class='ocrx_word' id='word_1_98' title='bbox 551 879 683 926; x_wconf 87' lang='lat' dir='ltr'>deterrebat.</span> <span class='ocrx_word' id='word_1_99' title='bbox 717 877 798 940; x_wconf 80' lang='lat' dir='ltr'>Sitque</span> 
     </span>
     <span class='ocr_line' id='line_1_14' title="bbox 36 940 798 1006; baseline 0.004 -22"><span class='ocrx_word' id='word_1_100' title='bbox 36 940 138 999; x_wconf 81' lang='lat' dir='ltr'>surrexit,</span> <span class='ocrx_word' id='word_1_101' title='bbox 151 952 177 987; x_wconf 92' lang='lat' dir='ltr'>ut</span> <span class='ocrx_word' id='word_1_102' title='bbox 193 942 224 988; x_wconf 90' lang='lat' dir='ltr'>ita</span> <span class='ocrx_word' id='word_1_103' title='bbox 240 942 335 1001; x_wconf 84' lang='lat' dir='ltr'>dicatur,</span> <span class='ocrx_word' id='word_1_104' title='bbox 346 943 416 988; x_wconf 91' lang='lat' dir='ltr'>tristis</span> <span class='ocrx_word' id='word_1_105' title='bbox 427 954 449 989; x_wconf 93' lang='lat' dir='ltr'>et</span> <span class='ocrx_word' id='word_1_106' title='bbox 463 943 522 989; x_wconf 89' lang='lat' dir='ltr'>letus</span> <span class='ocrx_word' id='word_1_107' title='bbox 539 944 575 990; x_wconf 71' lang='lat' dir='ltr'>etB</span> <span class='ocrx_word' id='word_1_108' title='bbox 586 944 696 1006; x_wconf 88' lang='lat' dir='ltr'>gaudium</span> <span class='ocrx_word' id='word_1_109' title='bbox 708 960 714 999; x_wconf 92' lang='lat'>;</span> <span class='ocrx_word' id='word_1_110' title='bbox 730 952 798 1005; x_wconf 90' lang='lat' dir='ltr'>atque</span> 
     </span>
     <span class='ocr_line' id='line_1_15' title="bbox 35 1006 798 1071; baseline 0.003 -21"><span class='ocrx_word' id='word_1_111' title='bbox 35 1020 109 1050; x_wconf 91' lang='lat' dir='ltr'>meror</span> <span class='ocrx_word' id='word_1_112' title='bbox 119 1022 170 1052; x_wconf 91' lang='lat' dir='ltr'>suas</span> <span class='ocrx_word' id='word_1_113' title='bbox 187 1007 210 1052; x_wconf 92' lang='lat' dir='ltr'>in</span> <span class='ocrx_word' id='word_1_114' title='bbox 227 1006 276 1068; x_wconf 90' lang='lat' dir='ltr'>ipso</span> <span class='ocrx_word' id='word_1_115' title='bbox 293 1007 445 1054; x_wconf 82' lang='lat' dir='ltr'>alternabant⁹</span> <span class='ocrx_word' id='word_1_116' title='bbox 462 1008 526 1054; x_wconf 88' lang='lat' dir='ltr'>vices.</span> <span class='ocrx_word' id='word_1_117' title='bbox 560 1008 681 1071; x_wconf 81' lang='lat' dir='ltr'>Cogitabat</span> <span class='ocrx_word' id='word_1_118' title='bbox 691 1006 798 1054; x_wconf 89' lang='lat' dir='ltr'>sollicitus</span> 
     </span>
     <span class='ocr_line' id='line_1_16' title="bbox 35 1070 798 1135; baseline 0.001 -20"><span class='ocrx_word' id='word_1_119' title='bbox 35 1070 90 1131; x_wconf 91' lang='lat' dir='ltr'>quid</span> <span class='ocrx_word' id='word_1_120' title='bbox 112 1081 187 1131; x_wconf 92' lang='lat' dir='ltr'>posset</span> <span class='ocrx_word' id='word_1_121' title='bbox 208 1072 249 1117; x_wconf 89' lang='lat' dir='ltr'>hec</span> <span class='ocrx_word' id='word_1_122' title='bbox 268 1072 325 1117; x_wconf 90' lang='lat' dir='ltr'>visio</span> <span class='ocrx_word' id='word_1_123' title='bbox 344 1073 459 1135; x_wconf 84' lang='lat' dir='ltr'>designare</span> <span class='ocrx_word' id='word_1_124' title='bbox 476 1083 499 1118; x_wconf 91' lang='lat' dir='ltr'>et</span> <span class='ocrx_word' id='word_1_125' title='bbox 520 1074 548 1119; x_wconf 89' lang='lat' dir='ltr'>ad</span> <span class='ocrx_word' id='word_1_126' title='bbox 570 1074 704 1135; x_wconf 88' lang='lat' dir='ltr'>capiendum</span> <span class='ocrx_word' id='word_1_127' title='bbox 725 1089 752 1117; x_wconf 88' lang='lat' dir='ltr'>ex</span> <span class='ocrx_word' id='word_1_128' title='bbox 773 1088 798 1116; x_wconf 92' lang='lat' dir='ltr'>ea</span> 
     </span>
     <span class='ocr_line' id='line_1_17' title="bbox 35 1133 799 1198; baseline 0.003 -19"><span class='ocrx_word' id='word_1_129' title='bbox 35 1133 182 1195; x_wconf 81' lang='lat' dir='ltr'>intelligentie</span> <span class='ocrx_word' id='word_1_130' title='bbox 203 1153 294 1181; x_wconf 92' lang='lat' dir='ltr'>sensum</span> <span class='ocrx_word' id='word_1_131' title='bbox 320 1136 449 1182; x_wconf 82' lang='lat' dir='ltr'>anxiabatur</span> <span class='ocrx_word' id='word_1_132' title='bbox 470 1137 594 1197; x_wconf 90' lang='lat' dir='ltr'>plurimum</span> <span class='ocrx_word' id='word_1_133' title='bbox 615 1138 706 1198; x_wconf 89' lang='lat' dir='ltr'>spiritus</span> <span class='ocrx_word' id='word_1_134' title='bbox 727 1136 799 1181; x_wconf 85' lang='lat' dir='ltr'>eius.¹0</span> 
     </span>
     <span class='ocr_line' id='line_1_18' title="bbox 36 1197 798 1265; baseline 0.005 -23"><span class='ocrx_word' id='word_1_135' title='bbox 36 1197 140 1262; x_wconf 88' lang='lat' dir='ltr'>Cumque</span> <span class='ocrx_word' id='word_1_136' title='bbox 151 1198 239 1262; x_wconf 88' lang='lat' dir='ltr'>liquido</span> <span class='ocrx_word' id='word_1_137' title='bbox 256 1215 283 1244; x_wconf 90' lang='lat' dir='ltr'>ex</span> <span class='ocrx_word' id='word_1_138' title='bbox 302 1216 326 1245; x_wconf 90' lang='lat' dir='ltr'>ea</span> <span class='ocrx_word' id='word_1_139' title='bbox 345 1200 460 1246; x_wconf 88' lang='lat' dir='ltr'>intellectu</span> <span class='ocrx_word' id='word_1_140' title='bbox 477 1200 560 1265; x_wconf 89' lang='lat' dir='ltr'>aliquid</span> <span class='ocrx_word' id='word_1_141' title='bbox 577 1218 623 1247; x_wconf 94' lang='lat' dir='ltr'>non</span> <span class='ocrx_word' id='word_1_142' title='bbox 635 1201 759 1264; x_wconf 82' lang='lat' dir='ltr'>perciperet</span> <span class='ocrx_word' id='word_1_143' title='bbox 775 1209 798 1246; x_wconf 91' lang='lat' dir='ltr'>et</span> 
     </span>
     <span class='ocr_line' id='line_1_19' title="bbox 34 1264 797 1323; baseline 0.003 -14"><span class='ocrx_word' id='word_1_144' title='bbox 34 1264 134 1309; x_wconf 89' lang='lat' dir='ltr'>multum</span> <span class='ocrx_word' id='word_1_145' title='bbox 161 1266 209 1310; x_wconf 89' lang='lat' dir='ltr'>eius</span> <span class='ocrx_word' id='word_1_146' title='bbox 244 1265 307 1311; x_wconf 88' lang='lat' dir='ltr'>cordi</span> <span class='ocrx_word' id='word_1_147' title='bbox 341 1266 433 1311; x_wconf 90' lang='lat' dir='ltr'>visionis</span> <span class='ocrx_word' id='word_1_148' title='bbox 464 1266 531 1311; x_wconf 91' lang='lat' dir='ltr'>huius</span> <span class='ocrx_word' id='word_1_149' title='bbox 563 1267 652 1313; x_wconf 87' lang='lat' dir='ltr'>novitas</span> <span class='ocrx_word' id='word_1_150' title='bbox 684 1265 797 1323; x_wconf 86' lang='lat' dir='ltr'>insideret,</span> 
     </span>
     <span class='ocr_line' id='line_1_20' title="bbox 35 1328 798 1393; baseline 0.003 -21"><span class='ocrx_word' id='word_1_151' title='bbox 35 1338 142 1389; x_wconf 89' lang='lat' dir='ltr'>ceperunt</span> <span class='ocrx_word' id='word_1_152' title='bbox 170 1329 194 1374; x_wconf 93' lang='lat' dir='ltr'>in</span> <span class='ocrx_word' id='word_1_153' title='bbox 222 1328 326 1374; x_wconf 89' lang='lat' dir='ltr'>manibus</span> <span class='ocrx_word' id='word_1_154' title='bbox 348 1330 401 1375; x_wconf 84' lang='lat' dir='ltr'>eius</span> <span class='ocrx_word' id='word_1_155' title='bbox 430 1340 453 1375; x_wconf 87' lang='lat' dir='ltr'>et</span> <span class='ocrx_word' id='word_1_156' title='bbox 482 1329 578 1392; x_wconf 91' lang='lat' dir='ltr'>pedibus</span> <span class='ocrx_word' id='word_1_157' title='bbox 604 1347 708 1393; x_wconf 88' lang='lat' dir='ltr'>apparere</span> <span class='ocrx_word' id='word_1_158' title='bbox 735 1330 798 1392; x_wconf 81' lang='lat' dir='ltr'>signa</span> 
     </span>
     <span class='ocr_line' id='line_1_21' title="bbox 34 1392 797 1455; baseline 0.003 -19"><span class='ocrx_word' id='word_1_159' title='bbox 34 1392 156 1449; x_wconf 90' lang='lat' dir='ltr'>clavorum,</span> <span class='ocrx_word' id='word_1_160' title='bbox 168 1393 361 1454; x_wconf 89' lang='lat' dir='ltr'>quemadmodum</span> <span class='ocrx_word' id='word_1_161' title='bbox 372 1393 440 1455; x_wconf 90' lang='lat' dir='ltr'>paulo</span> <span class='ocrx_word' id='word_1_162' title='bbox 451 1404 501 1439; x_wconf 90' lang='lat' dir='ltr'>ante</span> <span class='ocrx_word' id='word_1_163' title='bbox 512 1395 587 1439; x_wconf 90' lang='lat' dir='ltr'>virum</span> <span class='ocrx_word' id='word_1_164' title='bbox 599 1411 666 1455; x_wconf 88' lang='lat' dir='ltr'>supra</span> <span class='ocrx_word' id='word_1_165' title='bbox 677 1411 699 1439; x_wconf 90' lang='lat' dir='ltr'>se</span> <span class='ocrx_word' id='word_1_166' title='bbox 711 1394 797 1438; x_wconf 90' lang='lat' dir='ltr'>viderat</span> 
     </span>
     <span class='ocr_line' id='line_1_22' title="bbox 34 1455 797 1519; baseline 0.004 -19"><span class='ocrx_word' id='word_1_167' title='bbox 34 1455 172 1502; x_wconf 86' lang='lat' dir='ltr'>crucifixum.</span> <span class='ocrx_word' id='word_1_168' title='bbox 214 1457 298 1502; x_wconf 89' lang='lat' dir='ltr'>Manus</span> <span class='ocrx_word' id='word_1_169' title='bbox 314 1468 337 1504; x_wconf 89' lang='lat' dir='ltr'>et</span> <span class='ocrx_word' id='word_1_170' title='bbox 354 1458 421 1518; x_wconf 88' lang='lat' dir='ltr'>pedes</span> <span class='ocrx_word' id='word_1_171' title='bbox 438 1458 485 1505; x_wconf 88' lang='lat' dir='ltr'>eius</span> <span class='ocrx_word' id='word_1_172' title='bbox 500 1458 523 1503; x_wconf 92' lang='lat' dir='ltr'>in</span> <span class='ocrx_word' id='word_1_173' title='bbox 534 1467 549 1483; x_wconf 87' lang='lat'>²¹</span> <span class='ocrx_word' id='word_1_174' title='bbox 560 1458 610 1519; x_wconf 91' lang='lat' dir='ltr'>ipso</span> <span class='ocrx_word' id='word_1_175' title='bbox 617 1466 632 1483; x_wconf 81' lang='lat'>¹²</span> <span class='ocrx_word' id='word_1_176' title='bbox 642 1458 718 1505; x_wconf 90' lang='lat' dir='ltr'>medio</span> <span class='ocrx_word' id='word_1_177' title='bbox 730 1456 797 1504; x_wconf 88' lang='lat' dir='ltr'>clavis</span> 
     </span>
     <span class='ocr_line' id='line_1_23' title="bbox 33 1519 798 1584; baseline 0.004 -20"><span class='ocrx_word' id='word_1_178' title='bbox 33 1519 115 1565; x_wconf 88' lang='lat' dir='ltr'>confixi</span> <span class='ocrx_word' id='word_1_179' title='bbox 124 1528 139 1553; x_wconf 81' lang='lat'>¹³</span> <span class='ocrx_word' id='word_1_180' title='bbox 161 1520 301 1577; x_wconf 88' lang='lat' dir='ltr'>videbantur,</span> <span class='ocrx_word' id='word_1_181' title='bbox 312 1521 426 1568; x_wconf 89' lang='lat' dir='ltr'>clavorum</span> <span class='ocrx_word' id='word_1_182' title='bbox 448 1521 557 1584; x_wconf 84' lang='lat' dir='ltr'>capitibus</span> <span class='ocrx_word' id='word_1_183' title='bbox 576 1524 599 1569; x_wconf 87' lang='lat' dir='ltr'>in</span> <span class='ocrx_word' id='word_1_184' title='bbox 616 1521 717 1569; x_wconf 89' lang='lat' dir='ltr'>interiori</span> <span class='ocrx_word' id='word_1_185' title='bbox 736 1530 798 1584; x_wconf 91' lang='lat' dir='ltr'>parte</span> 
     </span>
     <span class='ocr_line' id='line_1_24' title="bbox 33 1587 796 1650; baseline 0.004 -19"><span class='ocrx_word' id='word_1_186' title='bbox 33 1600 142 1632; x_wconf 89' lang='lat' dir='ltr'>manuum</span> <span class='ocrx_word' id='word_1_187' title='bbox 174 1595 197 1632; x_wconf 89' lang='lat' dir='ltr'>et</span> <span class='ocrx_word' id='word_1_188' title='bbox 226 1587 336 1648; x_wconf 88' lang='lat' dir='ltr'>superiori</span> <span class='ocrx_word' id='word_1_189' title='bbox 364 1588 448 1649; x_wconf 89' lang='lat' dir='ltr'>pedum</span> <span class='ocrx_word' id='word_1_190' title='bbox 478 1587 635 1650; x_wconf 85' lang='lat' dir='ltr'>apparentibus</span> <span class='ocrx_word' id='word_1_191' title='bbox 661 1597 684 1634; x_wconf 89' lang='lat' dir='ltr'>et</span> <span class='ocrx_word' id='word_1_192' title='bbox 716 1603 796 1634; x_wconf 88' lang='lat' dir='ltr'>eorum</span> 
     </span>
     <span class='ocr_line' id='line_1_25' title="bbox 32 1650 479 1699; baseline 0.002 -4"><span class='ocrx_word' id='word_1_193' title='bbox 32 1650 172 1696; x_wconf 89' lang='lat' dir='ltr'>acuminibus</span> <span class='ocrx_word' id='word_1_194' title='bbox 182 1651 330 1697; x_wconf 89' lang='lat' dir='ltr'>existentibus</span> <span class='ocrx_word' id='word_1_195' title='bbox 340 1668 368 1697; x_wconf 91' lang='lat' dir='ltr'>ex</span> <span class='ocrx_word' id='word_1_196' title='bbox 378 1652 479 1699; x_wconf 86' lang='lat' dir='ltr'>adverso.</span> 
     </span>
    </p>

    <p class='ocr_par' dir='ltr' id='par_1_3' title="bbox 31 1714 796 2349">
     <span class='ocr_line' id='line_1_26' title="bbox 81 1714 796 1775; baseline 0 -16"><span class='ocrx_word' id='word_1_197' title='bbox 81 1715 153 1760; x_wconf 86' lang='lat' dir='ltr'>Erant</span> <span class='ocrx_word' id='word_1_198' title='bbox 169 1715 229 1760; x_wconf 90' lang='lat' dir='ltr'>enim</span> <span class='ocrx_word' id='word_1_199' title='bbox 251 1715 314 1775; x_wconf 83' lang='lat' dir='ltr'>signa</span> <span class='ocrx_word' id='word_1_200' title='bbox 335 1716 373 1761; x_wconf 89' lang='lat' dir='ltr'>illa</span> <span class='ocrx_word' id='word_1_201' title='bbox 381 1724 396 1748; x_wconf 82' lang='lat'>¹⁴</span> <span class='ocrx_word' id='word_1_202' title='bbox 413 1716 512 1761; x_wconf 88' lang='lat' dir='ltr'>rotunda</span> <span class='ocrx_word' id='word_1_203' title='bbox 533 1716 627 1761; x_wconf 89' lang='lat' dir='ltr'>interius</span> <span class='ocrx_word' id='word_1_204' title='bbox 648 1717 671 1760; x_wconf 90' lang='lat' dir='ltr'>in</span> <span class='ocrx_word' id='word_1_205' title='bbox 688 1714 796 1770; x_wconf 89' lang='lat' dir='ltr'>manibus,</span> 
     </span>
     <span class='ocr_line' id='line_1_27' title="bbox 32 1777 796 1841; baseline 0.003 -20"><span class='ocrx_word' id='word_1_206' title='bbox 32 1778 129 1823; x_wconf 89' lang='lat' dir='ltr'>exterius</span> <span class='ocrx_word' id='word_1_207' title='bbox 150 1788 227 1823; x_wconf 85' lang='lat' dir='ltr'>autem</span> <span class='ocrx_word' id='word_1_208' title='bbox 245 1777 342 1840; x_wconf 85' lang='lat' dir='ltr'>oblonga</span> <span class='ocrx_word' id='word_1_209' title='bbox 358 1789 381 1824; x_wconf 91' lang='lat' dir='ltr'>et</span> <span class='ocrx_word' id='word_1_210' title='bbox 397 1780 515 1825; x_wconf 86' lang='lat' dir='ltr'>caruncula</span> <span class='ocrx_word' id='word_1_211' title='bbox 537 1780 635 1841; x_wconf 89' lang='lat' dir='ltr'>quedam</span> <span class='ocrx_word' id='word_1_212' title='bbox 644 1787 659 1810; x_wconf 83' lang='lat'>¹⁵</span> <span class='ocrx_word' id='word_1_213' title='bbox 678 1777 796 1840; x_wconf 90' lang='lat' dir='ltr'>apparebat</span> 
     </span>
     <span class='ocr_line' id='line_1_28' title="bbox 32 1841 795 1906; baseline 0.003 -21"><span class='ocrx_word' id='word_1_214' title='bbox 32 1842 95 1904; x_wconf 89' lang='lat' dir='ltr'>quasi</span> <span class='ocrx_word' id='word_1_215' title='bbox 103 1842 220 1888; x_wconf 89' lang='lat' dir='ltr'>summitas</span> <span class='ocrx_word' id='word_1_216' title='bbox 228 1841 343 1888; x_wconf 86' lang='lat' dir='ltr'>clavorum</span> <span class='ocrx_word' id='word_1_217' title='bbox 354 1853 445 1900; x_wconf 84' lang='lat' dir='ltr'>retorta,</span> <span class='ocrx_word' id='word_1_218' title='bbox 456 1854 479 1889; x_wconf 89' lang='lat' dir='ltr'>et</span> <span class='ocrx_word' id='word_1_219' title='bbox 490 1860 624 1905; x_wconf 90' lang='lat' dir='ltr'>repercussa,</span> <span class='ocrx_word' id='word_1_220' title='bbox 633 1860 677 1906; x_wconf 92' lang='lat' dir='ltr'>que</span> <span class='ocrx_word' id='word_1_221' title='bbox 685 1844 701 1869; x_wconf 80' lang='lat'>¹⁶</span> <span class='ocrx_word' id='word_1_222' title='bbox 708 1859 795 1887; x_wconf 90' lang='lat' dir='ltr'>carnem</span> 
     </span>
     <span class='ocr_line' id='line_1_29' title="bbox 31 1906 796 1970; baseline 0.004 -21"><span class='ocrx_word' id='word_1_223' title='bbox 31 1906 162 1969; x_wconf 83' lang='lat' dir='ltr'>reliquam¹⁷</span> <span class='ocrx_word' id='word_1_224' title='bbox 179 1907 323 1953; x_wconf 74' lang='lat' dir='ltr'>excedebat.¹⁸</span> <span class='ocrx_word' id='word_1_225' title='bbox 356 1908 391 1953; x_wconf 87' lang='lat' dir='ltr'>Sic</span> <span class='ocrx_word' id='word_1_226' title='bbox 412 1918 435 1953; x_wconf 92' lang='lat' dir='ltr'>et</span> <span class='ocrx_word' id='word_1_227' title='bbox 456 1909 479 1953; x_wconf 95' lang='lat' dir='ltr'>in</span> <span class='ocrx_word' id='word_1_228' title='bbox 499 1908 594 1969; x_wconf 89' lang='lat' dir='ltr'>pedibus</span> <span class='ocrx_word' id='word_1_229' title='bbox 610 1909 716 1970; x_wconf 91' lang='lat' dir='ltr'>impressa</span> <span class='ocrx_word' id='word_1_230' title='bbox 732 1918 796 1953; x_wconf 89' lang='lat' dir='ltr'>erant</span> 
     </span>
     <span class='ocr_line' id='line_1_30' title="bbox 32 1969 796 2036; baseline 0.005 -21"><span class='ocrx_word' id='word_1_231' title='bbox 32 1969 95 2031; x_wconf 85' lang='lat' dir='ltr'>signa</span> <span class='ocrx_word' id='word_1_232' title='bbox 122 1971 236 2018; x_wconf 87' lang='lat' dir='ltr'>clavorum</span> <span class='ocrx_word' id='word_1_233' title='bbox 260 1982 283 2018; x_wconf 91' lang='lat' dir='ltr'>et</span> <span class='ocrx_word' id='word_1_234' title='bbox 304 1990 316 2018; x_wconf 91' lang='lat' dir='ltr'>a</span> <span class='ocrx_word' id='word_1_235' title='bbox 338 1989 402 2018; x_wconf 89' lang='lat' dir='ltr'>carne</span> <span class='ocrx_word' id='word_1_236' title='bbox 424 1972 509 2036; x_wconf 89' lang='lat' dir='ltr'>reliqua</span> <span class='ocrx_word' id='word_1_237' title='bbox 530 1973 639 2020; x_wconf 82' lang='lat' dir='ltr'>elevata¹⁹</span> <span class='ocrx_word' id='word_1_238' title='bbox 682 1974 796 2019; x_wconf 88' lang='lat' dir='ltr'>Dextrum</span> 
     </span>
     <span class='ocr_line' id='line_1_31' title="bbox 32 2035 795 2097; baseline 0.004 -19"><span class='ocrx_word' id='word_1_239' title='bbox 32 2050 124 2095; x_wconf 91' lang='lat' dir='ltr'>quoque</span> <span class='ocrx_word' id='word_1_240' title='bbox 135 2036 194 2081; x_wconf 91' lang='lat' dir='ltr'>latus</span> <span class='ocrx_word' id='word_1_241' title='bbox 205 2036 267 2097; x_wconf 88' lang='lat' dir='ltr'>quasi</span> <span class='ocrx_word' id='word_1_242' title='bbox 278 2035 352 2081; x_wconf 89' lang='lat' dir='ltr'>lancea</span> <span class='ocrx_word' id='word_1_243' title='bbox 363 2037 502 2091; x_wconf 89' lang='lat' dir='ltr'>transfixum,</span> <span class='ocrx_word' id='word_1_244' title='bbox 514 2038 614 2082; x_wconf 91' lang='lat' dir='ltr'>cicatrice</span> <span class='ocrx_word' id='word_1_245' title='bbox 625 2036 730 2091; x_wconf 86' lang='lat' dir='ltr'>obducta,</span> <span class='ocrx_word' id='word_1_246' title='bbox 741 2047 795 2093; x_wconf 88' lang='lat' dir='ltr'>erat,</span> 
     </span>
     <span class='ocr_line' id='line_1_32' title="bbox 32 2098 794 2161; baseline 0.003 -18"><span class='ocrx_word' id='word_1_247' title='bbox 32 2098 94 2159; x_wconf 89' lang='lat' dir='ltr'>quod</span> <span class='ocrx_word' id='word_1_248' title='bbox 116 2116 167 2161; x_wconf 91' lang='lat' dir='ltr'>sepe</span> <span class='ocrx_word' id='word_1_249' title='bbox 188 2099 320 2161; x_wconf 88' lang='lat' dir='ltr'>sanguinem</span> <span class='ocrx_word' id='word_1_250' title='bbox 342 2099 458 2145; x_wconf 90' lang='lat' dir='ltr'>emittebat</span> <span class='ocrx_word' id='word_1_251' title='bbox 480 2100 518 2159; x_wconf 86' lang='lat' dir='ltr'>ita,</span> <span class='ocrx_word' id='word_1_252' title='bbox 541 2110 568 2146; x_wconf 89' lang='lat' dir='ltr'>ut</span> <span class='ocrx_word' id='word_1_253' title='bbox 589 2100 663 2146; x_wconf 91' lang='lat' dir='ltr'>tunica</span> <span class='ocrx_word' id='word_1_254' title='bbox 679 2100 727 2145; x_wconf 94' lang='lat' dir='ltr'>eius</span> <span class='ocrx_word' id='word_1_255' title='bbox 743 2117 794 2145; x_wconf 93' lang='lat' dir='ltr'>cum</span> 
     </span>
     <span class='ocr_line' id='line_1_33' title="bbox 31 2161 795 2227; baseline 0.005 -20"><span class='ocrx_word' id='word_1_256' title='bbox 31 2161 175 2210; x_wconf 89' lang='lat' dir='ltr'>femoralibus</span> <span class='ocrx_word' id='word_1_257' title='bbox 202 2164 332 2210; x_wconf 89' lang='lat' dir='ltr'>multotiens</span> <span class='ocrx_word' id='word_1_258' title='bbox 359 2173 566 2226; x_wconf 81' lang='lat' dir='ltr'>respergerentur²⁰</span> <span class='ocrx_word' id='word_1_259' title='bbox 592 2165 700 2227; x_wconf 84' lang='lat' dir='ltr'>sanguine</span> <span class='ocrx_word' id='word_1_260' title='bbox 726 2179 795 2211; x_wconf 91' lang='lat' dir='ltr'>sacro.</span> 
     </span>
     <span class='ocr_line' id='line_1_34' title="bbox 32 2225 795 2291; baseline 0 -18"><span class='ocrx_word' id='word_1_261' title='bbox 32 2225 88 2273; x_wconf 91' lang='lat' dir='ltr'>Heu</span> <span class='ocrx_word' id='word_1_262' title='bbox 104 2245 172 2291; x_wconf 91' lang='lat' dir='ltr'>quam</span> <span class='ocrx_word' id='word_1_263' title='bbox 193 2228 263 2290; x_wconf 89' lang='lat' dir='ltr'>pauci,</span> <span class='ocrx_word' id='word_1_264' title='bbox 286 2228 341 2274; x_wconf 90' lang='lat' dir='ltr'>dum</span> <span class='ocrx_word' id='word_1_265' title='bbox 362 2229 449 2275; x_wconf 89' lang='lat' dir='ltr'>viveret</span> <span class='ocrx_word' id='word_1_266' title='bbox 471 2229 587 2275; x_wconf 87' lang='lat' dir='ltr'>crucifixus</span> <span class='ocrx_word' id='word_1_267' title='bbox 608 2245 687 2274; x_wconf 90' lang='lat' dir='ltr'>servus</span> <span class='ocrx_word' id='word_1_268' title='bbox 708 2228 795 2274; x_wconf 92' lang='lat' dir='ltr'>domini</span> 
     </span>
     <span class='ocr_line' id='line_1_35' title="bbox 32 2292 794 2349; baseline 0.005 -13"><span class='ocrx_word' id='word_1_269' title='bbox 32 2292 137 2349; x_wconf 85' lang='lat' dir='ltr'>crucifixi,</span> <span class='ocrx_word' id='word_1_270' title='bbox 155 2310 241 2341; x_wconf 90' lang='lat' dir='ltr'>sacrum</span> <span class='ocrx_word' id='word_1_271' title='bbox 263 2292 337 2339; x_wconf 89' lang='lat' dir='ltr'>lateris</span> <span class='ocrx_word' id='word_1_272' title='bbox 358 2293 442 2340; x_wconf 89' lang='lat' dir='ltr'>vulnus</span> <span class='ocrx_word' id='word_1_273' title='bbox 463 2311 553 2340; x_wconf 88' lang='lat' dir='ltr'>cernere</span> <span class='ocrx_word' id='word_1_274' title='bbox 574 2294 717 2340; x_wconf 87' lang='lat' dir='ltr'>meruerunt!</span> <span class='ocrx_word' id='word_1_275' title='bbox 752 2295 794 2340; x_wconf 92' lang='lat' dir='ltr'>Sed</span> 
     </span>
    </p>
   </div>
   <div class='ocr_carea' id='block_1_3' title="bbox 18 2415 768 2828">
    <p class='ocr_par' dir='ltr' id='par_1_4' title="bbox 68 2415 733 2454">
     <span class='ocr_line' id='line_1_36' title="bbox 68 2415 733 2454; baseline -0.002 -1"><span class='ocrx_word' id='word_1_276' title='bbox 68 2419 76 2443; x_wconf 79' lang='lat'><strong>³</strong></span> <span class='ocrx_word' id='word_1_277' title='bbox 90 2417 123 2453; x_wconf 90' lang='lat' dir='ltr'>Os.</span> <span class='ocrx_word' id='word_1_278' title='bbox 133 2430 201 2454; x_wconf 88' lang='lat' dir='ltr'>averna.</span> <span class='ocrx_word' id='word_1_279' title='bbox 304 2421 312 2445; x_wconf 73' lang='lat'>4</span> <span class='ocrx_word' id='word_1_280' title='bbox 326 2418 358 2453; x_wconf 91' lang='lat' dir='ltr'>Os.</span> <span class='ocrx_word' id='word_1_281' title='bbox 368 2416 411 2453; x_wconf 87' lang='lat' dir='ltr'>adds</span> <span class='ocrx_word' id='word_1_282' title='bbox 420 2415 453 2454; x_wconf 87' lang='lat' dir='ltr'>ale.</span> <span class='ocrx_word' id='word_1_283' title='bbox 556 2418 564 2445; x_wconf 86' lang='lat'>5</span> <span class='ocrx_word' id='word_1_284' title='bbox 577 2419 610 2454; x_wconf 92' lang='lat' dir='ltr'>Os.</span> <span class='ocrx_word' id='word_1_285' title='bbox 619 2416 663 2453; x_wconf 91' lang='lat' dir='ltr'>adds</span> <span class='ocrx_word' id='word_1_286' title='bbox 671 2426 733 2453; x_wconf 89' lang='lat' dir='ltr'>totum.</span> 
     </span>
    </p>

    <p class='ocr_par' dir='ltr' id='par_1_5' title="bbox 68 2466 724 2507">
     <span class='ocr_line' id='line_1_37' title="bbox 68 2466 724 2507; baseline -0.002 -1"><span class='ocrx_word' id='word_1_287' title='bbox 68 2466 76 2489; x_wconf 72' lang='lat'><strong><em>⁶</em></strong></span> <span class='ocrx_word' id='word_1_288' title='bbox 90 2469 117 2507; x_wconf 88' lang='lat' dir='ltr'>H.</span> <span class='ocrx_word' id='word_1_289' title='bbox 126 2468 226 2507; x_wconf 87' lang='lat' dir='ltr'>ducebatur.</span> <span class='ocrx_word' id='word_1_290' title='bbox 342 2470 350 2497; x_wconf 87' lang='lat'>⁷</span> <span class='ocrx_word' id='word_1_291' title='bbox 364 2470 396 2507; x_wconf 91' lang='lat' dir='ltr'>Os.</span> <span class='ocrx_word' id='word_1_292' title='bbox 405 2468 460 2507; x_wconf 86' lang='lat' dir='ltr'>illum.</span> <span class='ocrx_word' id='word_1_293' title='bbox 575 2468 583 2491; x_wconf 78' lang='lat'>⁸</span> <span class='ocrx_word' id='word_1_294' title='bbox 597 2470 630 2507; x_wconf 89' lang='lat' dir='ltr'>Os.</span> <span class='ocrx_word' id='word_1_295' title='bbox 639 2470 692 2507; x_wconf 85' lang='lat' dir='ltr'>omits</span> <span class='ocrx_word' id='word_1_296' title='bbox 700 2477 724 2506; x_wconf 88' lang='lat' dir='ltr'>et.</span> 
     </span>
    </p>

    <p class='ocr_par' dir='ltr' id='par_1_6' title="bbox 67 2520 748 2566">
     <span class='ocr_line' id='line_1_38' title="bbox 67 2520 748 2566; baseline 0.001 -9"><span class='ocrx_word' id='word_1_297' title='bbox 67 2524 76 2547; x_wconf 77' lang='lat'>9</span> <span class='ocrx_word' id='word_1_298' title='bbox 85 2522 112 2558; x_wconf 89' lang='lat' dir='ltr'>H.</span> <span class='ocrx_word' id='word_1_299' title='bbox 121 2521 155 2558; x_wconf 87' lang='lat' dir='ltr'>and</span> <span class='ocrx_word' id='word_1_300' title='bbox 165 2522 189 2559; x_wconf 88' lang='lat' dir='ltr'>L.</span> <span class='ocrx_word' id='word_1_301' title='bbox 198 2521 298 2559; x_wconf 85' lang='lat' dir='ltr'>alternabat.</span> <span class='ocrx_word' id='word_1_302' title='bbox 343 2524 358 2543; x_wconf 77' lang='lat'>³⁰</span> <span class='ocrx_word' id='word_1_303' title='bbox 367 2520 402 2566; x_wconf 89' lang='lat' dir='ltr'>H.,</span> <span class='ocrx_word' id='word_1_304' title='bbox 412 2523 451 2559; x_wconf 87' lang='lat' dir='ltr'>Ox.</span> <span class='ocrx_word' id='word_1_305' title='bbox 460 2522 494 2559; x_wconf 87' lang='lat' dir='ltr'>and</span> <span class='ocrx_word' id='word_1_306' title='bbox 503 2521 535 2559; x_wconf 82' lang='lat' dir='ltr'>W.</span> <span class='ocrx_word' id='word_1_307' title='bbox 544 2534 637 2559; x_wconf 73' lang='lat' dir='ltr'>sevonum</span> <span class='ocrx_word' id='word_1_308' title='bbox 646 2532 748 2558; x_wconf 76' lang='lat' dir='ltr'>arraxirm.</span> 
     </span>
    </p>

    <p class='ocr_par' dir='ltr' id='par_1_7' title="bbox 69 2572 643 2622">
     <span class='ocr_line' id='line_1_39' title="bbox 69 2572 643 2622; baseline 0.002 -13"><span class='ocrx_word' id='word_1_309' title='bbox 69 2576 83 2594; x_wconf 83' lang='lat' dir='ltr'>n</span> <span class='ocrx_word' id='word_1_310' title='bbox 98 2572 125 2609; x_wconf 91' lang='lat' dir='ltr'>H.</span> <span class='ocrx_word' id='word_1_311' title='bbox 134 2574 185 2610; x_wconf 86' lang='lat' dir='ltr'>omits</span> <span class='ocrx_word' id='word_1_312' title='bbox 194 2575 211 2610; x_wconf 86' lang='lat' dir='ltr'>in</span> <span class='ocrx_word' id='word_1_313' title='bbox 220 2574 257 2622; x_wconf 85' lang='lat' dir='ltr'>ipso</span> <span class='ocrx_word' id='word_1_314' title='bbox 271 2600 276 2610; x_wconf 90' lang='lat'><strong>.</strong></span> <span class='ocrx_word' id='word_1_315' title='bbox 290 2600 294 2609; x_wconf 93' lang='lat'>.</span> <span class='ocrx_word' id='word_1_316' title='bbox 309 2599 313 2608; x_wconf 85' lang='lat'>.</span> <span class='ocrx_word' id='word_1_317' title='bbox 327 2572 416 2621; x_wconf 85' lang='lat' dir='ltr'>capitibus.</span> <span class='ocrx_word' id='word_1_318' title='bbox 521 2576 536 2596; x_wconf 79' lang='lat'>¹²</span> <span class='ocrx_word' id='word_1_319' title='bbox 549 2572 576 2611; x_wconf 90' lang='lat' dir='ltr'>H.</span> <span class='ocrx_word' id='word_1_320' title='bbox 586 2574 643 2610; x_wconf 88' lang='lat' dir='ltr'>omits.</span> 
     </span>
    </p>

    <p class='ocr_par' dir='ltr' id='par_1_8' title="bbox 18 2622 768 2727">
     <span class='ocr_line' id='line_1_40' title="bbox 68 2622 768 2675; baseline -0.001 -14"><span class='ocrx_word' id='word_1_321' title='bbox 68 2626 83 2650; x_wconf 81' lang='lat'>¹³</span> <span class='ocrx_word' id='word_1_322' title='bbox 97 2625 130 2669; x_wconf 91' lang='lat' dir='ltr'>H.‚</span> <span class='ocrx_word' id='word_1_323' title='bbox 140 2626 179 2662; x_wconf 88' lang='lat' dir='ltr'>Ox.</span> <span class='ocrx_word' id='word_1_324' title='bbox 189 2625 223 2662; x_wconf 89' lang='lat' dir='ltr'>and</span> <span class='ocrx_word' id='word_1_325' title='bbox 231 2625 262 2661; x_wconf 88' lang='lat' dir='ltr'>W.</span> <span class='ocrx_word' id='word_1_326' title='bbox 272 2622 347 2661; x_wconf 82' lang='lat' dir='ltr'>confixe.</span> <span class='ocrx_word' id='word_1_327' title='bbox 412 2628 426 2654; x_wconf 77' lang='lat'>1⁴</span> <span class='ocrx_word' id='word_1_328' title='bbox 440 2627 473 2663; x_wconf 91' lang='lat' dir='ltr'>Os.</span> <span class='ocrx_word' id='word_1_329' title='bbox 483 2626 541 2662; x_wconf 88' lang='lat' dir='ltr'>omits.</span> <span class='ocrx_word' id='word_1_330' title='bbox 604 2627 620 2654; x_wconf 76' lang='grc' dir='ltr'>Ι5</span> <span class='ocrx_word' id='word_1_331' title='bbox 633 2624 661 2662; x_wconf 91' lang='lat' dir='ltr'>H.</span> <span class='ocrx_word' id='word_1_332' title='bbox 670 2623 768 2675; x_wconf 89' lang='lat' dir='ltr'>quamdam.</span> 
     </span>
     <span class='ocr_line' id='line_1_41' title="bbox 18 2672 672 2727; baseline 0 -15"><span class='ocrx_word' id='word_1_333' title='bbox 18 2681 19 2684; x_wconf 77' lang='grc'>’</span> <span class='ocrx_word' id='word_1_334' title='bbox 69 2672 83 2697; x_wconf 80' lang='lat'>¹⁶</span> <span class='ocrx_word' id='word_1_335' title='bbox 97 2675 125 2713; x_wconf 87' lang='lat' dir='ltr'>H.</span> <span class='ocrx_word' id='word_1_336' title='bbox 135 2690 191 2725; x_wconf 89' lang='lat' dir='ltr'>quam.</span> <span class='ocrx_word' id='word_1_337' title='bbox 219 2678 251 2713; x_wconf 93' lang='lat' dir='ltr'>Os.</span> <span class='ocrx_word' id='word_1_338' title='bbox 261 2677 312 2712; x_wconf 88' lang='lat' dir='ltr'>omits</span> <span class='ocrx_word' id='word_1_339' title='bbox 321 2689 354 2725; x_wconf 88' lang='lat' dir='ltr'>que</span> <span class='ocrx_word' id='word_1_340' title='bbox 364 2689 433 2712; x_wconf 87' lang='lat' dir='ltr'>carnem</span> <span class='ocrx_word' id='word_1_341' title='bbox 447 2705 452 2714; x_wconf 92' lang='lat'><strong><em>.</em></strong></span> <span class='ocrx_word' id='word_1_342' title='bbox 466 2705 471 2714; x_wconf 89' lang='lat'>.</span> <span class='ocrx_word' id='word_1_343' title='bbox 485 2705 490 2714; x_wconf 80' lang='grc'><strong>.</strong></span> <span class='ocrx_word' id='word_1_344' title='bbox 503 2677 576 2727; x_wconf 89' lang='lat' dir='ltr'>pedibus</span> <span class='ocrx_word' id='word_1_345' title='bbox 585 2678 672 2727; x_wconf 87' lang='lat' dir='ltr'>impressa.</span> 
     </span>
    </p>

    <p class='ocr_par' dir='ltr' id='par_1_9' title="bbox 68 2726 767 2776">
     <span class='ocr_line' id='line_1_42' title="bbox 68 2726 767 2776; baseline 0.001 -13"><span class='ocrx_word' id='word_1_346' title='bbox 68 2726 210 2776; x_wconf 75' lang='lat' dir='ltr'>1⁷H.aliquam.</span> <span class='ocrx_word' id='word_1_347' title='bbox 250 2726 265 2750; x_wconf 81' lang='lat'>1⁸</span> <span class='ocrx_word' id='word_1_348' title='bbox 274 2726 303 2764; x_wconf 90' lang='lat' dir='ltr'>M.</span> <span class='ocrx_word' id='word_1_349' title='bbox 312 2727 423 2765; x_wconf 85' lang='lat' dir='ltr'>extendebat.</span> <span class='ocrx_word' id='word_1_350' title='bbox 465 2731 480 2756; x_wconf 77' lang='lat'>¹⁹</span> <span class='ocrx_word' id='word_1_351' title='bbox 490 2728 514 2765; x_wconf 88' lang='lat' dir='ltr'>L.</span> <span class='ocrx_word' id='word_1_352' title='bbox 524 2728 614 2766; x_wconf 83' lang='lat' dir='ltr'>reelevata.</span> <span class='ocrx_word' id='word_1_353' title='bbox 641 2726 767 2765; x_wconf 71' lang='lat' dir='ltr'>Onrelevara.</span> 
     </span>
    </p>

    <p class='ocr_par' dir='ltr' id='par_1_10' title="bbox 67 2777 261 2828">
     <span class='ocr_line' id='line_1_43' title="bbox 67 2777 261 2828; baseline 0.021 -17"><span class='ocrx_word' id='word_1_354' title='bbox 67 2779 82 2797; x_wconf 82' lang='lat'>²⁰</span> <span class='ocrx_word' id='word_1_355' title='bbox 92 2777 261 2828; x_wconf 85' lang='lat' dir='ltr'>W.respargeretur.</span> 
     </span>
    </p>
   </div>
   <div class='ocr_carea' id='block_1_4' title="bbox 0 0 964 3169">
    <p class='ocr_par' dir='ltr' id='par_1_11' title="bbox 0 0 964 3169">
     <span class='ocr_line' id='line_1_44' title="bbox 0 0 964 3169; baseline 0 1"><span class='ocrx_word' id='word_1_356' title='bbox 0 0 964 3169; x_wconf 95' lang='lat' dir='ltr'> </span> 
     </span>
    </p>
   </div>
  </div>
 </body>
</html>
