1919 3169
145 83 170 124 18
324 81 525 126 TRACTATUS
541 80 716 128 SECUNDUS

142 176 231 234 delitiis,
248 177 287 221 ubi
304 177 350 222 vini
367 177 488 232 defectum,
503 178 559 221 sicut
577 188 600 221 et
615 178 695 237 sepius,
712 186 770 238 aqua
788 177 908 237 supplevit.

142 242 224 303 Incipit
239 242 326 305 primus
347 241 394 302 ipse
415 241 531 286 comedere
547 251 569 287 et
585 240 613 287 ad
631 240 743 287 charitatis
760 240 865 298 officium,
881 258 909 288 ne

142 306 238 352 tabescat
248 305 315 352 frater
325 305 362 351 ille
370 304 459 362 rubore,
470 305 569 369 reliquos
579 304 657 351 fratres
665 305 753 352 invitat.

192 372 286 434 Sumpto
297 386 349 416 cum
362 370 443 415 timore
456 370 542 417 domini
555 370 612 428 cibo,
624 387 651 416 ne
664 370 720 432 quid
732 370 817 417 deesset
833 370 910 417 officiis

143 436 246 493 caritatis,
257 436 348 497 longam
360 435 410 480 filiis
420 445 483 497 pater
495 436 523 481 de
534 437 618 482 virtute
629 435 770 482 discretionis
780 436 835 481 texit
846 451 910 497 para-

143 500 223 546 bolam.
257 499 303 544 Sale
312 499 429 545 conditum
437 500 567 546 sacrifitium
576 501 619 545 deo
630 516 717 561 semper
728 500 819 546 reddere
831 500 894 546 iubet
903 517 909 556 ;

143 574 165 608 et
177 574 203 610 ut
214 564 271 610 vires
284 564 385 625 proprias
395 565 418 608 in
431 565 465 610 dei
479 564 588 626 obsequio
604 565 760 626 unusquisque
777 564 910 619 consideret,

144 637 221 672 monet
229 637 321 673 actente.
344 628 464 673 Peccatum
473 628 544 673 simile
552 629 629 674 asserit
638 629 755 674 indiscrete
764 628 851 688 corpori
858 629 911 674 sub-

144 693 230 739 trahere
241 691 349 747 debitum
362 692 419 738 sicut
429 693 553 754 imperante
563 692 622 756 gula,
635 693 654 737 ei
666 692 752 738 exibere
762 692 909 754 superfluum.

144 757 176 802 Et
183 757 280 804 addidit:
293 758 363 817 Quod
372 757 414 802 feci
421 773 463 819 ego
471 758 614 815 manducans,
621 758 733 813 carissimi,
740 758 911 819 dispensatione,

64 821 191 868 F0115V⁰non
214 822 328 865 voluntate
350 821 373 865 id
395 822 480 865 factum
503 823 616 876 noveritis,
639 822 692 882 quia
713 823 791 866 caritas
814 822 911 868 fraterna

145 886 266 932 mandavit.
300 885 331 930 Sit
347 884 413 932 vobis
430 885 508 930 caritas
525 885 548 930 in
564 886 698 947 exemplum,
715 901 761 930 non
778 885 848 940 cibus,
859 886 911 948 quia

145 950 182 995 ille
192 952 252 1013 gule,
264 951 304 995 hec
315 950 384 996 servit
395 950 506 1011 spiritum,

62 1051 140 1094 [n-XVJ]
184 1055 218 1097 De
228 1054 369 1106 providentia
377 1053 504 1095 futurorum
517 1057 541 1096 et
550 1054 646 1105 qualiter
657 1054 789 1106 religionem
798 1053 911 1096 commisit

144 1118 237 1148 romane
246 1108 335 1147 eccliste
344 1110 368 1147 et
376 1106 475 1155 quadani
484 1107 576 1147 visione.

189 1178 272 1263 Vite
282 1211 367 1257 meritis
376 1212 482 1258 continue
490 1222 552 1273 pater
563 1222 652 1257 sanctus
660 1228 684 1257 ac
693 1213 777 1258 virtute
788 1213 910 1274 proficiens,

144 1296 197 1326 cum
208 1288 312 1325 natorum
323 1277 408 1322 subolis
423 1276 542 1338 multiplici
554 1276 636 1339 ubique
651 1277 695 1322 iam
712 1293 807 1323 numero
823 1276 912 1323 dilatar-

145 1353 195 1403 etur
214 1354 236 1388 et
253 1342 330 1403 gratia,
344 1341 518 1402 extenderetque
535 1357 607 1403 usque
623 1342 651 1386 ad
666 1341 720 1386 fines
735 1340 794 1386 orbis
810 1342 912 1403 palmites

145 1407 264 1453 fructuum
283 1405 396 1450 fertilitate
415 1405 537 1460 mirificos,
561 1406 619 1465 cepit
641 1406 716 1466 sepius
740 1406 843 1450 meditari
867 1406 911 1450 sol-

145 1471 227 1528 licitus,
245 1468 339 1532 qualiter
356 1469 448 1513 illorum
467 1468 555 1513 novella
573 1469 681 1529 plantatio
699 1470 779 1515 servari
798 1470 868 1530 possit
890 1479 912 1515 et

145 1551 241 1586 crescere
257 1534 349 1579 unitatis
365 1532 457 1580 vinculo
474 1533 583 1595 colligata.

192 1598 289 1648 Videbat
310 1608 365 1644 tunc
385 1608 463 1644 contra
481 1597 589 1660 pusillum
606 1613 704 1661 gregem,
719 1597 825 1660 luporum
841 1614 912 1657 more,

145 1667 215 1709 sevire
228 1664 373 1725 quamplures
393 1673 415 1708 et
430 1664 458 1708 de
474 1663 521 1707 sola
535 1664 634 1708 novitate
649 1664 736 1709 dierum
753 1663 864 1708 malorum
879 1664 914 1708 in-

145 1738 255 1775 veteratos
272 1742 360 1773 sumere
375 1726 513 1772 occasionem
529 1725 631 1771 nocendi.
666 1726 798 1771 Previdebat
817 1727 912 1788 quedam

145 1795 203 1840 inter
218 1794 277 1855 ipsos
293 1791 351 1837 filios
367 1790 464 1836 accidere
480 1807 544 1852 posse
561 1800 636 1836 sancte
651 1791 700 1852 paci
716 1801 739 1836 et
756 1793 842 1837 unitate
860 1808 912 1837 con-

145 1859 212 1904 traria
227 1866 249 1903 et
263 1857 322 1902 sicut
335 1872 386 1916 sepe
402 1856 482 1900 accidit
496 1856 519 1900 in
536 1856 617 1911 electis,
632 1855 724 1900 rebelles
740 1854 828 1902 futuros
844 1873 913 1918 quos-

146 1925 204 1977 dam,
216 1937 255 1966 sue
267 1920 337 1965 carnis
347 1936 413 1964 sensu
426 1920 514 1964 inflatos
525 1931 548 1964 et
558 1920 645 1980 spiritu,
662 1930 750 1980 paratos
764 1921 791 1964 ad
807 1921 879 1981 iurgia
890 1932 912 1966 et

145 2002 228 2048 pronos
247 1985 274 2030 ad
293 1983 395 2029 seandala
415 1982 538 2030 dubitabat.
590 1983 696 2045 Cumque
717 1983 752 2028 vir
772 1984 807 2029 dei
828 1984 869 2029 bec
890 1994 913 2029 et

145 2051 225 2096 similia
238 2049 312 2111 sepius
325 2049 401 2094 animo
412 2047 519 2105 volveret,
532 2057 597 2094 nocte
608 2049 704 2110 quadam
714 2048 804 2095 deditus
817 2065 913 2110 sompno

145 2117 255 2163 visionem
271 2116 327 2160 hanc
341 2114 411 2159 videt.
444 2113 536 2174 Inspicit
551 2113 656 2176 gallinam
674 2129 765 2174 parvam
785 2124 807 2159 et
826 2114 912 2176 nigram

145 2181 248 2226 columbe
266 2179 388 2224 domestice
409 2177 511 2234 similem,
531 2194 596 2224 crura
614 2188 662 2224 tota
679 2188 773 2239 pennata
795 2179 912 2225 habentem

146 2262 197 2290 cum
208 2242 309 2307 pedibus.
345 2241 397 2286 Hec
411 2241 483 2302 pullos
499 2242 592 2286 habebat
606 2242 743 2297 innumeros,
756 2242 794 2303 qui
807 2243 913 2303 gallinam

145 2319 243 2356 rotantes
259 2308 374 2361 instanter,
385 2306 425 2350 sub
437 2306 480 2350 alas
491 2307 538 2351 eius
549 2323 627 2351 omnes
640 2307 769 2368 congregati
783 2307 913 2369 nequibant

194 2372 270 2434 Surgit
281 2388 293 2416 a
303 2386 399 2432 sompno
410 2370 445 2414 vir
456 2371 498 2427 dei,
511 2371 539 2416 ad
550 2387 588 2415 cor
600 2371 706 2416 meditata
717 2370 811 2425 reducit,
818 2372 914 2418 efficitur

147 2439 193 2500 ipse
205 2453 244 2483 sue
255 2435 347 2481 visionis
362 2435 475 2495 interpres.
508 2434 603 2490 Gallina,
615 2435 703 2497 inquid,
715 2452 764 2480 sum
776 2451 819 2496 ego
830 2445 914 2482 statura

146 2502 249 2565 pusillus
268 2500 377 2563 nigerque
396 2509 481 2555 natura,
501 2501 535 2545 cui
558 2500 685 2546 columbina
707 2515 746 2561 per
765 2499 915 2546 innocentiam

147 2569 193 2613 vite
210 2565 277 2611 debet
293 2564 398 2609 famulari
413 2564 547 2625 simplicitas,
559 2581 603 2626 que
620 2564 678 2610 sicut
695 2582 737 2610 evo
753 2565 871 2621 rarissima,
883 2566 914 2611 sic

147 2631 248 2692 expedite
260 2629 321 2674 volat
332 2628 359 2673 ad
371 2628 449 2674 celum.
486 2628 545 2674 Pulli
561 2638 614 2673 sunt
625 2627 712 2686 fratres,
724 2644 819 2674 numero
836 2629 916 2675 multi*

147 2695 222 2758 plicati
239 2703 261 2740 et
276 2691 354 2754 gratia,
367 2708 455 2754 quos,a
472 2691 642 2737 conturbatione
658 2692 776 2737 hominum
789 2702 812 2737 et
825 2703 915 2738 contra-

147 2760 244 2808 dictione
262 2757 392 2820 linguarum
412 2756 533 2803 defendere
551 2755 652 2802 francisci
670 2757 742 2802 virtus
759 2774 805 2802 non
825 2757 914 2804 sufficit.

147 2826 234 2871 Vadam
248 2823 318 2884 igitur
334 2832 357 2868 et
372 2837 411 2867 eos
427 2832 501 2868 sancte
521 2823 621 2868 Romane
638 2822 728 2867 ecclesie
744 2822 914 2879 commendabo,
