1919 3169
272 70 431 117 LEGENDA
448 69 605 131 ANTIQUA
792 88 822 134 49

54 176 209 229 paupertatem
219 168 344 231 plurimum
361 166 511 229 reprehendit,
544 168 588 213 Cui
604 168 720 230 respondit
735 170 820 218 sotius:

55 233 108 284 Qua
118 233 211 290 ratione,
222 233 305 279 frater?
338 232 370 278 Et
381 242 468 277 sanctus
478 231 615 279 lamentabili
625 249 681 279 voce
691 233 819 295 respondit:

55 297 101 340 Pro
113 297 171 341 meis.
178 297 269 356 divitiis,
276 314 318 359 pro
329 313 378 341 mea
386 296 478 341 domina
488 306 643 358 paupertatem
654 297 723 359 elegi3
742 308 765 344 et
772 314 821 344 ecce

54 361 139 407 relucet
147 362 218 425 magis
229 363 252 407 in
260 363 311 408 isto.
339 361 377 406 An
385 360 498 422 ingnoras,
506 361 567 424 quod
576 377 615 423 per
623 370 698 407 totum
709 362 821 409 mundum

55 426 155 472 insonuit
166 436 228 472 extra
238 443 279 472 nos
290 442 332 489 pro
340 425 431 472 Christo
442 441 483 470 nos
493 441 598 487 pauperes
609 427 670 472 esse?
703 427 747 473 Sed
757 428 821 474 aliter

55 507 78 535 se
96 491 184 549 habere,
200 507 285 552 pauper
304 491 346 535 iste
368 490 487 536 convincit.
532 491 554 535 O
576 490 648 535 invisa
669 490 768 537 invidia!
797 493 820 537 O

55 555 163 599 emulatio
180 555 231 599 filiis
247 554 380 599 emulandal
399 570 445 598 non
464 554 504 598 hec
526 553 563 599 illa
581 564 622 612 est,
642 570 686 616 que
701 556 729 601 de
745 555 821 601 alienis

56 619 119 664 honis
135 619 257 681 affligitur3
277 634 323 663 non
339 616 382 674 illa,
397 634 440 681 que
455 617 508 663 solis
524 617 591 663 radiis
607 616 754 676 obscuratur3
774 636 820 664 non

55 682 99 741 illa,
111 700 155 747 que
171 683 248 746 pietati
265 683 405 745 opponitur3
426 699 472 728 non
488 681 532 740 illa,
550 699 593 746 que
609 683 679 729 livore
695 694 819 749 torquetur.

57 748 124 812 Putas
135 748 285 809 evangelicam
296 756 449 811 paupertatem
463 763 508 793 non
520 748 600 793 habere
616 748 701 812 aliquid
718 749 821 796 inviden-

56 814 127 859 dum?
171 814 289 859 Christum
306 812 372 857 habet
388 823 411 857 et
427 828 466 871 per
483 813 559 872 ipsum
576 813 599 856 in
617 813 721 857 omnibus
738 815 818 859 omnia.

57 876 122 926 Quid
140 874 265 920 redditibus
287 874 364 931 inhias,
387 874 463 920 clerice
484 874 609 921 hodierne?
641 876 745 920 Crastino
766 877 821 921 scies

56 939 150 986 divitem
171 939 239 985 fuisse
262 939 427 997 Francischum,
450 955 501 985 cum
523 939 546 984 in
568 954 635 984 manu
660 950 698 986 tua
720 940 821 988 redditus

55 1005 166 1050 inveneris
181 1015 353 1052 tormentorum.

103 1099 192 1191 „Elia
210 1150 248 1179 sue
269 1131 426 1194 predicationis
447 1131 484 1176 die
508 1132 599 1194 quidem
624 1133 774 1194 pauperculus
800 1140 874 1181 et[K·J]

57 1199 158 1244 infirmus
169 1198 231 1244 venit
242 1197 269 1241 ad
282 1198 374 1250 locum·;
392 1195 455 1240 cuius
471 1195 555 1257 duplex
571 1195 741 1241 incommodum
757 1196 823 1241 mise-

57 1273 123 1319 ratus,
145 1263 243 1325 inopiam
265 1261 346 1306 scilicet
364 1270 387 1306 et
405 1260 544 1322 languorem,
564 1260 622 1321 cepit
643 1275 695 1306 cum
717 1261 776 1306 sotio
795 1261 823 1307 de

57 1337 187 1392 paupertate
209 1325 289 1373 habere
310 1341 443 1382 sermonem,
463 1341 559 1387 cumque
577 1325 671 1386 patienti
688 1326 823 1389 compatiens

57 1397 101 1440 iam
119 1395 142 1439 in
159 1392 265 1439 affectum
282 1391 356 1436 cordis
372 1390 433 1435 illius
450 1390 572 1445 transisset,
589 1390 646 1435 dixit
665 1392 735 1436 sotius
753 1393 823 1437 sancti

57 1459 86 1504 ad
107 1473 176 1503 eum:
205 1457 290 1509 Frater,
312 1469 391 1499 verum
412 1463 445 1498 est
467 1454 541 1514 ipsum
566 1468 686 1514 pauperem
707 1470 760 1512 esse,
782 1455 821 1500 sed

58 1521 153 1567 forsitan
175 1521 198 1564 in
219 1528 268 1564 tota
289 1518 400 1579 provintia
422 1533 467 1561 non
486 1526 520 1561 est
538 1516 607 1562 ditior
625 1518 747 1566 voluntate.
782 1519 821 1563 In-

58 1596 133 1647 crepat
162 1600 213 1630 eum
244 1582 302 1628 illico
328 1592 417 1628 sanctus
440 1592 462 1627 et
483 1581 572 1643 culpam
593 1582 675 1628 dicenti
696 1583 727 1628 sic
748 1583 821 1630 dixit:

59 1652 149 1697 Festina
172 1650 217 1696 cito
241 1658 264 1693 ct
287 1663 343 1693 exue
365 1657 389 1692 te
412 1646 511 1692 tunicam
537 1656 600 1692 tuam
624 1657 647 1693 et
671 1647 699 1693 ad
720 1649 823 1711 pauperis

58 1716 126 1777 pedes
142 1715 261 1775 proiectus,
273 1711 405 1772 culpapilem
423 1720 445 1755 te
462 1710 581 1770 proclama,
592 1728 632 1755 nec
649 1711 722 1757 solum
735 1714 823 1757 veniam

59 1794 141 1840 poscas,
153 1778 231 1833 immo,
242 1777 289 1820 eius
302 1775 426 1820 orationem
443 1774 543 1835 efflagita.
578 1774 657 1819 Paruit
668 1784 690 1819 et
701 1776 750 1829 ivit,
762 1776 869 1821 satis-Fal.
876 1787 900 1826 47

59 1843 112 1889 fecit
130 1851 153 1887 et
169 1839 252 1896 rediit3
269 1838 304 1885 cui
321 1837 378 1885 dixit
394 1848 498 1884 sanctus:
516 1838 575 1883 Cum
592 1854 713 1900 pauperem
730 1840 800 1898 vides,
811 1858 826 1887 0

59 1909 136 1965 frater,
147 1905 261 1968 speculum
272 1904 312 1949 tibi
324 1904 416 1965 ponitur
427 1903 513 1949 domini
524 1914 546 1949 et
557 1904 660 1966 pauperis
673 1906 750 1950 matris
762 1908 826 1961 eius;

60 1975 83 2019 in
99 1972 193 2018 infirmis
209 1968 311 2014 similiter
326 1967 475 2023 infirmitates,
490 1984 544 2031 quas
559 1984 602 2030 pro
619 1967 683 2014 nobis
698 1970 827 2032 assumpsit,

60 2037 180 2083 considera.
213 2034 255 2078 Eia
268 2049 354 2092 semper
367 2033 422 2076 mire
435 2032 553 2077 fasciculus
566 2032 745 2079 commorabatur
757 2036 827 2079 Fran-

61 2102 135 2156 cisco;
151 2113 238 2158 semper
250 2096 340 2157 respicit
353 2095 376 2139 in
394 2095 472 2140 faciem
489 2095 564 2140 christi
581 2096 631 2150 sui;
649 2112 735 2159 semper
751 2098 825 2143 virum

60 2164 166 2214 dolorum
177 2172 199 2209 et
211 2161 280 2207 sciens
291 2160 432 2206 infirmitates
443 2169 551 2209 attrectat.

107 2259 233 2353 ⁸Hccidit
252 2289 311 2350 apud
329 2288 438 2333 Celanum
455 2297 557 2349 tempore
573 2288 678 2348 hyemali,
694 2299 720 2334 ut
737 2296 892 2339 sanctustK-IJ]

62 2356 208 2403 Francischus
225 2368 324 2416 pannum
341 2352 364 2397 in
382 2351 476 2397 modum
493 2350 593 2397 mantelli
610 2351 700 2398 haberet
710 2353 826 2415 plicatum,

62 2438 130 2486 quem
140 2419 283 2483 Tyburtinus
290 2416 386 2481 quidam,
395 2414 491 2462 fratrum
502 2416 594 2473 amicus,
602 2418 782 2465 commodaverat
793 2421 826 2477 ei;

62 2498 84 2533 et
96 2503 147 2532 cum
158 2496 214 2532 esset
225 2485 249 2530 in
260 2482 343 2546 palatio
354 2482 451 2543 episcopi
468 2482 591 2540 marsicani,
600 2483 698 2529 occurrit
715 2484 735 2529 ei
751 2486 827 2532 vetula

62 2552 160 2615 quedam
176 2550 355 2610 heleemosynam
371 2555 454 2608 petens.
502 2546 628 2593 Confestim
643 2563 743 2608 pannum
759 2549 827 2598 solvit

63 2635 76 2663 a
99 2616 157 2661 collo
179 2625 202 2660 et
227 2615 279 2661 licet
303 2613 409 2666 alienum,
426 2610 503 2656 vetule
527 2613 618 2673 pauperi
641 2612 710 2658 donat
733 2613 826 2662 dicens:

64 2680 134 2736 Vade,
146 2679 180 2723 fac
191 2679 232 2723 tibi
243 2678 348 2732 tunicam,
360 2675 467 2738 quoniam
478 2675 531 2720 satis
543 2692 601 2737 eges.
642 2677 735 2722 Atridet
751 2680 828 2724 vetula

63 2755 86 2790 et
102 2743 236 2805 stupefacta,
257 2741 331 2786 nescio
350 2740 431 2784 timore
449 2756 477 2784 an
499 2740 590 2801 gaudio,
608 2756 708 2801 pannum
730 2742 828 2788 sumite

64 2807 173 2865 manibus,
184 2808 254 2854 currit
272 2805 370 2853 velocius
389 2813 411 2850 et
427 2819 456 2849 ne
472 2820 535 2850 mora
551 2803 675 2866 periculum
689 2807 828 2869 repetitionis

440 2884 455 2914 u
