1919 3169
391 129 501 177 INDEX

207 272 326 321 Reprehensio
334 270 496 308 fratrismendicare
508 270 581 309 nolentis
633 301 637 309 .
691 300 695 309 .
748 299 751 308 .

208 323 303 373 Quomodo
312 322 368 361 fratris
381 321 510 374 hclemosynam
523 323 607 376 portantis
620 336 711 361 occurrens
720 324 752 361 ob-

257 375 332 413 oculatus
341 385 367 411 est
375 377 466 413 humerum

127 460 131 468 .
206 429 286 477 Qualiter
306 428 369 464 milites
391 428 475 465 seculares
496 430 566 465 induxit
586 439 605 465 111
624 429 753 479 helemosynam

259 489 335 529 PClel‘esst

128 534 143 583 J.
204 533 233 569 De
242 531 321 568 membro
329 531 399 581 coponis
407 531 452 581 apud
456 531 574 570 alexandriam
579 545 629 571 verso
637 533 654 570 in
659 533 716 582 picem
747 561 752 570 .

136 616 140 624 .
206 584 236 621 De
241 584 374 620 renuntiantibus
383 583 441 620 seculo
450 592 468 620 et
476 584 575 634 exemplum
584 584 678 630 cuiusdam,
686 586 715 634 qui
723 597 752 621 sua

257 636 362 685 parentibus,
367 650 402 673 non
407 638 514 686 pauperibus,
520 638 583 684 tribuit,
590 651 642 688 quern
647 646 715 675 sanctus
723 650 752 674 re-

257 688 336 738 probavit
345 716 751 728 ........

126 769 130 777 .
205 741 234 776 De
251 739 325 788 quadam
342 740 407 775 visione
428 752 462 788 que
479 739 520 775 fecit
543 741 565 776 ad
582 749 699 790 paupertatem
721 740 753 776 sub

258 790 345 826 cuiusdam
355 790 529 827 dominemethafora
573 821 576 830 .
631 818 635 827 .
746 820 750 829 .

137 873 141 882 .
209 841 240 879 De
250 844 367 892 compassione
376 855 426 893 quam
440 843 463 879 ad
471 855 552 894 pauperes
561 843 619 881 habuit
626 851 643 880 ct
652 821 705 895 qualit
706 857 724 882 er
735 857 753 881 se

258 896 358 945 pauperibus
366 896 453 932 invidebat
459 925 750 935 ,,,,,,

148 975 153 985 .
205 946 284 996 Qualiter
310 947 361 985 frater
387 948 409 984 de
435 949 509 997 quodam
535 961 608 999 paupere
630 949 752 998 obloquentem

259 1001 336 1035 correxit

157 1078 161 1087 .
209 1049 241 1086 De
249 1049 331 1086 mantello
340 1059 368 1086 ve
362 1049 396 1086 ule
405 1050 445 1087 data
453 1050 499 1101 apud
507 1048 585 1087 celanum
631 1081 635 1088 ,
689 1079 693 1087 .
747 1080 751 1088 .

139 1130 144 1139 .
207 1102 236 1139 De
245 1100 279 1139 alro
288 1115 361 1152 paupere
370 1103 457 1139 curalium
466 1102 565 1140 manellum
574 1104 635 1141 dedit.
689 1131 693 1141 .
747 1131 750 1141 .

128 1182 132 1192 .
207 1154 268 1191 Simile
276 1154 332 1191 fecit·
312 1163 344 1191 1111
353 1154 386 1192 alio
395 1168 469 1205 paupere
514 1182 749 1193 .....

139 1235 145 1246 .
211 1206 306 1255 Quomodo
319 1207 387 1245 cuidam
396 1207 444 1245 dedit
453 1207 553 1245 mantellum
566 1222 587 1244 ne
600 1208 690 1245 dominum
703 1222 752 1245 suum

259 1259 316 1294 odiret
345 1286 751 1296 ........

135 1310 151 1358 J.
207 1309 303 1356 Quomodo
312 1309 380 1355 gadiam
389 1311 447 1345 tunice
455 1309 524 1345 cuidam
532 1310 602 1359 pauperi
611 1310 694 1346 dedit.
747 1339 751 1347 .

162 1387 166 1397 .
208 1360 302 1408 Quomodo
311 1370 361 1395 matri
357 1361 440 1396 'duorum
446 1361 516 1396 fratrum
521 1374 591 1411 pauperi
586 1362 634 1397 dari
641 1361 682 1397 fecit
689 1374 751 1399 novum

258 1422 379 1449 testamentum
387 1413 435 1462 qnod
443 1412 488 1449 fuit
483 1425 501 1448 m
510 1412 571 1449 ordine
632 1441 636 1450 .
690 1441 694 1450 .

159 1494 163 1503 .
210 1464 305 1513 Quomodo
314 1464 381 1501 cuidam
388 1478 457 1515 pauperi
453 1464 531 1502 'mulieri
537 1467 608 1514 patienti
617 1468 634 1502 in
642 1465 697 1502 oculis
704 1443 752 1502 dedit

260 1516 359 1553 mantellum

148 1598 152 1606 .
208 1568 303 1617 Quomodo
313 1577 347 1605 tres
356 1568 435 1605 mulieres
444 1579 556 1618 apperuerunt
570 1569 618 1605 sibi
614 1583 631 1605 rn
644 1571 670 1607 via
684 1579 753 1619 etpost

259 1633 322 1656 novam
331 1619 448 1656 salutationem
457 1621 575 1669 disparuerunt
633 1649 637 1658 .
691 1647 695 1657 .
748 1649 753 1658 .

161 1699 165 1709 .
209 1671 240 1708 De
255 1671 312 1708 studio
330 1673 411 1709 orationis
426 1672 480 1708 etde
496 1681 573 1720 tempore
590 1671 630 1709 loco
647 1682 665 1709 et
682 1674 753 1709 affectus

260 1724 323 1761 orantis
345 1752 752 1762 ........

70 1775 175 1826 LXXVIJ.
211 1776 240 1813 De
249 1778 296 1813 horis
305 1777 390 1812 canonicis
399 1776 461 1814 devote
470 1776 581 1813 reddendis.
634 1805 638 1814 .
691 1806 696 1815 .
749 1806 754 1815 .

70 1827 186 1877 LXXVIIJ
217 1828 307 1876 Qualiter
316 1841 365 1864 orans
374 1829 453 1876 abigebat
461 1830 578 1877 phantasmata
587 1829 655 1876 cordis]
691 1856 695 1864 .
749 1859 754 1866 .

70 1879 162 1915 LXXIX.
211 1879 242 1915 De
251 1888 297 1915 men
299 1892 312 1914 rs
321 1892 394 1915 excessu
402 1905 753 1917 .......

71 1930 155 1969 LXXX.
209 1930 285 1980 Qualem
293 1940 332 1980 post
341 1931 522 1980 orationemprebeba
576 1959 580 1969 .
634 1958 638 1967 .
691 1961 696 1969 .

71 1982 165 2033 LXXXJ.
214 1982 308 2044 Quomodo
324 1983 414 2033 episcopus
427 1984 514 2022 inveniens
527 1984 582 2033 ipsum
596 1993 673 2021 orantem
686 1962 758 2033 loquela

260 2045 334 2085 privatus
343 2044 369 2071 est

71 2087 177 2137 LXXXlJ.
213 2087 308 2148 Quomodo
329 2088 400 2137 quidam
422 2087 484 2126 Abbas
502 2089 554 2125 sensit
571 2088 651 2126 virtutem
673 2090 755 2125 orationis

262 2141 297 2175 eius
348 2167 754 2178 ........

71 2190 189 2239 LXXXIIJ.
212 2190 243 2228 De
251 2189 340 2227 intellectu
348 2192 402 2227 sancti
410 2192 427 2227 in
436 2192 488 2227 111111
496 2190 584 2228 litteris.
635 2219 640 2227 .

72 2241 184 2282 LXXXIV
211 2242 242 2281 De
257 2241 309 2281 verbo
322 2242 430 2293 prophetico,
443 2242 491 2294 quod
504 2243 526 2281 ad
539 2255 598 2294 preces
614 2241 681 2281 cuidam
692 2220 754 2281 fratris

262 2296 373 2345 predicatoris
381 2297 462 2344 exposuit

72 2346 175 2386 LXXXV.
212 2347 243 2384 De
251 2348 291 2392 hiis,
300 2360 338 2397 que,
348 2348 462 2395 interrogatus
470 2361 480 2384 a
489 2347 563 2396 quodam
572 2346 654 2383 cardinali
662 2349 727 2397 aperuit
749 2376 754 2385 .

72 2398 187 2449 LXXXVJ.
216 2399 265 2448 Quid
280 2413 298 2435 se
312 2400 356 2435 scire
370 2399 438 2436 cuidam
451 2398 500 2436 fratri
513 2399 603 2448 respondit*
611 2411 649 2435 cum
658 2400 755 2436 hortaretur

262 2451 284 2485 ad
293 2450 367 2485 studium
377 2450 455 2486 lectionis

72 2501 198 2552 LXXXVIJ.
214 2501 245 2538 Dc
262 2501 324 2549 gladiis
339 2513 381 2550 quos
398 2501 443 2539 vidit
459 2501 511 2538 frater
528 2501 628 2550 pacificus
623 2513 641 2537 m
656 2513 686 2538 ore
701 2502 755 2538 sancti

262 2553 347 2601 fulgentes

73 2604 209 2657 LXXXVII]
214 2605 245 2643 De
258 2605 334 2643 efficacia
352 2617 448 2642 sermonum
466 2608 502 2643 eius
519 2614 537 2643 et
553 2606 652 2643 testimonio
669 2583 756 2643 cuiusdam

264 2659 314 2708 phy'
301 2671 332 2695 1111
327 2657 362 2694 'ad
371 2659 405 2694 hoc
414 2658 455 2694 dato
465 2687 756 2696 ......

33 2733 34 2736 =
74 2708 190 2748 LXXXIX.
215 2709 294 2758 Qualiter
307 2711 368 2746 virtute
381 2709 429 2745 verbi
441 2722 471 2757 per
482 2708 553 2745 fratrem
567 2707 662 2745 silvestrum
671 2707 694 2744 de
703 2717 757 2744 aretio

265 2761 347 2798 demones
355 2758 438 2807 effugavit
466 2788 757 2798 ......

74 2810 120 2850 XC.
215 2813 245 2850 De
257 2814 369 2851 conversione
377 2812 454 2849 eiusdem
464 2812 521 2850 fratris
531 2812 604 2850 silvestri
617 2821 637 2849 et
647 2812 670 2849 de
683 2811 757 2861 quadam

265 2866 317 2917 ipsius
326 2865 391 2903 visione
410 2892 758 2905 .......
