<?xml version="1.0" encoding="UTF-8"?>
<!DOCTYPE html PUBLIC "-//W3C//DTD XHTML 1.0 Transitional//EN"
    "http://www.w3.org/TR/xhtml1/DTD/xhtml1-transitional.dtd">
<html xmlns="http://www.w3.org/1999/xhtml" xml:lang="en" lang="en">
 <head>
  <title>
</title>
<meta http-equiv="Content-Type" content="text/html;charset=utf-8" />
  <meta name='ocr-system' content='tesseract 3.04.00' />
  <meta name='ocr-capabilities' content='ocr_page ocr_carea ocr_par ocr_line ocrx_word'/>
</head>
<body>
  <div class='ocr_page' id='page_1' title='image "./MN5146ucmf_4_0109.png"; bbox 0 0 1919 3169; ppageno 0'>
   <div class='ocr_carea' id='block_1_1' title="bbox 257 49 807 111">
    <p class='ocr_par' dir='ltr' id='par_1_1' title="bbox 257 49 807 111">
     <span class='ocr_line' id='line_1_1' title="bbox 257 49 807 111; baseline -0.004 -15"><span class='ocrx_word' id='word_1_1' title='bbox 257 50 418 96; x_wconf 80' lang='lat' dir='ltr'><strong>LEGENDA</strong></span> <span class='ocrx_word' id='word_1_2' title='bbox 434 49 592 96; x_wconf 90' lang='lat' dir='ltr'><strong>GREGORH</strong></span> <span class='ocrx_word' id='word_1_3' title='bbox 779 63 807 111; x_wconf 83' lang='lat'>57</span> 
     </span>
    </p>
   </div>
   <div class='ocr_carea' id='block_1_2' title="bbox 42 142 811 450">
    <p class='ocr_par' dir='ltr' id='par_1_2' title="bbox 42 142 811 450">
     <span class='ocr_line' id='line_1_2' title="bbox 42 142 810 217; baseline -0.003 -27"><span class='ocrx_word' id='word_1_4' title='bbox 42 145 120 190; x_wconf 88' lang='lat' dir='ltr'>divina</span> <span class='ocrx_word' id='word_1_5' title='bbox 139 145 278 190; x_wconf 79' lang='lat' dir='ltr'>demonium,</span> <span class='ocrx_word' id='word_1_6' title='bbox 311 144 366 189; x_wconf 88' lang='lat' dir='ltr'>At</span> <span class='ocrx_word' id='word_1_7' title='bbox 361 160 409 207; x_wconf 86' lang='lat' dir='ltr'>ipsa</span> <span class='ocrx_word' id='word_1_8' title='bbox 430 143 571 189; x_wconf 80' lang='lat' dir='ltr'>osculabatur</span> <span class='ocrx_word' id='word_1_9' title='bbox 588 143 682 217; x_wconf 84' lang='lat' dir='ltr'>vestigia</span> <span class='ocrx_word' id='word_1_10' title='bbox 703 142 786 204; x_wconf 88' lang='lat' dir='ltr'>pedum</span> <span class='ocrx_word' id='word_1_11' title='bbox 795 151 810 175; x_wconf 83' lang='lat'>³⁷</span> 
     </span>
     <span class='ocr_line' id='line_1_3' title="bbox 42 207 810 272; baseline -0.003 -17"><span class='ocrx_word' id='word_1_12' title='bbox 42 212 89 255; x_wconf 89' lang='lat' dir='ltr'>eius</span> <span class='ocrx_word' id='word_1_13' title='bbox 100 210 180 270; x_wconf 82' lang='lat' dir='ltr'>gratias</span> <span class='ocrx_word' id='word_1_14' title='bbox 192 226 261 272; x_wconf 82' lang='lat' dir='ltr'>agens</span> <span class='ocrx_word' id='word_1_15' title='bbox 278 210 321 256; x_wconf 88' lang='lat' dir='ltr'>deo</span> <span class='ocrx_word' id='word_1_16' title='bbox 341 219 363 254; x_wconf 90' lang='lat' dir='ltr'>et</span> <span class='ocrx_word' id='word_1_17' title='bbox 380 219 457 255; x_wconf 87' lang='lat' dir='ltr'>sancto</span> <span class='ocrx_word' id='word_1_18' title='bbox 468 208 577 255; x_wconf 86' lang='lat' dir='ltr'>francisco</span> <span class='ocrx_word' id='word_1_19' title='bbox 589 224 653 255; x_wconf 79' lang='lat' dir='ltr'>servo</span> <span class='ocrx_word' id='word_1_20' title='bbox 665 208 718 263; x_wconf 85' lang='lat' dir='ltr'>eius,</span> <span class='ocrx_word' id='word_1_21' title='bbox 732 224 770 269; x_wconf 80' lang='lat' dir='ltr'>qur</span> <span class='ocrx_word' id='word_1_22' title='bbox 764 207 810 253; x_wconf 90' lang='lat' dir='ltr'>de</span> 
     </span>
     <span class='ocr_line' id='line_1_4' title="bbox 43 244 811 321; baseline -0.005 0"><span class='ocrx_word' id='word_1_23' title='bbox 43 291 112 321; x_wconf 87' lang='lat' dir='ltr'>manu</span> <span class='ocrx_word' id='word_1_24' title='bbox 139 275 218 320; x_wconf 87' lang='lat' dir='ltr'>mortis</span> <span class='ocrx_word' id='word_1_25' title='bbox 236 274 389 321; x_wconf 76' lang='lat' dir='ltr'>liberauerat38</span> <span class='ocrx_word' id='word_1_26' title='bbox 416 290 473 320; x_wconf 89' lang='lat' dir='ltr'>eam</span> <span class='ocrx_word' id='word_1_27' title='bbox 520 273 625 320; x_wconf 84' lang='lat' dir='ltr'><strong>Tandem</strong></span> <span class='ocrx_word' id='word_1_28' title='bbox 652 244 721 318; x_wconf 82' lang='lat' dir='ltr'>fratei</span> <span class='ocrx_word' id='word_1_29' title='bbox 742 271 811 318; x_wconf 84' lang='lat' dir='ltr'>helias</span> 
     </span>
     <span class='ocr_line' id='line_1_5' title="bbox 44 338 810 401; baseline -0.004 -16"><span class='ocrx_word' id='word_1_30' title='bbox 44 338 153 400; x_wconf 84' lang='lat' dir='ltr'><strong>compulit</strong></span> <span class='ocrx_word' id='word_1_31' title='bbox 172 349 273 386; x_wconf 88' lang='lat' dir='ltr'>sanctum</span> <span class='ocrx_word' id='word_1_32' title='bbox 290 355 362 401; x_wconf 83' lang='lat' dir='ltr'>prece,</span> <span class='ocrx_word' id='word_1_33' title='bbox 379 339 418 401; x_wconf 91' lang='lat' dir='ltr'>qui</span> <span class='ocrx_word' id='word_1_34' title='bbox 434 338 524 384; x_wconf 88' lang='lat' dir='ltr'>locutus</span> <span class='ocrx_word' id='word_1_35' title='bbox 535 349 570 384; x_wconf 90' lang='lat' dir='ltr'>est</span> <span class='ocrx_word' id='word_1_36' title='bbox 585 339 605 384; x_wconf 93' lang='lat' dir='ltr'>ei</span> <span class='ocrx_word' id='word_1_37' title='bbox 622 338 755 383; x_wconf 85' lang='lat' dir='ltr'>certificatus</span> <span class='ocrx_word' id='word_1_38' title='bbox 771 353 810 399; x_wconf 90' lang='lat' dir='ltr'>per</span> 
     </span>
     <span class='ocr_line' id='line_1_6' title="bbox 44 402 607 450; baseline -0.002 0"><span class='ocrx_word' id='word_1_39' title='bbox 44 403 128 450; x_wconf 92' lang='lat' dir='ltr'>multos</span> <span class='ocrx_word' id='word_1_40' title='bbox 145 404 174 450; x_wconf 91' lang='lat' dir='ltr'>de</span> <span class='ocrx_word' id='word_1_41' title='bbox 188 404 320 449; x_wconf 86' lang='lat' dir='ltr'>infirmitate</span> <span class='ocrx_word' id='word_1_42' title='bbox 328 411 344 436; x_wconf 83' lang='lat'>³⁹</span> <span class='ocrx_word' id='word_1_43' title='bbox 355 413 378 449; x_wconf 91' lang='lat' dir='ltr'>et</span> <span class='ocrx_word' id='word_1_44' title='bbox 395 402 527 449; x_wconf 87' lang='lat' dir='ltr'>liberatione</span> <span class='ocrx_word' id='word_1_45' title='bbox 534 412 551 435; x_wconf 81' lang='lat'>⁴⁰</span> <span class='ocrx_word' id='word_1_46' title='bbox 562 420 607 449; x_wconf 90' lang='lat' dir='ltr'>sua.</span> 
     </span>
    </p>
   </div>
   <div class='ocr_carea' id='block_1_3' title="bbox 45 681 917 736">
    <p class='ocr_par' dir='ltr' id='par_1_3' title="bbox 45 681 917 736">
     <span class='ocr_line' id='line_1_7' title="bbox 45 681 917 736; baseline 0.001 -12"><span class='ocrx_word' id='word_1_47' title='bbox 45 683 164 736; x_wconf 83' lang='lat' dir='ltr'>Quomodo</span> <span class='ocrx_word' id='word_1_48' title='bbox 173 684 242 725; x_wconf 86' lang='lat' dir='ltr'>etiam</span> <span class='ocrx_word' id='word_1_49' title='bbox 251 683 313 734; x_wconf 79' lang='lat' dir='ltr'>apud</span> <span class='ocrx_word' id='word_1_50' title='bbox 322 683 436 726; x_wconf 84' lang='lat' dir='ltr'>civitatem</span> <span class='ocrx_word' id='word_1_51' title='bbox 444 683 472 725; x_wconf 86' lang='lat' dir='ltr'>de</span> <span class='ocrx_word' id='word_1_52' title='bbox 479 683 573 726; x_wconf 85' lang='lat' dir='ltr'>castello</span> <span class='ocrx_word' id='word_1_53' title='bbox 580 681 709 724; x_wconf 88' lang='lat' dir='ltr'>demonium</span> <span class='ocrx_word' id='word_1_54' title='bbox 716 681 899 735; x_wconf 68' lang='lat' dir='ltr'>expulit-[Anxa</span> <span class='ocrx_word' id='word_1_55' title='bbox 900 695 917 736; x_wconf 88' lang='lat' dir='ltr'>J]</span> 
     </span>
    </p>
   </div>
   <div class='ocr_carea' id='block_1_4' title="bbox 45 773 816 1840">
    <p class='ocr_par' dir='ltr' id='par_1_4' title="bbox 45 773 816 1817">
     <span class='ocr_line' id='line_1_8' title="bbox 91 773 811 864; baseline -0.004 -18"><span class='ocrx_word' id='word_1_56' title='bbox 91 773 198 864; x_wconf 52' lang='lat' dir='ltr'>⁶Hpud</span> <span class='ocrx_word' id='word_1_57' title='bbox 219 801 333 846; x_wconf 89' lang='lat' dir='ltr'>civitatem</span> <span class='ocrx_word' id='word_1_58' title='bbox 352 800 419 846; x_wconf 84' lang='lat' dir='ltr'>etiam</span> <span class='ocrx_word' id='word_1_59' title='bbox 440 801 469 847; x_wconf 90' lang='lat' dir='ltr'>de</span> <span class='ocrx_word' id='word_1_60' title='bbox 491 799 581 846; x_wconf 88' lang='lat' dir='ltr'>castello</span> <span class='ocrx_word' id='word_1_61' title='bbox 610 799 690 844; x_wconf 87' lang='lat' dir='ltr'>mulier</span> <span class='ocrx_word' id='word_1_62' title='bbox 715 798 811 860; x_wconf 83' lang='lat' dir='ltr'>quedam</span> 
     </span>
     <span class='ocr_line' id='line_1_9' title="bbox 45 862 813 927; baseline -0.003 -18"><span class='ocrx_word' id='word_1_63' title='bbox 45 863 134 909; x_wconf 89' lang='lat' dir='ltr'>obsessa</span> <span class='ocrx_word' id='word_1_64' title='bbox 143 874 189 909; x_wconf 89' lang='lat' dir='ltr'>erat</span> <span class='ocrx_word' id='word_1_65' title='bbox 197 863 337 909; x_wconf 89' lang='lat' dir='ltr'>ademonio.¹</span> <span class='ocrx_word' id='word_1_66' title='bbox 364 864 442 927; x_wconf 82' lang='lat' dir='ltr'>inqua</span> <span class='ocrx_word' id='word_1_67' title='bbox 451 863 541 909; x_wconf 87' lang='lat' dir='ltr'>civitate</span> <span class='ocrx_word' id='word_1_68' title='bbox 548 880 600 909; x_wconf 86' lang='lat' dir='ltr'>cum</span> <span class='ocrx_word' id='word_1_69' title='bbox 609 872 666 909; x_wconf 91' lang='lat' dir='ltr'>esset</span> <span class='ocrx_word' id='word_1_70' title='bbox 672 862 813 909; x_wconf 88' lang='lat' dir='ltr'>beatissimus</span> 
     </span>
     <span class='ocr_line' id='line_1_10' title="bbox 46 927 813 991; baseline -0.001 -18"><span class='ocrx_word' id='word_1_71' title='bbox 46 937 108 991; x_wconf 87' lang='lat' dir='ltr'>pater</span> <span class='ocrx_word' id='word_1_72' title='bbox 118 927 244 986; x_wconf 72' lang='lat' dir='ltr'>franciscus²</span> <span class='ocrx_word' id='word_1_73' title='bbox 256 929 363 991; x_wconf 87' lang='lat' dir='ltr'>perducta</span> <span class='ocrx_word' id='word_1_74' title='bbox 374 939 408 975; x_wconf 93' lang='lat' dir='ltr'>est</span> <span class='ocrx_word' id='word_1_75' title='bbox 424 929 505 975; x_wconf 89' lang='lat' dir='ltr'>mulier</span> <span class='ocrx_word' id='word_1_76' title='bbox 516 929 543 975; x_wconf 89' lang='lat' dir='ltr'>ad</span> <span class='ocrx_word' id='word_1_77' title='bbox 555 929 658 986; x_wconf 84' lang='lat' dir='ltr'>domum,</span> <span class='ocrx_word' id='word_1_78' title='bbox 671 928 694 974; x_wconf 91' lang='lat' dir='ltr'>in</span> <span class='ocrx_word' id='word_1_79' title='bbox 711 943 755 990; x_wconf 91' lang='lat' dir='ltr'>qua</span> <span class='ocrx_word' id='word_1_80' title='bbox 765 928 813 990; x_wconf 89' lang='lat' dir='ltr'>ipse</span> 
     </span>
     <span class='ocr_line' id='line_1_11' title="bbox 47 991 813 1056; baseline -0.001 -17"><span class='ocrx_word' id='word_1_81' title='bbox 47 992 164 1040; x_wconf 82' lang='lat' dir='ltr'>manebat²</span> <span class='ocrx_word' id='word_1_82' title='bbox 181 994 261 1040; x_wconf 90' lang='lat' dir='ltr'>mulier</span> <span class='ocrx_word' id='word_1_83' title='bbox 272 1004 347 1040; x_wconf 87' lang='lat' dir='ltr'>autem</span> <span class='ocrx_word' id='word_1_84' title='bbox 359 993 396 1041; x_wconf 87' lang='lat' dir='ltr'>illa</span> <span class='ocrx_word' id='word_1_85' title='bbox 407 993 462 1040; x_wconf 87' lang='lat' dir='ltr'>foris</span> <span class='ocrx_word' id='word_1_86' title='bbox 477 1004 537 1039; x_wconf 93' lang='lat' dir='ltr'>stans</span> <span class='ocrx_word' id='word_1_87' title='bbox 548 993 606 1056; x_wconf 84' lang='lat' dir='ltr'><strong>cepit</strong></span> <span class='ocrx_word' id='word_1_88' title='bbox 618 991 722 1039; x_wconf 84' lang='lat' dir='ltr'>frendere</span> <span class='ocrx_word' id='word_1_89' title='bbox 738 992 813 1039; x_wconf 91' lang='lat' dir='ltr'>denti-</span> 
     </span>
     <span class='ocr_line' id='line_1_12' title="bbox 47 1058 813 1120; baseline 0 -17"><span class='ocrx_word' id='word_1_90' title='bbox 47 1059 89 1104; x_wconf 87' lang='lat' dir='ltr'>bus</span> <span class='ocrx_word' id='word_1_91' title='bbox 110 1069 133 1104; x_wconf 90' lang='lat' dir='ltr'>et</span> <span class='ocrx_word' id='word_1_92' title='bbox 155 1069 222 1104; x_wconf 89' lang='lat' dir='ltr'>torvo</span> <span class='ocrx_word' id='word_1_93' title='bbox 241 1059 322 1104; x_wconf 84' lang='lat' dir='ltr'>vultu³</span> <span class='ocrx_word' id='word_1_94' title='bbox 339 1059 459 1105; x_wconf 78' lang='lat' dir='ltr'>miserabili</span> <span class='ocrx_word' id='word_1_95' title='bbox 472 1075 527 1104; x_wconf 86' lang='lat' dir='ltr'>voce</span> <span class='ocrx_word' id='word_1_96' title='bbox 544 1058 634 1120; x_wconf 79' lang='lat' dir='ltr'>garrire,</span> <span class='ocrx_word' id='word_1_97' title='bbox 646 1059 704 1104; x_wconf 91' lang='lat' dir='ltr'>sicut</span> <span class='ocrx_word' id='word_1_98' title='bbox 714 1074 763 1103; x_wconf 92' lang='lat' dir='ltr'>mos</span> <span class='ocrx_word' id='word_1_99' title='bbox 780 1068 813 1103; x_wconf 91' lang='lat' dir='ltr'>est</span> 
     </span>
     <span class='ocr_line' id='line_1_13' title="bbox 47 1122 813 1183; baseline 0 -18"><span class='ocrx_word' id='word_1_100' title='bbox 47 1122 168 1183; x_wconf 82' lang='lat' dir='ltr'>spirituum</span> <span class='ocrx_word' id='word_1_101' title='bbox 194 1122 373 1168; x_wconf 90' lang='lat' dir='ltr'>immundorum.</span> <span class='ocrx_word' id='word_1_102' title='bbox 422 1123 494 1167; x_wconf 87' lang='lat' dir='ltr'>Multi</span> <span class='ocrx_word' id='word_1_103' title='bbox 519 1124 579 1166; x_wconf 90' lang='lat' dir='ltr'>enim</span> <span class='ocrx_word' id='word_1_104' title='bbox 603 1123 631 1166; x_wconf 90' lang='lat' dir='ltr'>de</span> <span class='ocrx_word' id='word_1_105' title='bbox 658 1122 748 1167; x_wconf 90' lang='lat' dir='ltr'>civitate</span> <span class='ocrx_word' id='word_1_106' title='bbox 776 1122 813 1166; x_wconf 93' lang='lat' dir='ltr'>illa</span> 
     </span>
     <span class='ocr_line' id='line_1_14' title="bbox 47 1184 814 1249; baseline -0.003 -17"><span class='ocrx_word' id='word_1_107' title='bbox 47 1186 166 1249; x_wconf 86' lang='lat' dir='ltr'>utriusque</span> <span class='ocrx_word' id='word_1_108' title='bbox 177 1202 242 1232; x_wconf 82' lang='lat' dir='ltr'>sexus</span> <span class='ocrx_word' id='word_1_109' title='bbox 257 1186 386 1233; x_wconf 86' lang='lat' dir='ltr'>accedentes</span> <span class='ocrx_word' id='word_1_110' title='bbox 405 1185 542 1249; x_wconf 83' lang='lat' dir='ltr'>rogaverunt</span> <span class='ocrx_word' id='word_1_111' title='bbox 559 1196 663 1231; x_wconf 87' lang='lat' dir='ltr'>sanctum</span> <span class='ocrx_word' id='word_1_112' title='bbox 680 1184 814 1231; x_wconf 84' lang='lat' dir='ltr'>franciscum</span> 
     </span>
     <span class='ocr_line' id='line_1_15' title="bbox 47 1250 814 1313; baseline 0 -18"><span class='ocrx_word' id='word_1_113' title='bbox 47 1267 89 1313; x_wconf 88' lang='lat' dir='ltr'>pro</span> <span class='ocrx_word' id='word_1_114' title='bbox 105 1251 205 1297; x_wconf 86' lang='lat' dir='ltr'>muliere.</span> <span class='ocrx_word' id='word_1_115' title='bbox 240 1251 290 1297; x_wconf 89' lang='lat' dir='ltr'>Diu</span> <span class='ocrx_word' id='word_1_116' title='bbox 307 1267 403 1313; x_wconf 85' lang='lat' dir='ltr'>namque</span> <span class='ocrx_word' id='word_1_117' title='bbox 420 1251 458 1297; x_wconf 88' lang='lat' dir='ltr'>ille</span> <span class='ocrx_word' id='word_1_118' title='bbox 475 1250 601 1313; x_wconf 65' lang='lat' dir='ltr'>malignus4</span> <span class='ocrx_word' id='word_1_119' title='bbox 617 1266 665 1296; x_wconf 91' lang='lat' dir='ltr'>eam</span> <span class='ocrx_word' id='word_1_120' title='bbox 682 1257 814 1297; x_wconf 83' lang='lat' dir='ltr'>vexaverat⁵</span> 
     </span>
     <span class='ocr_line' id='line_1_16' title="bbox 47 1315 814 1377; baseline -0.001 -17"><span class='ocrx_word' id='word_1_121' title='bbox 47 1316 176 1377; x_wconf 88' lang='lat' dir='ltr'>torquendo</span> <span class='ocrx_word' id='word_1_122' title='bbox 197 1325 220 1361; x_wconf 89' lang='lat' dir='ltr'>et</span> <span class='ocrx_word' id='word_1_123' title='bbox 241 1315 293 1361; x_wconf 91' lang='lat' dir='ltr'>illos</span> <span class='ocrx_word' id='word_1_124' title='bbox 314 1316 442 1362; x_wconf 88' lang='lat' dir='ltr'>turbaverat</span> <span class='ocrx_word' id='word_1_125' title='bbox 463 1315 589 1376; x_wconf 86' lang='lat' dir='ltr'>garriendo.</span> <span class='ocrx_word' id='word_1_126' title='bbox 621 1315 729 1360; x_wconf 84' lang='lat' dir='ltr'>Sanctus⁶</span> <span class='ocrx_word' id='word_1_127' title='bbox 751 1325 814 1375; x_wconf 86' lang='lat' dir='ltr'>pater</span> 
     </span>
     <span class='ocr_line' id='line_1_17' title="bbox 48 1377 814 1443; baseline -0.003 -18"><span class='ocrx_word' id='word_1_128' title='bbox 48 1379 110 1425; x_wconf 86' lang='lat' dir='ltr'>misit</span> <span class='ocrx_word' id='word_1_129' title='bbox 121 1389 176 1426; x_wconf 88' lang='lat' dir='ltr'>tunc</span> <span class='ocrx_word' id='word_1_130' title='bbox 187 1380 215 1426; x_wconf 92' lang='lat' dir='ltr'>ad</span> <span class='ocrx_word' id='word_1_131' title='bbox 226 1396 273 1425; x_wconf 87' lang='lat' dir='ltr'>eam</span> <span class='ocrx_word' id='word_1_132' title='bbox 285 1378 384 1438; x_wconf 85' lang='lat' dir='ltr'>fratrem,</span> <span class='ocrx_word' id='word_1_133' title='bbox 397 1380 436 1443; x_wconf 92' lang='lat' dir='ltr'>qui</span> <span class='ocrx_word' id='word_1_134' title='bbox 450 1387 511 1425; x_wconf 89' lang='lat' dir='ltr'>erat⁷</span> <span class='ocrx_word' id='word_1_135' title='bbox 522 1396 606 1435; x_wconf 83' lang='lat' dir='ltr'>secum,</span> <span class='ocrx_word' id='word_1_136' title='bbox 617 1379 712 1441; x_wconf 86' lang='lat' dir='ltr'>experiri</span> <span class='ocrx_word' id='word_1_137' title='bbox 728 1377 814 1434; x_wconf 82' lang='lat' dir='ltr'>volens,</span> 
     </span>
     <span class='ocr_line' id='line_1_18' title="bbox 49 1443 814 1505; baseline -0.001 -15"><span class='ocrx_word' id='word_1_138' title='bbox 49 1455 126 1491; x_wconf 86' lang='lat' dir='ltr'>utrum</span> <span class='ocrx_word' id='word_1_139' title='bbox 145 1443 221 1490; x_wconf 76' lang='lat' dir='ltr'>foret⁸</span> <span class='ocrx_word' id='word_1_140' title='bbox 236 1444 373 1501; x_wconf 83' lang='lat' dir='ltr'>demonium,</span> <span class='ocrx_word' id='word_1_141' title='bbox 392 1453 436 1490; x_wconf 86' lang='lat' dir='ltr'>an⁹</span> <span class='ocrx_word' id='word_1_142' title='bbox 447 1444 550 1505; x_wconf 88' lang='lat' dir='ltr'>deceptio</span> <span class='ocrx_word' id='word_1_143' title='bbox 567 1443 707 1489; x_wconf 84' lang='lat' dir='ltr'>muliebris.10</span> <span class='ocrx_word' id='word_1_144' title='bbox 739 1444 814 1504; x_wconf 71' lang='lat' dir='ltr'>Quem</span> 
     </span>
     <span class='ocr_line' id='line_1_19' title="bbox 48 1508 815 1570; baseline -0.003 -16"><span class='ocrx_word' id='word_1_145' title='bbox 48 1508 129 1554; x_wconf 87' lang='lat' dir='ltr'>videns</span> <span class='ocrx_word' id='word_1_146' title='bbox 152 1508 233 1554; x_wconf 90' lang='lat' dir='ltr'>mulier</span> <span class='ocrx_word' id='word_1_147' title='bbox 256 1509 300 1565; x_wconf 90' lang='lat' dir='ltr'>illa,</span> <span class='ocrx_word' id='word_1_148' title='bbox 321 1508 421 1554; x_wconf 89' lang='lat' dir='ltr'>deridere</span> <span class='ocrx_word' id='word_1_149' title='bbox 443 1508 501 1570; x_wconf 91' lang='lat' dir='ltr'>cepit</span> <span class='ocrx_word' id='word_1_150' title='bbox 521 1509 603 1570; x_wconf 85' lang='lat' dir='ltr'>ipsum,</span> <span class='ocrx_word' id='word_1_151' title='bbox 625 1508 695 1554; x_wconf 91' lang='lat' dir='ltr'>sciens</span> <span class='ocrx_word' id='word_1_152' title='bbox 713 1516 815 1554; x_wconf 89' lang='lat' dir='ltr'>sanctum</span> 
     </span>
     <span class='ocr_line' id='line_1_20' title="bbox 49 1572 815 1626; baseline 0 -9"><span class='ocrx_word' id='word_1_153' title='bbox 49 1572 183 1618; x_wconf 89' lang='lat' dir='ltr'>franciscum</span> <span class='ocrx_word' id='word_1_154' title='bbox 199 1573 292 1618; x_wconf 89' lang='lat' dir='ltr'>minime</span> <span class='ocrx_word' id='word_1_155' title='bbox 306 1572 361 1619; x_wconf 87' lang='lat' dir='ltr'>fore.</span> <span class='ocrx_word' id='word_1_156' title='bbox 396 1574 462 1618; x_wconf 89' lang='lat' dir='ltr'>Pater</span> <span class='ocrx_word' id='word_1_157' title='bbox 484 1582 573 1618; x_wconf 89' lang='lat' dir='ltr'>sanctus</span> <span class='ocrx_word' id='word_1_158' title='bbox 593 1573 653 1617; x_wconf 87' lang='lat' dir='ltr'>intus</span> <span class='ocrx_word' id='word_1_159' title='bbox 675 1581 721 1617; x_wconf 89' lang='lat' dir='ltr'>erat</span> <span class='ocrx_word' id='word_1_160' title='bbox 743 1588 815 1626; x_wconf 80' lang='lat' dir='ltr'>oram,</span> 
     </span>
     <span class='ocr_line' id='line_1_21' title="bbox 50 1636 816 1699; baseline 0 -19"><span class='ocrx_word' id='word_1_161' title='bbox 50 1637 177 1699; x_wconf 80' lang='lat' dir='ltr'>finitaque²²</span> <span class='ocrx_word' id='word_1_162' title='bbox 200 1637 301 1683; x_wconf 87' lang='lat' dir='ltr'>oratione</span> <span class='ocrx_word' id='word_1_163' title='bbox 322 1636 408 1682; x_wconf 79' lang='lat' dir='ltr'>foras¹²</span> <span class='ocrx_word' id='word_1_164' title='bbox 430 1636 507 1682; x_wconf 83' lang='lat' dir='ltr'>exivit.</span> <span class='ocrx_word' id='word_1_165' title='bbox 557 1636 643 1681; x_wconf 85' lang='lat' dir='ltr'>Mulier</span> <span class='ocrx_word' id='word_1_166' title='bbox 665 1646 740 1681; x_wconf 86' lang='lat' dir='ltr'>autern</span> <span class='ocrx_word' id='word_1_167' title='bbox 757 1636 816 1698; x_wconf 80' lang='lat' dir='ltr'>cepit</span> 
     </span>
     <span class='ocr_line' id='line_1_22' title="bbox 51 1700 816 1764; baseline -0.001 -18"><span class='ocrx_word' id='word_1_168' title='bbox 51 1711 151 1757; x_wconf 87' lang='lat' dir='ltr'>tremere,</span> <span class='ocrx_word' id='word_1_169' title='bbox 164 1718 188 1747; x_wconf 91' lang='lat' dir='ltr'>ac</span> <span class='ocrx_word' id='word_1_170' title='bbox 199 1701 296 1748; x_wconf 85' lang='lat' dir='ltr'>volutari</span> <span class='ocrx_word' id='word_1_171' title='bbox 313 1718 380 1764; x_wconf 86' lang='lat' dir='ltr'>super</span> <span class='ocrx_word' id='word_1_172' title='bbox 396 1712 478 1748; x_wconf 87' lang='lat' dir='ltr'>terram</span> <span class='ocrx_word' id='word_1_173' title='bbox 496 1717 542 1747; x_wconf 92' lang='lat' dir='ltr'>non</span> <span class='ocrx_word' id='word_1_174' title='bbox 559 1701 671 1747; x_wconf 88' lang='lat' dir='ltr'>sustinens</span> <span class='ocrx_word' id='word_1_175' title='bbox 680 1709 695 1732; x_wconf 83' lang='lat'>¹³</span> <span class='ocrx_word' id='word_1_176' title='bbox 709 1700 816 1746; x_wconf 88' lang='lat' dir='ltr'>virtutem</span> 
     </span>
     <span class='ocr_line' id='line_1_23' title="bbox 51 1765 816 1840; baseline 0 -30"><span class='ocrx_word' id='word_1_177' title='bbox 51 1767 104 1811; x_wconf 81' lang='lat' dir='ltr'>eius.</span> <span class='ocrx_word' id='word_1_178' title='bbox 139 1766 216 1839; x_wconf 84' lang='lat' dir='ltr'>Quam</span> <span class='ocrx_word' id='word_1_179' title='bbox 241 1783 323 1840; x_wconf 78' lang='lat' dir='ltr'>vocans</span> <span class='ocrx_word' id='word_1_180' title='bbox 345 1766 373 1812; x_wconf 87' lang='lat' dir='ltr'>ad</span> <span class='ocrx_word' id='word_1_181' title='bbox 396 1783 419 1812; x_wconf 89' lang='lat' dir='ltr'>se</span> <span class='ocrx_word' id='word_1_182' title='bbox 441 1775 529 1811; x_wconf 90' lang='lat' dir='ltr'>sanctus</span> <span class='ocrx_word' id='word_1_183' title='bbox 545 1765 667 1811; x_wconf 86' lang='lat' dir='ltr'>franciscus</span> <span class='ocrx_word' id='word_1_184' title='bbox 688 1765 763 1811; x_wconf 84' lang='lat' dir='ltr'>dixit:</span> <span class='ocrx_word' id='word_1_185' title='bbox 789 1766 816 1810; x_wconf 90' lang='lat' dir='ltr'>In</span> 
     </span>
    </p>
   </div>
   <div class='ocr_carea' id='block_1_5' title="bbox 51 1866 818 2278">
    <p class='ocr_par' dir='ltr' id='par_1_5' title="bbox 51 1866 817 2085">
     <span class='ocr_line' id='line_1_24' title="bbox 51 1866 817 1965; baseline -0.001 -27"><span class='ocrx_word' id='word_1_186' title='bbox 51 1892 98 1952; x_wconf 74' lang='lat' dir='ltr'>Qui</span> <span class='ocrx_word' id='word_1_187' title='bbox 111 1891 229 1939; x_wconf 85' lang='lat' dir='ltr'>confestim</span> <span class='ocrx_word' id='word_1_188' title='bbox 247 1893 334 1940; x_wconf 87' lang='lat' dir='ltr'>dimisit</span> <span class='ocrx_word' id='word_1_189' title='bbox 325 1902 398 1939; x_wconf 87' lang='lat' dir='ltr'>team</span> <span class='ocrx_word' id='word_1_190' title='bbox 417 1866 465 1939; x_wconf 81' lang='lat' dir='ltr'>siiie</span> <span class='ocrx_word' id='word_1_191' title='bbox 482 1892 557 1965; x_wconf 80' lang='lat' dir='ltr'>aliqua</span> <span class='ocrx_word' id='word_1_192' title='bbox 574 1892 658 1938; x_wconf 90' lang='lat' dir='ltr'>lesione</span> <span class='ocrx_word' id='word_1_193' title='bbox 675 1892 726 1938; x_wconf 89' lang='lat' dir='ltr'>satis</span> <span class='ocrx_word' id='word_1_194' title='bbox 742 1892 817 1954; x_wconf 86' lang='lat' dir='ltr'>indig-</span> 
     </span>
     <span class='ocr_line' id='line_1_25' title="bbox 52 1955 817 2020; baseline -0.001 -18"><span class='ocrx_word' id='word_1_195' title='bbox 52 1957 171 2004; x_wconf 88' lang='lat' dir='ltr'>nabundus</span> <span class='ocrx_word' id='word_1_196' title='bbox 182 1957 293 2005; x_wconf 87' lang='lat' dir='ltr'>recedens</span> <span class='ocrx_word' id='word_1_197' title='bbox 328 1956 418 2005; x_wconf 86' lang='lat' dir='ltr'>Gratias</span> <span class='ocrx_word' id='word_1_198' title='bbox 429 1956 580 2020; x_wconf 84' lang='lat' dir='ltr'>omnipotenti</span> <span class='ocrx_word' id='word_1_199' title='bbox 574 1955 642 2015; x_wconf 87' lang='lat' dir='ltr'>deo,</span> <span class='ocrx_word' id='word_1_200' title='bbox 650 1957 690 2020; x_wconf 88' lang='lat' dir='ltr'>qui</span> <span class='ocrx_word' id='word_1_201' title='bbox 707 1956 782 2003; x_wconf 87' lang='lat' dir='ltr'>omnia</span> <span class='ocrx_word' id='word_1_202' title='bbox 793 1957 817 2002; x_wconf 92' lang='lat' dir='ltr'>in</span> 
     </span>
     <span class='ocr_line' id='line_1_26' title="bbox 51 2021 278 2085; baseline 0.009 -19"><span class='ocrx_word' id='word_1_203' title='bbox 51 2021 156 2068; x_wconf 90' lang='lat' dir='ltr'>omnibus</span> <span class='ocrx_word' id='word_1_204' title='bbox 167 2032 278 2085; x_wconf 88' lang='lat' dir='ltr'>operatur</span> 
     </span>
    </p>

    <p class='ocr_par' dir='ltr' id='par_1_6' title="bbox 51 2085 817 2278">
     <span class='ocr_line' id='line_1_27' title="bbox 99 2085 817 2150; baseline 0.003 -20"><span class='ocrx_word' id='word_1_205' title='bbox 99 2087 185 2133; x_wconf 90' lang='lat' dir='ltr'>Verum</span> <span class='ocrx_word' id='word_1_206' title='bbox 211 2086 264 2150; x_wconf 88' lang='lat' dir='ltr'>quia</span> <span class='ocrx_word' id='word_1_207' title='bbox 291 2104 337 2133; x_wconf 92' lang='lat' dir='ltr'>non</span> <span class='ocrx_word' id='word_1_208' title='bbox 359 2085 473 2143; x_wconf 77' lang='lat' dir='ltr'>miracula,</span> <span class='ocrx_word' id='word_1_209' title='bbox 499 2095 567 2150; x_wconf 74' lang='lat' dir='ltr'>que¹⁴</span> <span class='ocrx_word' id='word_1_210' title='bbox 589 2087 729 2132; x_wconf 86' lang='lat' dir='ltr'>sanctitatem</span> <span class='ocrx_word' id='word_1_211' title='bbox 748 2103 793 2132; x_wconf 92' lang='lat' dir='ltr'>non</span> <span class='ocrx_word' id='word_1_212' title='bbox 801 2094 817 2118; x_wconf 84' lang='lat'>¹⁵</span> 
     </span>
     <span class='ocr_line' id='line_1_28' title="bbox 51 2149 817 2213; baseline 0.003 -18"><span class='ocrx_word' id='word_1_213' title='bbox 51 2149 145 2208; x_wconf 86' lang='lat' dir='ltr'>faciunt,</span> <span class='ocrx_word' id='word_1_214' title='bbox 165 2151 204 2198; x_wconf 92' lang='lat' dir='ltr'>sed</span> <span class='ocrx_word' id='word_1_215' title='bbox 222 2152 351 2209; x_wconf 86' lang='lat' dir='ltr'>ostendunt,</span> <span class='ocrx_word' id='word_1_216' title='bbox 371 2152 410 2198; x_wconf 88' lang='lat' dir='ltr'>sed</span> <span class='ocrx_word' id='word_1_217' title='bbox 419 2152 435 2178; x_wconf 83' lang='lat'>¹⁶</span> <span class='ocrx_word' id='word_1_218' title='bbox 453 2151 531 2213; x_wconf 91' lang='lat' dir='ltr'>potius</span> <span class='ocrx_word' id='word_1_219' title='bbox 552 2150 703 2197; x_wconf 83' lang='lat' dir='ltr'>excellentiam</span> <span class='ocrx_word' id='word_1_220' title='bbox 721 2150 768 2196; x_wconf 89' lang='lat' dir='ltr'>vite</span> <span class='ocrx_word' id='word_1_221' title='bbox 793 2168 817 2197; x_wconf 91' lang='lat' dir='ltr'>ac</span> 
     </span>
     <span class='ocr_line' id='line_1_29' title="bbox 52 2215 818 2278; baseline 0.001 -19"><span class='ocrx_word' id='word_1_222' title='bbox 52 2216 223 2261; x_wconf 87' lang='lat' dir='ltr'>sincerissimam</span> <span class='ocrx_word' id='word_1_223' title='bbox 241 2216 416 2263; x_wconf 87' lang='lat' dir='ltr'>conversationis</span> <span class='ocrx_word' id='word_1_224' title='bbox 429 2216 499 2278; x_wconf 89' lang='lat' dir='ltr'>ipsius</span> <span class='ocrx_word' id='word_1_225' title='bbox 515 2215 611 2261; x_wconf 88' lang='lat' dir='ltr'>formam</span> <span class='ocrx_word' id='word_1_226' title='bbox 623 2215 764 2262; x_wconf 87' lang='lat' dir='ltr'>decrevimus</span> <span class='ocrx_word' id='word_1_227' title='bbox 780 2232 818 2261; x_wconf 84' lang='lat' dir='ltr'>ex-</span> 
     </span>
    </p>
   </div>
   <div class='ocr_carea' id='block_1_6' title="bbox 52 2279 818 2392">
    <p class='ocr_par' dir='ltr' id='par_1_7' title="bbox 52 2279 818 2392">
     <span class='ocr_line' id='line_1_30' title="bbox 53 2279 818 2343; baseline 0.001 -19"><span class='ocrx_word' id='word_1_228' title='bbox 53 2279 147 2341; x_wconf 89' lang='lat' dir='ltr'>planare,</span> <span class='ocrx_word' id='word_1_229' title='bbox 166 2281 210 2327; x_wconf 91' lang='lat' dir='ltr'>hiis</span> <span class='ocrx_word' id='word_1_230' title='bbox 226 2297 266 2343; x_wconf 88' lang='lat' dir='ltr'>pre</span> <span class='ocrx_word' id='word_1_231' title='bbox 287 2281 402 2328; x_wconf 83' lang='lat' dir='ltr'>nimietate</span> <span class='ocrx_word' id='word_1_232' title='bbox 423 2281 533 2337; x_wconf 86' lang='lat' dir='ltr'>obmissis,</span> <span class='ocrx_word' id='word_1_233' title='bbox 557 2290 632 2327; x_wconf 89' lang='lat' dir='ltr'>eterne</span> <span class='ocrx_word' id='word_1_234' title='bbox 651 2279 728 2327; x_wconf 86' lang='lat' dir='ltr'>salutis</span> <span class='ocrx_word' id='word_1_235' title='bbox 749 2297 818 2342; x_wconf 87' lang='lat' dir='ltr'>opera</span> 
     </span>
     <span class='ocr_line' id='line_1_31' title="bbox 52 2353 183 2392; baseline 0.023 -4"><span class='ocrx_word' id='word_1_236' title='bbox 52 2353 183 2392; x_wconf 79' lang='lat' dir='ltr'>retexemus,</span> 
     </span>
    </p>
   </div>
   <div class='ocr_carea' id='block_1_7' title="bbox 78 2471 803 2822">
    <p class='ocr_par' dir='ltr' id='par_1_8' title="bbox 79 2471 765 2524">
     <span class='ocr_line' id='line_1_32' title="bbox 79 2471 765 2524; baseline 0 -14"><span class='ocrx_word' id='word_1_237' title='bbox 79 2475 94 2500; x_wconf 76' lang='lat'>³⁷</span> <span class='ocrx_word' id='word_1_238' title='bbox 104 2473 124 2511; x_wconf 87' lang='lat' dir='ltr'>L.</span> <span class='ocrx_word' id='word_1_239' title='bbox 134 2473 188 2524; x_wconf 87' lang='lat' dir='ltr'>pedis.</span> <span class='ocrx_word' id='word_1_240' title='bbox 241 2471 256 2500; x_wconf 71' lang='lat'>³⁸</span> <span class='ocrx_word' id='word_1_241' title='bbox 266 2475 300 2511; x_wconf 80' lang='lat' dir='ltr'>Os.</span> <span class='ocrx_word' id='word_1_242' title='bbox 309 2472 393 2511; x_wconf 87' lang='lat' dir='ltr'>liberavit.</span> <span class='ocrx_word' id='word_1_243' title='bbox 445 2476 461 2503; x_wconf 79' lang='lat'>³9</span> <span class='ocrx_word' id='word_1_244' title='bbox 471 2472 492 2510; x_wconf 86' lang='lat' dir='ltr'>L.</span> <span class='ocrx_word' id='word_1_245' title='bbox 501 2473 536 2510; x_wconf 85' lang='lat' dir='ltr'>and</span> <span class='ocrx_word' id='word_1_246' title='bbox 545 2474 578 2510; x_wconf 87' lang='lat' dir='ltr'>Os.</span> <span class='ocrx_word' id='word_1_247' title='bbox 587 2471 622 2509; x_wconf 91' lang='lat' dir='ltr'>add</span> <span class='ocrx_word' id='word_1_248' title='bbox 631 2482 649 2508; x_wconf 90' lang='lat' dir='ltr'>ut</span> <span class='ocrx_word' id='word_1_249' title='bbox 658 2472 725 2510; x_wconf 86' lang='lat' dir='ltr'>dietum</span> <span class='ocrx_word' id='word_1_250' title='bbox 734 2482 765 2511; x_wconf 81' lang='lat' dir='ltr'>est.</span> 
     </span>
    </p>

    <p class='ocr_par' dir='ltr' id='par_1_9' title="bbox 78 2525 274 2563">
     <span class='ocr_line' id='line_1_33' title="bbox 78 2525 274 2563; baseline 0.005 -2"><span class='ocrx_word' id='word_1_251' title='bbox 78 2528 94 2553; x_wconf 75' lang='lat'>4⁰</span> <span class='ocrx_word' id='word_1_252' title='bbox 104 2527 136 2563; x_wconf 88' lang='lat' dir='ltr'>Os.</span> <span class='ocrx_word' id='word_1_253' title='bbox 145 2525 274 2562; x_wconf 81' lang='lat' dir='ltr'>deliberatione.</span> 
     </span>
    </p>

    <p class='ocr_par' dir='ltr' id='par_1_10' title="bbox 80 2575 704 2615">
     <span class='ocr_line' id='line_1_34' title="bbox 80 2575 704 2615; baseline -0.002 -1"><span class='ocrx_word' id='word_1_254' title='bbox 80 2577 218 2615; x_wconf 77' lang='lat' dir='ltr'>¹0ademone.</span> <span class='ocrx_word' id='word_1_255' title='bbox 239 2598 242 2600; x_wconf 90' lang='grc'>-</span> <span class='ocrx_word' id='word_1_256' title='bbox 346 2577 446 2615; x_wconf 82' lang='lat' dir='ltr'>²0s.erat.</span> <span class='ocrx_word' id='word_1_257' title='bbox 575 2575 704 2613; x_wconf 82' lang='lat' dir='ltr'>³H.addsac.</span> 
     </span>
    </p>

    <p class='ocr_par' dir='ltr' id='par_1_11' title="bbox 79 2628 785 2720">
     <span class='ocr_line' id='line_1_35' title="bbox 79 2628 785 2679; baseline 0.001 -13"><span class='ocrx_word' id='word_1_258' title='bbox 79 2629 117 2666; x_wconf 75' lang='lat' dir='ltr'>4L.</span> <span class='ocrx_word' id='word_1_259' title='bbox 125 2631 202 2667; x_wconf 79' lang='lat' dir='ltr'>ande.</span> <span class='ocrx_word' id='word_1_260' title='bbox 210 2628 245 2667; x_wconf 89' lang='lat' dir='ltr'>add</span> <span class='ocrx_word' id='word_1_261' title='bbox 253 2639 276 2667; x_wconf 89' lang='lat' dir='ltr'>et.</span> <span class='ocrx_word' id='word_1_262' title='bbox 303 2629 336 2666; x_wconf 80' lang='lat' dir='ltr'>Os.</span> <span class='ocrx_word' id='word_1_263' title='bbox 345 2628 389 2665; x_wconf 87' lang='lat' dir='ltr'>adds</span> <span class='ocrx_word' id='word_1_264' title='bbox 398 2629 472 2679; x_wconf 83' lang='lat' dir='ltr'>spiritus.</span> <span class='ocrx_word' id='word_1_265' title='bbox 524 2630 563 2667; x_wconf 86' lang='lat' dir='ltr'>⁵L.</span> <span class='ocrx_word' id='word_1_266' title='bbox 573 2628 653 2666; x_wconf 78' lang='lat' dir='ltr'>vexabat.</span> <span class='ocrx_word' id='word_1_267' title='bbox 680 2630 718 2666; x_wconf 82' lang='lat' dir='ltr'>Ox.</span> <span class='ocrx_word' id='word_1_268' title='bbox 728 2629 785 2667; x_wconf 84' lang='lat' dir='ltr'>omits.</span> 
     </span>
     <span class='ocr_line' id='line_1_36' title="bbox 79 2679 709 2720; baseline -0.002 -1"><span class='ocrx_word' id='word_1_269' title='bbox 79 2679 129 2719; x_wconf 82' lang='lat' dir='ltr'>⁶0s.</span> <span class='ocrx_word' id='word_1_270' title='bbox 138 2682 182 2719; x_wconf 86' lang='lat' dir='ltr'>adds</span> <span class='ocrx_word' id='word_1_271' title='bbox 191 2690 254 2720; x_wconf 83' lang='lat' dir='ltr'>noster.</span> <span class='ocrx_word' id='word_1_272' title='bbox 307 2680 405 2719; x_wconf 85' lang='lat' dir='ltr'>⁷Os.fuit.</span> <span class='ocrx_word' id='word_1_273' title='bbox 457 2679 563 2718; x_wconf 78' lang='lat' dir='ltr'>⁸Ox.erat.</span> <span class='ocrx_word' id='word_1_274' title='bbox 615 2681 709 2719; x_wconf 82' lang='lat' dir='ltr'>9Os.vel.</span> 
     </span>
    </p>

    <p class='ocr_par' dir='ltr' id='par_1_12' title="bbox 80 2733 618 2783">
     <span class='ocr_line' id='line_1_37' title="bbox 80 2733 618 2783; baseline -0.002 -13"><span class='ocrx_word' id='word_1_275' title='bbox 80 2736 95 2755; x_wconf 76' lang='lat'>1⁰</span> <span class='ocrx_word' id='word_1_276' title='bbox 104 2734 126 2770; x_wconf 91' lang='lat' dir='ltr'>L.</span> <span class='ocrx_word' id='word_1_277' title='bbox 136 2733 217 2771; x_wconf 89' lang='lat' dir='ltr'>mulieris.</span> <span class='ocrx_word' id='word_1_278' title='bbox 270 2738 284 2757; x_wconf 71' lang='grc' dir='ltr'>Π</span> <span class='ocrx_word' id='word_1_279' title='bbox 295 2735 333 2771; x_wconf 83' lang='lat' dir='ltr'>Ox.</span> <span class='ocrx_word' id='word_1_280' title='bbox 342 2734 393 2770; x_wconf 90' lang='lat' dir='ltr'>omits</span> <span class='ocrx_word' id='word_1_281' title='bbox 402 2747 441 2783; x_wconf 90' lang='lat' dir='ltr'>que.</span> <span class='ocrx_word' id='word_1_282' title='bbox 494 2736 509 2756; x_wconf 77' lang='lat'>1²</span> <span class='ocrx_word' id='word_1_283' title='bbox 518 2735 551 2771; x_wconf 89' lang='lat' dir='ltr'>Os.</span> <span class='ocrx_word' id='word_1_284' title='bbox 561 2733 618 2770; x_wconf 84' lang='lat' dir='ltr'>omits.</span> 
     </span>
    </p>

    <p class='ocr_par' dir='ltr' id='par_1_13' title="bbox 80 2783 803 2822">
     <span class='ocr_line' id='line_1_38' title="bbox 80 2783 803 2822; baseline 0.001 -2"><span class='ocrx_word' id='word_1_285' title='bbox 80 2788 94 2811; x_wconf 73' lang='lat'>¹³</span> <span class='ocrx_word' id='word_1_286' title='bbox 102 2787 139 2822; x_wconf 82' lang='lat' dir='ltr'>Ox.</span> <span class='ocrx_word' id='word_1_287' title='bbox 146 2795 235 2822; x_wconf 85' lang='lat' dir='ltr'>susteuene</span> <span class='ocrx_word' id='word_1_288' title='bbox 242 2785 307 2822; x_wconf 87' lang='lat' dir='ltr'>volens.</span> <span class='ocrx_word' id='word_1_289' title='bbox 360 2789 374 2814; x_wconf 75' lang='lat'>¹⁴</span> <span class='ocrx_word' id='word_1_290' title='bbox 382 2787 415 2822; x_wconf 92' lang='lat' dir='ltr'>Os.</span> <span class='ocrx_word' id='word_1_291' title='bbox 421 2786 478 2821; x_wconf 81' lang='lat' dir='ltr'>omits.</span> <span class='ocrx_word' id='word_1_292' title='bbox 520 2787 535 2813; x_wconf 76' lang='lat'>¹5</span> <span class='ocrx_word' id='word_1_293' title='bbox 541 2788 574 2822; x_wconf 88' lang='lat' dir='ltr'>Os.</span> <span class='ocrx_word' id='word_1_294' title='bbox 579 2786 637 2820; x_wconf 87' lang='lat' dir='ltr'>omits.</span> <span class='ocrx_word' id='word_1_295' title='bbox 686 2783 739 2822; x_wconf 79' lang='lat' dir='ltr'>¹⁶Os.</span> <span class='ocrx_word' id='word_1_296' title='bbox 745 2786 803 2822; x_wconf 90' lang='lat' dir='ltr'>omits.</span> 
     </span>
    </p>
   </div>
   <div class='ocr_carea' id='block_1_8' title="bbox 0 0 978 3169">
    <p class='ocr_par' dir='ltr' id='par_1_14' title="bbox 0 0 978 3169">
     <span class='ocr_line' id='line_1_39' title="bbox 0 0 978 3169; baseline 0 0"><span class='ocrx_word' id='word_1_297' title='bbox 0 0 978 3169; x_wconf 95' lang='lat' dir='ltr'> </span> 
     </span>
    </p>
   </div>
  </div>
 </body>
</html>
