<?xml version="1.0" encoding="UTF-8"?>
<!DOCTYPE html PUBLIC "-//W3C//DTD XHTML 1.0 Transitional//EN"
    "http://www.w3.org/TR/xhtml1/DTD/xhtml1-transitional.dtd">
<html xmlns="http://www.w3.org/1999/xhtml" xml:lang="en" lang="en">
 <head>
  <title>
</title>
<meta http-equiv="Content-Type" content="text/html;charset=utf-8" />
  <meta name='ocr-system' content='tesseract 3.04.00' />
  <meta name='ocr-capabilities' content='ocr_page ocr_carea ocr_par ocr_line ocrx_word'/>
</head>
<body>
  <div class='ocr_page' id='page_1' title='image "./MN5146ucmf_4_0227.png"; bbox 0 0 1919 3169; ppageno 0'>
   <div class='ocr_carea' id='block_1_1' title="bbox 277 86 819 148">
    <p class='ocr_par' dir='ltr' id='par_1_1' title="bbox 277 86 819 148">
     <span class='ocr_line' id='line_1_1' title="bbox 277 86 819 148; baseline 0 -15"><span class='ocrx_word' id='word_1_1' title='bbox 277 87 436 134; x_wconf 76' lang='lat' dir='ltr'>ruonnun</span> <span class='ocrx_word' id='word_1_2' title='bbox 453 86 608 148; x_wconf 71' lang='lat' dir='ltr'>anrroua</span> <span class='ocrx_word' id='word_1_3' title='bbox 792 88 819 134; x_wconf 67' lang='grc' dir='ltr'>ει</span> 
     </span>
    </p>
   </div>
   <div class='ocr_carea' id='block_1_2' title="bbox 59 182 825 488">
    <p class='ocr_par' dir='ltr' id='par_1_2' title="bbox 59 182 825 488">
     <span class='ocr_line' id='line_1_2' title="bbox 59 182 824 244; baseline 0 -16"><span class='ocrx_word' id='word_1_4' title='bbox 59 198 194 243; x_wconf 86' lang='lat' dir='ltr'>cognoscens</span> <span class='ocrx_word' id='word_1_5' title='bbox 210 184 255 229; x_wconf 88' lang='lat' dir='ltr'>ait:</span> <span class='ocrx_word' id='word_1_6' title='bbox 273 183 376 244; x_wconf 85' lang='lat' dir='ltr'>Precipio</span> <span class='ocrx_word' id='word_1_7' title='bbox 392 184 463 238; x_wconf 90' lang='lat' dir='ltr'>vobis,</span> <span class='ocrx_word' id='word_1_8' title='bbox 475 183 590 238; x_wconf 85' lang='lat' dir='ltr'>demones,</span> <span class='ocrx_word' id='word_1_9' title='bbox 600 184 624 227; x_wconf 93' lang='lat' dir='ltr'>in</span> <span class='ocrx_word' id='word_1_10' title='bbox 639 182 726 229; x_wconf 84' lang='lat' dir='ltr'>virtute</span> <span class='ocrx_word' id='word_1_11' title='bbox 742 183 786 240; x_wconf 84' lang='lat' dir='ltr'>dei,</span> <span class='ocrx_word' id='word_1_12' title='bbox 797 194 824 228; x_wconf 91' lang='lat' dir='ltr'>ut</span> 
     </span>
     <span class='ocr_line' id='line_1_3' title="bbox 59 245 825 309; baseline 0.001 -18"><span class='ocrx_word' id='word_1_13' title='bbox 59 245 158 292; x_wconf 84' lang='lat' dir='ltr'>admodo</span> <span class='ocrx_word' id='word_1_14' title='bbox 179 245 271 292; x_wconf 89' lang='lat' dir='ltr'>fratrem</span> <span class='ocrx_word' id='word_1_15' title='bbox 293 263 370 293; x_wconf 90' lang='lat' dir='ltr'>meum</span> <span class='ocrx_word' id='word_1_16' title='bbox 392 262 437 291; x_wconf 94' lang='lat' dir='ltr'>non</span> <span class='ocrx_word' id='word_1_17' title='bbox 464 245 611 309; x_wconf 86' lang='lat' dir='ltr'>impugnetis,</span> <span class='ocrx_word' id='word_1_18' title='bbox 633 247 691 293; x_wconf 90' lang='lat' dir='ltr'>sicut</span> <span class='ocrx_word' id='word_1_19' title='bbox 718 247 825 293; x_wconf 87' lang='lat' dir='ltr'>hactenus</span> 
     </span>
     <span class='ocr_line' id='line_1_4' title="bbox 59 311 825 376; baseline -0.001 -18"><span class='ocrx_word' id='word_1_20' title='bbox 59 312 231 374; x_wconf 78' lang='lat' dir='ltr'>presumpsistis.</span> <span class='ocrx_word' id='word_1_21' title='bbox 264 313 321 359; x_wconf 82' lang='lat' dir='ltr'>Mox</span> <span class='ocrx_word' id='word_1_22' title='bbox 348 312 446 358; x_wconf 91' lang='lat' dir='ltr'>discussa</span> <span class='ocrx_word' id='word_1_23' title='bbox 472 311 616 359; x_wconf 91' lang='lat' dir='ltr'>tenebrarum</span> <span class='ocrx_word' id='word_1_24' title='bbox 643 311 743 376; x_wconf 87' lang='lat' dir='ltr'>caligine,</span> <span class='ocrx_word' id='word_1_25' title='bbox 768 312 825 359; x_wconf 88' lang='lat' dir='ltr'>liber</span> 
     </span>
     <span class='ocr_line' id='line_1_5' title="bbox 59 376 825 440; baseline 0 -18"><span class='ocrx_word' id='word_1_26' title='bbox 59 377 127 423; x_wconf 84' lang='lat' dir='ltr'>frater</span> <span class='ocrx_word' id='word_1_27' title='bbox 137 378 235 440; x_wconf 83' lang='lat' dir='ltr'>exurgit,</span> <span class='ocrx_word' id='word_1_28' title='bbox 246 394 285 423; x_wconf 93' lang='lat' dir='ltr'>nec</span> <span class='ocrx_word' id='word_1_29' title='bbox 296 376 347 439; x_wconf 91' lang='lat' dir='ltr'>plus</span> <span class='ocrx_word' id='word_1_30' title='bbox 356 378 497 423; x_wconf 85' lang='lat' dir='ltr'>vexationem</span> <span class='ocrx_word' id='word_1_31' title='bbox 509 378 585 433; x_wconf 82' lang='lat' dir='ltr'>sentit,</span> <span class='ocrx_word' id='word_1_32' title='bbox 593 394 661 439; x_wconf 86' lang='lat' dir='ltr'>quam</span> <span class='ocrx_word' id='word_1_33' title='bbox 670 379 688 423; x_wconf 93' lang='lat' dir='ltr'>si</span> <span class='ocrx_word' id='word_1_34' title='bbox 697 377 825 424; x_wconf 89' lang='lat' dir='ltr'>nullatenus</span> 
     </span>
     <span class='ocr_line' id='line_1_6' title="bbox 60 440 179 488; baseline 0.008 -2"><span class='ocrx_word' id='word_1_35' title='bbox 60 440 179 488; x_wconf 81' lang='lat' dir='ltr'>habuisset.</span> 
     </span>
    </p>
   </div>
   <div class='ocr_carea' id='block_1_3' title="bbox 60 548 901 1719">
    <p class='ocr_par' dir='ltr' id='par_1_3' title="bbox 60 548 901 1719">
     <span class='ocr_line' id='line_1_7' title="bbox 105 548 896 640; baseline 0.003 -18"><span class='ocrx_word' id='word_1_36' title='bbox 105 548 181 640; x_wconf 54' lang='lat' dir='ltr'>st</span> <span class='ocrx_word' id='word_1_37' title='bbox 208 574 275 621; x_wconf 91' lang='lat' dir='ltr'>bruta</span> <span class='ocrx_word' id='word_1_38' title='bbox 299 589 390 637; x_wconf 90' lang='lat' dir='ltr'>quoque</span> <span class='ocrx_word' id='word_1_39' title='bbox 416 573 512 621; x_wconf 89' lang='lat' dir='ltr'>verbum</span> <span class='ocrx_word' id='word_1_40' title='bbox 538 589 606 621; x_wconf 91' lang='lat' dir='ltr'>suurn</span> <span class='ocrx_word' id='word_1_41' title='bbox 633 574 734 620; x_wconf 80' lang='lat' dir='ltr'>mirande</span> <span class='ocrx_word' id='word_1_42' title='bbox 757 574 896 626; x_wconf 61' lang='lat' dir='ltr'>fuissent-JK]</span> 
     </span>
     <span class='ocr_line' id='line_1_8' title="bbox 60 639 826 704; baseline -0.003 -16"><span class='ocrx_word' id='word_1_43' title='bbox 60 642 151 689; x_wconf 86' lang='lat' dir='ltr'>virtutis</span> <span class='ocrx_word' id='word_1_44' title='bbox 172 639 224 686; x_wconf 89' lang='lat' dir='ltr'>alibi</span> <span class='ocrx_word' id='word_1_45' title='bbox 250 640 303 686; x_wconf 88' lang='lat' dir='ltr'>satis</span> <span class='ocrx_word' id='word_1_46' title='bbox 330 639 416 695; x_wconf 81' lang='lat' dir='ltr'>elucet3</span> <span class='ocrx_word' id='word_1_47' title='bbox 442 649 533 702; x_wconf 88' lang='lat' dir='ltr'>tangam</span> <span class='ocrx_word' id='word_1_48' title='bbox 559 649 634 685; x_wconf 88' lang='lat' dir='ltr'>tamen</span> <span class='ocrx_word' id='word_1_49' title='bbox 661 656 741 698; x_wconf 88' lang='lat' dir='ltr'>unum,</span> <span class='ocrx_word' id='word_1_50' title='bbox 763 641 826 704; x_wconf 92' lang='lat' dir='ltr'>quod</span> 
     </span>
     <span class='ocr_line' id='line_1_9' title="bbox 60 704 825 764; baseline -0.005 -12"><span class='ocrx_word' id='word_1_51' title='bbox 60 708 88 752; x_wconf 89' lang='lat' dir='ltr'>ad</span> <span class='ocrx_word' id='word_1_52' title='bbox 104 723 197 752; x_wconf 91' lang='lat' dir='ltr'>manum</span> <span class='ocrx_word' id='word_1_53' title='bbox 219 714 259 749; x_wconf 87' lang='lat' dir='ltr'>est.</span> <span class='ocrx_word' id='word_1_54' title='bbox 293 704 419 763; x_wconf 89' lang='lat' dir='ltr'>Hospitato</span> <span class='ocrx_word' id='word_1_55' title='bbox 441 705 538 764; x_wconf 90' lang='lat' dir='ltr'>quadam</span> <span class='ocrx_word' id='word_1_56' title='bbox 561 714 626 748; x_wconf 87' lang='lat' dir='ltr'>nocte</span> <span class='ocrx_word' id='word_1_57' title='bbox 648 720 713 749; x_wconf 85' lang='lat' dir='ltr'>servo</span> <span class='ocrx_word' id='word_1_58' title='bbox 737 705 825 748; x_wconf 79' lang='lat' dir='ltr'>Excelsi</span> 
     </span>
     <span class='ocr_line' id='line_1_10' title="bbox 60 766 824 832; baseline 0 -18"><span class='ocrx_word' id='word_1_59' title='bbox 60 770 120 832; x_wconf 87' lang='lat' dir='ltr'>apud</span> <span class='ocrx_word' id='word_1_60' title='bbox 137 768 298 815; x_wconf 87' lang='lat' dir='ltr'>monasterium</span> <span class='ocrx_word' id='word_1_61' title='bbox 311 767 380 812; x_wconf 85' lang='lat' dir='ltr'>sancti</span> <span class='ocrx_word' id='word_1_62' title='bbox 391 767 527 826; x_wconf 87' lang='lat' dir='ltr'>verecundii,</span> <span class='ocrx_word' id='word_1_63' title='bbox 536 766 564 813; x_wconf 92' lang='lat' dir='ltr'>de</span> <span class='ocrx_word' id='word_1_64' title='bbox 575 768 704 830; x_wconf 88' lang='lat' dir='ltr'>episcopatu</span> <span class='ocrx_word' id='word_1_65' title='bbox 715 768 824 830; x_wconf 84' lang='lat' dir='ltr'>Eugubii‚</span> 
     </span>
     <span class='ocr_line' id='line_1_11' title="bbox 61 832 826 898; baseline 0 -18"><span class='ocrx_word' id='word_1_66' title='bbox 61 835 149 882; x_wconf 89' lang='lat' dir='ltr'>ovicula</span> <span class='ocrx_word' id='word_1_67' title='bbox 165 834 262 898; x_wconf 90' lang='lat' dir='ltr'>quedam</span> <span class='ocrx_word' id='word_1_68' title='bbox 279 833 409 897; x_wconf 80' lang='lat' dir='ltr'>agniculum</span> <span class='ocrx_word' id='word_1_69' title='bbox 425 833 511 895; x_wconf 77' lang='lat' dir='ltr'>peperit</span> <span class='ocrx_word' id='word_1_70' title='bbox 527 832 565 879; x_wconf 91' lang='lat' dir='ltr'>illa</span> <span class='ocrx_word' id='word_1_71' title='bbox 581 842 652 880; x_wconf 92' lang='lat' dir='ltr'>nocte.</span> <span class='ocrx_word' id='word_1_72' title='bbox 686 832 771 880; x_wconf 81' lang='lat' dir='ltr'>Aderat</span> <span class='ocrx_word' id='word_1_73' title='bbox 788 850 826 881; x_wconf 90' lang='lat' dir='ltr'>sus</span> 
     </span>
     <span class='ocr_line' id='line_1_12' title="bbox 61 898 825 960; baseline -0.004 -14"><span class='ocrx_word' id='word_1_74' title='bbox 61 901 214 946; x_wconf 91' lang='lat' dir='ltr'>crudelissima</span> <span class='ocrx_word' id='word_1_75' title='bbox 231 915 274 960; x_wconf 92' lang='lat' dir='ltr'>que</span> <span class='ocrx_word' id='word_1_76' title='bbox 291 899 338 943; x_wconf 89' lang='lat' dir='ltr'>vite</span> <span class='ocrx_word' id='word_1_77' title='bbox 357 898 482 943; x_wconf 89' lang='lat' dir='ltr'>innocentis</span> <span class='ocrx_word' id='word_1_78' title='bbox 500 913 546 942; x_wconf 91' lang='lat' dir='ltr'>non</span> <span class='ocrx_word' id='word_1_79' title='bbox 564 914 661 959; x_wconf 79' lang='lat' dir='ltr'>parcens,</span> <span class='ocrx_word' id='word_1_80' title='bbox 681 899 753 960; x_wconf 79' lang='lat' dir='ltr'>rapaci</span> <span class='ocrx_word' id='word_1_81' title='bbox 773 915 825 944; x_wconf 91' lang='lat' dir='ltr'>eum</span> 
     </span>
     <span class='ocr_line' id='line_1_13' title="bbox 61 961 827 1026; baseline -0.001 -16"><span class='ocrx_word' id='word_1_82' title='bbox 61 980 138 1010; x_wconf 91' lang='lat' dir='ltr'>morsu</span> <span class='ocrx_word' id='word_1_83' title='bbox 149 963 242 1010; x_wconf 79' lang='lat' dir='ltr'>necavit.</span> <span class='ocrx_word' id='word_1_84' title='bbox 275 962 394 1026; x_wconf 84' lang='lat' dir='ltr'>Surgentes</span> <span class='ocrx_word' id='word_1_85' title='bbox 410 961 511 1007; x_wconf 90' lang='lat' dir='ltr'>homines</span> <span class='ocrx_word' id='word_1_86' title='bbox 529 978 600 1019; x_wconf 89' lang='lat' dir='ltr'>mane,</span> <span class='ocrx_word' id='word_1_87' title='bbox 611 963 746 1010; x_wconf 85' lang='lat' dir='ltr'>invenerunt</span> <span class='ocrx_word' id='word_1_88' title='bbox 763 964 827 1025; x_wconf 84' lang='lat' dir='ltr'>agni-</span> 
     </span>
     <span class='ocr_line' id='line_1_14' title="bbox 61 1027 827 1089; baseline -0.003 -16"><span class='ocrx_word' id='word_1_89' title='bbox 61 1028 138 1073; x_wconf 89' lang='lat' dir='ltr'>culum</span> <span class='ocrx_word' id='word_1_90' title='bbox 160 1038 283 1081; x_wconf 85' lang='lat' dir='ltr'>mortuum,</span> <span class='ocrx_word' id='word_1_91' title='bbox 304 1036 462 1089; x_wconf 86' lang='lat' dir='ltr'>cognoscentes</span> <span class='ocrx_word' id='word_1_92' title='bbox 482 1042 535 1071; x_wconf 87' lang='lat' dir='ltr'>vere</span> <span class='ocrx_word' id='word_1_93' title='bbox 556 1043 620 1071; x_wconf 90' lang='lat' dir='ltr'>suem</span> <span class='ocrx_word' id='word_1_94' title='bbox 644 1027 706 1072; x_wconf 87' lang='lat' dir='ltr'>illius</span> <span class='ocrx_word' id='word_1_95' title='bbox 728 1028 827 1072; x_wconf 84' lang='lat' dir='ltr'>malelitii</span> 
     </span>
     <span class='ocr_line' id='line_1_15' title="bbox 60 1090 827 1154; baseline -0.004 -16"><span class='ocrx_word' id='word_1_96' title='bbox 60 1108 128 1138; x_wconf 91' lang='lat' dir='ltr'>ream.</span> <span class='ocrx_word' id='word_1_97' title='bbox 178 1091 233 1137; x_wconf 91' lang='lat' dir='ltr'>Hoc</span> <span class='ocrx_word' id='word_1_98' title='bbox 270 1091 356 1148; x_wconf 89' lang='lat' dir='ltr'>audito,</span> <span class='ocrx_word' id='word_1_99' title='bbox 394 1090 450 1136; x_wconf 89' lang='lat' dir='ltr'>mira</span> <span class='ocrx_word' id='word_1_100' title='bbox 486 1090 639 1152; x_wconf 79' lang='lat' dir='ltr'>compassione</span> <span class='ocrx_word' id='word_1_101' title='bbox 676 1091 728 1153; x_wconf 88' lang='lat' dir='ltr'>pius</span> <span class='ocrx_word' id='word_1_102' title='bbox 765 1100 827 1154; x_wconf 89' lang='lat' dir='ltr'>pater</span> 
     </span>
     <span class='ocr_line' id='line_1_16' title="bbox 61 1153 827 1218; baseline 0 -15"><span class='ocrx_word' id='word_1_103' title='bbox 61 1167 183 1213; x_wconf 90' lang='lat' dir='ltr'>movetur;</span> <span class='ocrx_word' id='word_1_104' title='bbox 206 1167 229 1202; x_wconf 87' lang='lat' dir='ltr'>et</span> <span class='ocrx_word' id='word_1_105' title='bbox 247 1155 299 1218; x_wconf 84' lang='lat' dir='ltr'>agni</span> <span class='ocrx_word' id='word_1_106' title='bbox 318 1154 434 1202; x_wconf 87' lang='lat' dir='ltr'>cuiusdam</span> <span class='ocrx_word' id='word_1_107' title='bbox 454 1153 544 1202; x_wconf 85' lang='lat' dir='ltr'>alterius</span> <span class='ocrx_word' id='word_1_108' title='bbox 560 1156 689 1202; x_wconf 89' lang='lat' dir='ltr'>recordatus</span> <span class='ocrx_word' id='word_1_109' title='bbox 708 1167 827 1203; x_wconf 86' lang='lat' dir='ltr'>mortuum</span> 
     </span>
     <span class='ocr_line' id='line_1_17' title="bbox 60 1219 901 1285; baseline -0.004 -16"><span class='ocrx_word' id='word_1_110' title='bbox 60 1222 196 1269; x_wconf 86' lang='lat' dir='ltr'>lamentatur</span> <span class='ocrx_word' id='word_1_111' title='bbox 211 1220 348 1285; x_wconf 76' lang='lat' dir='ltr'>agniculum,</span> <span class='ocrx_word' id='word_1_112' title='bbox 360 1237 434 1267; x_wconf 88' lang='lat' dir='ltr'>coram</span> <span class='ocrx_word' id='word_1_113' title='bbox 451 1219 556 1267; x_wconf 91' lang='lat' dir='ltr'>omnibus</span> <span class='ocrx_word' id='word_1_114' title='bbox 572 1220 664 1267; x_wconf 86' lang='lat' dir='ltr'>dicens:</span> <span class='ocrx_word' id='word_1_115' title='bbox 682 1221 746 1278; x_wconf 88' lang='lat' dir='ltr'>Heu,</span> <span class='ocrx_word' id='word_1_116' title='bbox 757 1221 870 1268; x_wconf 84' lang='lat' dir='ltr'>fraterFol.</span> <span class='ocrx_word' id='word_1_117' title='bbox 880 1231 901 1279; x_wconf 81' lang='lat'>58</span> 
     </span>
     <span class='ocr_line' id='line_1_18' title="bbox 61 1285 826 1348; baseline -0.003 -16"><span class='ocrx_word' id='word_1_118' title='bbox 61 1289 170 1348; x_wconf 87' lang='lat' dir='ltr'>agnicule,</span> <span class='ocrx_word' id='word_1_119' title='bbox 177 1287 258 1330; x_wconf 89' lang='lat' dir='ltr'>animal</span> <span class='ocrx_word' id='word_1_120' title='bbox 267 1287 380 1340; x_wconf 86' lang='lat' dir='ltr'>innocens,</span> <span class='ocrx_word' id='word_1_121' title='bbox 388 1285 444 1329; x_wconf 91' lang='lat' dir='ltr'>utile</span> <span class='ocrx_word' id='word_1_122' title='bbox 452 1300 540 1345; x_wconf 85' lang='lat' dir='ltr'>semper</span> <span class='ocrx_word' id='word_1_123' title='bbox 548 1285 653 1330; x_wconf 91' lang='lat' dir='ltr'>omnibus</span> <span class='ocrx_word' id='word_1_124' title='bbox 661 1287 826 1346; x_wconf 88' lang='lat' dir='ltr'>representans!</span> 
     </span>
     <span class='ocr_line' id='line_1_19' title="bbox 62 1347 828 1413; baseline 0 -17"><span class='ocrx_word' id='word_1_125' title='bbox 62 1350 185 1396; x_wconf 84' lang='lat' dir='ltr'>Maledicta</span> <span class='ocrx_word' id='word_1_126' title='bbox 192 1349 220 1395; x_wconf 89' lang='lat' dir='ltr'>sit</span> <span class='ocrx_word' id='word_1_127' title='bbox 227 1348 303 1411; x_wconf 87' lang='lat' dir='ltr'>impia,</span> <span class='ocrx_word' id='word_1_128' title='bbox 312 1364 356 1411; x_wconf 90' lang='lat' dir='ltr'>que</span> <span class='ocrx_word' id='word_1_129' title='bbox 363 1357 385 1393; x_wconf 92' lang='lat' dir='ltr'>te</span> <span class='ocrx_word' id='word_1_130' title='bbox 391 1347 516 1404; x_wconf 82' lang='lat' dir='ltr'>interfecit3</span> <span class='ocrx_word' id='word_1_131' title='bbox 532 1347 653 1413; x_wconf 88' lang='lat' dir='ltr'>nullusque</span> <span class='ocrx_word' id='word_1_132' title='bbox 660 1365 687 1394; x_wconf 81' lang='lat' dir='ltr'>ex</span> <span class='ocrx_word' id='word_1_133' title='bbox 694 1365 718 1394; x_wconf 88' lang='lat' dir='ltr'>ea</span> <span class='ocrx_word' id='word_1_134' title='bbox 725 1351 828 1398; x_wconf 88' lang='lat' dir='ltr'>comedat</span> 
     </span>
     <span class='ocr_line' id='line_1_20' title="bbox 62 1412 828 1479; baseline -0.001 -17"><span class='ocrx_word' id='word_1_135' title='bbox 62 1416 139 1472; x_wconf 86' lang='lat' dir='ltr'>homo,</span> <span class='ocrx_word' id='word_1_136' title='bbox 150 1414 187 1462; x_wconf 83' lang='lat' dir='ltr'>vel</span> <span class='ocrx_word' id='word_1_137' title='bbox 204 1413 281 1460; x_wconf 88' lang='lat' dir='ltr'>bestia.</span> <span class='ocrx_word' id='word_1_138' title='bbox 314 1412 418 1459; x_wconf 81' lang='lat' dir='ltr'>Mirabile</span> <span class='ocrx_word' id='word_1_139' title='bbox 435 1414 512 1460; x_wconf 86' lang='lat' dir='ltr'>dictul</span> <span class='ocrx_word' id='word_1_140' title='bbox 547 1414 626 1460; x_wconf 89' lang='lat' dir='ltr'>Statim</span> <span class='ocrx_word' id='word_1_141' title='bbox 644 1415 752 1461; x_wconf 85' lang='lat' dir='ltr'>infirmari</span> <span class='ocrx_word' id='word_1_142' title='bbox 769 1415 828 1479; x_wconf 87' lang='lat' dir='ltr'>cepit</span> 
     </span>
     <span class='ocr_line' id='line_1_21' title="bbox 61 1477 828 1542; baseline 0 -16"><span class='ocrx_word' id='word_1_143' title='bbox 61 1497 130 1542; x_wconf 89' lang='lat' dir='ltr'>porca</span> <span class='ocrx_word' id='word_1_144' title='bbox 141 1479 238 1525; x_wconf 89' lang='lat' dir='ltr'>malefica</span> <span class='ocrx_word' id='word_1_145' title='bbox 249 1489 272 1525; x_wconf 86' lang='lat' dir='ltr'>et</span> <span class='ocrx_word' id='word_1_146' title='bbox 282 1477 355 1524; x_wconf 90' lang='lat' dir='ltr'>tribus</span> <span class='ocrx_word' id='word_1_147' title='bbox 366 1477 445 1524; x_wconf 91' lang='lat' dir='ltr'>diebus</span> <span class='ocrx_word' id='word_1_148' title='bbox 453 1494 563 1539; x_wconf 89' lang='lat' dir='ltr'>penarum</span> <span class='ocrx_word' id='word_1_149' title='bbox 570 1488 683 1525; x_wconf 87' lang='lat' dir='ltr'>tormenta</span> <span class='ocrx_word' id='word_1_150' title='bbox 690 1481 828 1541; x_wconf 81' lang='lat' dir='ltr'>persolvens,</span> 
     </span>
     <span class='ocr_line' id='line_1_22' title="bbox 62 1543 832 1603; baseline 0.001 -15"><span class='ocrx_word' id='word_1_151' title='bbox 62 1545 166 1589; x_wconf 88' lang='lat' dir='ltr'>ultricem</span> <span class='ocrx_word' id='word_1_152' title='bbox 186 1543 278 1587; x_wconf 87' lang='lat' dir='ltr'>tandem</span> <span class='ocrx_word' id='word_1_153' title='bbox 298 1543 393 1603; x_wconf 88' lang='lat' dir='ltr'>pertulit</span> <span class='ocrx_word' id='word_1_154' title='bbox 414 1558 496 1589; x_wconf 90' lang='lat' dir='ltr'>necem.</span> <span class='ocrx_word' id='word_1_155' title='bbox 539 1543 642 1588; x_wconf 85' lang='lat' dir='ltr'>Proiecta</span> <span class='ocrx_word' id='word_1_156' title='bbox 660 1554 694 1589; x_wconf 91' lang='lat' dir='ltr'>est</span> <span class='ocrx_word' id='word_1_157' title='bbox 713 1553 788 1590; x_wconf 88' lang='lat' dir='ltr'>autem</span> <span class='ocrx_word' id='word_1_158' title='bbox 807 1545 832 1589; x_wconf 93' lang='lat' dir='ltr'>in</span> 
     </span>
     <span class='ocr_line' id='line_1_23' title="bbox 62 1606 831 1667; baseline -0.001 -13"><span class='ocrx_word' id='word_1_159' title='bbox 62 1608 122 1654; x_wconf 88' lang='lat' dir='ltr'>vallo</span> <span class='ocrx_word' id='word_1_160' title='bbox 134 1607 271 1663; x_wconf 88' lang='lat' dir='ltr'>monasterii,</span> <span class='ocrx_word' id='word_1_161' title='bbox 284 1607 323 1652; x_wconf 93' lang='lat' dir='ltr'>ubi</span> <span class='ocrx_word' id='word_1_162' title='bbox 334 1607 404 1667; x_wconf 87' lang='lat' dir='ltr'>longo</span> <span class='ocrx_word' id='word_1_163' title='bbox 414 1616 516 1666; x_wconf 86' lang='lat' dir='ltr'>tempore</span> <span class='ocrx_word' id='word_1_164' title='bbox 527 1606 599 1652; x_wconf 89' lang='lat' dir='ltr'>iacens</span> <span class='ocrx_word' id='word_1_165' title='bbox 615 1608 638 1651; x_wconf 93' lang='lat' dir='ltr'>in</span> <span class='ocrx_word' id='word_1_166' title='bbox 650 1608 745 1653; x_wconf 89' lang='lat' dir='ltr'>modum</span> <span class='ocrx_word' id='word_1_167' title='bbox 755 1607 831 1654; x_wconf 89' lang='lat' dir='ltr'>tabule</span> 
     </span>
     <span class='ocr_line' id='line_1_24' title="bbox 62 1669 481 1719; baseline -0.005 0"><span class='ocrx_word' id='word_1_168' title='bbox 62 1671 172 1719; x_wconf 88' lang='lat' dir='ltr'>desiccata</span> <span class='ocrx_word' id='word_1_169' title='bbox 183 1670 239 1717; x_wconf 90' lang='lat' dir='ltr'>nulli</span> <span class='ocrx_word' id='word_1_170' title='bbox 251 1669 297 1717; x_wconf 86' lang='lat' dir='ltr'>fuit</span> <span class='ocrx_word' id='word_1_171' title='bbox 312 1686 360 1716; x_wconf 88' lang='lat' dir='ltr'>esca</span> <span class='ocrx_word' id='word_1_172' title='bbox 371 1670 481 1717; x_wconf 88' lang='lat' dir='ltr'>famelico.</span> 
     </span>
    </p>
   </div>
   <div class='ocr_carea' id='block_1_4' title="bbox 256 1814 637 1858">
    <p class='ocr_par' dir='ltr' id='par_1_4' title="bbox 256 1814 637 1858">
     <span class='ocr_line' id='line_1_25' title="bbox 256 1814 637 1858; baseline -0.005 0"><span class='ocrx_word' id='word_1_173' title='bbox 256 1815 341 1858; x_wconf 85' lang='lat' dir='ltr'>Contra</span> <span class='ocrx_word' id='word_1_174' title='bbox 354 1814 505 1857; x_wconf 82' lang='lat' dir='ltr'>familiaritate</span> <span class='ocrx_word' id='word_1_175' title='bbox 518 1815 637 1858; x_wconf 88' lang='lat' dir='ltr'>mulierum</span> 
     </span>
    </p>
   </div>
   <div class='ocr_carea' id='block_1_5' title="bbox 62 1903 865 2897">
    <p class='ocr_par' dir='ltr' id='par_1_5' title="bbox 62 1903 865 2567">
     <span class='ocr_line' id='line_1_26' title="bbox 108 1903 865 1995; baseline 0.001 -20"><span class='ocrx_word' id='word_1_176' title='bbox 108 1903 223 1983; x_wconf 57' lang='lat' dir='ltr'>mellita</span> <span class='ocrx_word' id='word_1_177' title='bbox 240 1930 326 1987; x_wconf 82' lang='lat' dir='ltr'>tossica,</span> <span class='ocrx_word' id='word_1_178' title='bbox 343 1929 505 1975; x_wconf 86' lang='lat' dir='ltr'>familiaritates</span> <span class='ocrx_word' id='word_1_179' title='bbox 522 1931 625 1978; x_wconf 88' lang='lat' dir='ltr'>videlicet</span> <span class='ocrx_word' id='word_1_180' title='bbox 642 1933 774 1989; x_wconf 87' lang='lat' dir='ltr'>mulierum,</span> <span class='ocrx_word' id='word_1_181' title='bbox 786 1946 865 1995; x_wconf 67' lang='lat' dir='ltr'>quem]</span> 
     </span>
     <span class='ocr_line' id='line_1_27' title="bbox 63 1995 831 2059; baseline 0.004 -19"><span class='ocrx_word' id='word_1_182' title='bbox 63 1996 86 2041; x_wconf 93' lang='lat' dir='ltr'>in</span> <span class='ocrx_word' id='word_1_183' title='bbox 105 2011 203 2041; x_wconf 89' lang='lat' dir='ltr'>errorem</span> <span class='ocrx_word' id='word_1_184' title='bbox 225 1995 338 2041; x_wconf 88' lang='lat' dir='ltr'>inducunt</span> <span class='ocrx_word' id='word_1_185' title='bbox 359 1996 426 2040; x_wconf 88' lang='lat' dir='ltr'>etiam</span> <span class='ocrx_word' id='word_1_186' title='bbox 443 1997 504 2041; x_wconf 86' lang='lat' dir='ltr'>viros</span> <span class='ocrx_word' id='word_1_187' title='bbox 520 2005 613 2052; x_wconf 86' lang='lat' dir='ltr'>sanctos,</span> <span class='ocrx_word' id='word_1_188' title='bbox 630 1995 721 2043; x_wconf 85' lang='lat' dir='ltr'>iubebat</span> <span class='ocrx_word' id='word_1_189' title='bbox 740 1997 831 2059; x_wconf 87' lang='lat' dir='ltr'>penitus</span> 
     </span>
     <span class='ocr_line' id='line_1_28' title="bbox 62 2059 831 2124; baseline 0.004 -18"><span class='ocrx_word' id='word_1_190' title='bbox 62 2060 140 2107; x_wconf 89' lang='lat' dir='ltr'>evitari</span> <span class='ocrx_word' id='word_1_191' title='bbox 151 2076 157 2116; x_wconf 81' lang='lat'>3</span> <span class='ocrx_word' id='word_1_192' title='bbox 174 2059 267 2105; x_wconf 88' lang='lat' dir='ltr'>timebat</span> <span class='ocrx_word' id='word_1_193' title='bbox 278 2060 338 2104; x_wconf 90' lang='lat' dir='ltr'>enim</span> <span class='ocrx_word' id='word_1_194' title='bbox 349 2075 376 2104; x_wconf 86' lang='lat' dir='ltr'>ex</span> <span class='ocrx_word' id='word_1_195' title='bbox 387 2059 429 2104; x_wconf 92' lang='lat' dir='ltr'>hoc</span> <span class='ocrx_word' id='word_1_196' title='bbox 440 2069 543 2106; x_wconf 90' lang='lat' dir='ltr'>tenerum</span> <span class='ocrx_word' id='word_1_197' title='bbox 559 2061 604 2106; x_wconf 88' lang='lat' dir='ltr'>cito</span> <span class='ocrx_word' id='word_1_198' title='bbox 619 2060 692 2124; x_wconf 85' lang='lat' dir='ltr'>frangi</span> <span class='ocrx_word' id='word_1_199' title='bbox 709 2071 732 2107; x_wconf 88' lang='lat' dir='ltr'>et</span> <span class='ocrx_word' id='word_1_200' title='bbox 747 2062 831 2109; x_wconf 86' lang='lat' dir='ltr'>fortem</span> 
     </span>
     <span class='ocr_line' id='line_1_29' title="bbox 63 2124 832 2185; baseline 0.003 -16"><span class='ocrx_word' id='word_1_201' title='bbox 63 2141 114 2185; x_wconf 90' lang='lat' dir='ltr'>sepe</span> <span class='ocrx_word' id='word_1_202' title='bbox 125 2124 230 2185; x_wconf 89' lang='lat' dir='ltr'>spiritum</span> <span class='ocrx_word' id='word_1_203' title='bbox 241 2124 354 2170; x_wconf 87' lang='lat' dir='ltr'>infirmari.</span> <span class='ocrx_word' id='word_1_204' title='bbox 390 2124 483 2169; x_wconf 89' lang='lat' dir='ltr'>Harum</span> <span class='ocrx_word' id='word_1_205' title='bbox 494 2127 650 2185; x_wconf 84' lang='lat' dir='ltr'>contagionem</span> <span class='ocrx_word' id='word_1_206' title='bbox 667 2126 761 2171; x_wconf 88' lang='lat' dir='ltr'>evadere</span> <span class='ocrx_word' id='word_1_207' title='bbox 777 2143 832 2172; x_wconf 92' lang='lat' dir='ltr'>con-</span> 
     </span>
     <span class='ocr_line' id='line_1_30' title="bbox 63 2185 832 2247; baseline 0.004 -15"><span class='ocrx_word' id='word_1_208' title='bbox 63 2197 189 2233; x_wconf 88' lang='lat' dir='ltr'>versantem</span> <span class='ocrx_word' id='word_1_209' title='bbox 209 2203 261 2231; x_wconf 88' lang='lat' dir='ltr'>cum</span> <span class='ocrx_word' id='word_1_210' title='bbox 280 2187 317 2243; x_wconf 90' lang='lat' dir='ltr'>eis,</span> <span class='ocrx_word' id='word_1_211' title='bbox 336 2185 378 2229; x_wconf 89' lang='lat' dir='ltr'>nisi</span> <span class='ocrx_word' id='word_1_212' title='bbox 397 2186 580 2247; x_wconf 88' lang='lat' dir='ltr'>probatissimum</span> <span class='ocrx_word' id='word_1_213' title='bbox 600 2189 683 2244; x_wconf 84' lang='lat' dir='ltr'>virum,</span> <span class='ocrx_word' id='word_1_214' title='bbox 701 2198 748 2234; x_wconf 83' lang='lat' dir='ltr'>tam</span> <span class='ocrx_word' id='word_1_215' title='bbox 768 2189 832 2235; x_wconf 84' lang='lat' dir='ltr'>facile</span> 
     </span>
     <span class='ocr_line' id='line_1_31' title="bbox 64 2251 831 2316; baseline 0.004 -18"><span class='ocrx_word' id='word_1_216' title='bbox 64 2252 127 2309; x_wconf 78' lang='lat' dir='ltr'>dixit,</span> <span class='ocrx_word' id='word_1_217' title='bbox 146 2267 214 2316; x_wconf 88' lang='lat' dir='ltr'>quam</span> <span class='ocrx_word' id='word_1_218' title='bbox 231 2251 293 2297; x_wconf 84' lang='lat' dir='ltr'>iuxta</span> <span class='ocrx_word' id='word_1_219' title='bbox 309 2251 443 2312; x_wconf 84' lang='lat' dir='ltr'>scripturam</span> <span class='ocrx_word' id='word_1_220' title='bbox 460 2252 484 2297; x_wconf 92' lang='lat' dir='ltr'>in</span> <span class='ocrx_word' id='word_1_221' title='bbox 501 2253 554 2315; x_wconf 85' lang='lat' dir='ltr'>igne</span> <span class='ocrx_word' id='word_1_222' title='bbox 570 2253 691 2310; x_wconf 87' lang='lat' dir='ltr'>ambulare,</span> <span class='ocrx_word' id='word_1_223' title='bbox 711 2270 751 2300; x_wconf 91' lang='lat' dir='ltr'>nec</span> <span class='ocrx_word' id='word_1_224' title='bbox 771 2271 831 2301; x_wconf 89' lang='lat' dir='ltr'>com-</span> 
     </span>
     <span class='ocr_line' id='line_1_32' title="bbox 63 2316 832 2383; baseline 0.007 -21"><span class='ocrx_word' id='word_1_225' title='bbox 63 2317 144 2364; x_wconf 88' lang='lat' dir='ltr'>burere</span> <span class='ocrx_word' id='word_1_226' title='bbox 165 2316 262 2378; x_wconf 51' lang='lat' dir='ltr'>plantas:</span> <span class='ocrx_word' id='word_1_227' title='bbox 308 2316 343 2360; x_wconf 88' lang='lat' dir='ltr'>Ut</span> <span class='ocrx_word' id='word_1_228' title='bbox 364 2325 440 2361; x_wconf 92' lang='lat' dir='ltr'>autem</span> <span class='ocrx_word' id='word_1_229' title='bbox 462 2318 594 2380; x_wconf 86' lang='lat' dir='ltr'>loqueretur</span> <span class='ocrx_word' id='word_1_230' title='bbox 615 2334 691 2376; x_wconf 84' lang='lat' dir='ltr'>manu,</span> <span class='ocrx_word' id='word_1_231' title='bbox 712 2335 736 2364; x_wconf 90' lang='lat' dir='ltr'>se</span> <span class='ocrx_word' id='word_1_232' title='bbox 757 2320 832 2383; x_wconf 90' lang='lat' dir='ltr'>ipsum</span> 
     </span>
     <span class='ocr_line' id='line_1_33' title="bbox 64 2379 833 2447; baseline 0.005 -20"><span class='ocrx_word' id='word_1_233' title='bbox 64 2381 176 2442; x_wconf 83' lang='lat' dir='ltr'>exemplar</span> <span class='ocrx_word' id='word_1_234' title='bbox 193 2382 266 2427; x_wconf 91' lang='lat' dir='ltr'>omnis</span> <span class='ocrx_word' id='word_1_235' title='bbox 283 2379 387 2440; x_wconf 88' lang='lat' dir='ltr'>prebebat</span> <span class='ocrx_word' id='word_1_236' title='bbox 404 2381 512 2436; x_wconf 81' lang='lat' dir='ltr'>virtutis3</span> <span class='ocrx_word' id='word_1_237' title='bbox 532 2382 645 2443; x_wconf 89' lang='lat' dir='ltr'>siquidem</span> <span class='ocrx_word' id='word_1_238' title='bbox 660 2382 745 2429; x_wconf 86' lang='lat' dir='ltr'>femina</span> <span class='ocrx_word' id='word_1_239' title='bbox 760 2402 833 2447; x_wconf 90' lang='lat' dir='ltr'>usque</span> 
     </span>
     <span class='ocr_line' id='line_1_34' title="bbox 64 2444 832 2509; baseline 0.005 -17"><span class='ocrx_word' id='word_1_240' title='bbox 64 2446 120 2492; x_wconf 88' lang='lat' dir='ltr'>adeo</span> <span class='ocrx_word' id='word_1_241' title='bbox 131 2445 224 2491; x_wconf 90' lang='lat' dir='ltr'>molesta</span> <span class='ocrx_word' id='word_1_242' title='bbox 235 2454 289 2502; x_wconf 86' lang='lat' dir='ltr'>erat,</span> <span class='ocrx_word' id='word_1_243' title='bbox 301 2453 327 2490; x_wconf 88' lang='lat' dir='ltr'>ut</span> <span class='ocrx_word' id='word_1_244' title='bbox 337 2459 383 2488; x_wconf 96' lang='lat' dir='ltr'>non</span> <span class='ocrx_word' id='word_1_245' title='bbox 400 2444 516 2503; x_wconf 88' lang='lat' dir='ltr'>cautelam,</span> <span class='ocrx_word' id='word_1_246' title='bbox 528 2447 565 2493; x_wconf 82' lang='lat' dir='ltr'>vel</span> <span class='ocrx_word' id='word_1_247' title='bbox 581 2445 708 2509; x_wconf 82' lang='lat' dir='ltr'>exemplum</span> <span class='ocrx_word' id='word_1_248' title='bbox 724 2448 832 2507; x_wconf 86' lang='lat' dir='ltr'>crederes,</span> 
     </span>
     <span class='ocr_line' id='line_1_35' title="bbox 63 2509 450 2567; baseline 0 -12"><span class='ocrx_word' id='word_1_249' title='bbox 63 2511 102 2556; x_wconf 90' lang='lat' dir='ltr'>sed</span> <span class='ocrx_word' id='word_1_250' title='bbox 113 2510 266 2567; x_wconf 87' lang='lat' dir='ltr'>formidinem,</span> <span class='ocrx_word' id='word_1_251' title='bbox 278 2509 313 2555; x_wconf 89' lang='lat' dir='ltr'>vel</span> <span class='ocrx_word' id='word_1_252' title='bbox 326 2509 450 2555; x_wconf 89' lang='lat' dir='ltr'>horrorem.</span> 
     </span>
    </p>

    <p class='ocr_par' dir='ltr' id='par_1_6' title="bbox 64 2574 833 2897">
     <span class='ocr_line' id='line_1_36' title="bbox 113 2574 833 2641; baseline 0.006 -20"><span class='ocrx_word' id='word_1_253' title='bbox 113 2574 213 2626; x_wconf 85' lang='lat' dir='ltr'>Quando</span> <span class='ocrx_word' id='word_1_254' title='bbox 224 2591 301 2622; x_wconf 90' lang='lat' dir='ltr'>earum</span> <span class='ocrx_word' id='word_1_255' title='bbox 312 2575 442 2637; x_wconf 85' lang='lat' dir='ltr'>importuna</span> <span class='ocrx_word' id='word_1_256' title='bbox 452 2574 575 2637; x_wconf 87' lang='lat' dir='ltr'>loquacitas</span> <span class='ocrx_word' id='word_1_257' title='bbox 584 2574 676 2623; x_wconf 89' lang='lat' dir='ltr'>faciebat</span> <span class='ocrx_word' id='word_1_258' title='bbox 685 2577 708 2622; x_wconf 91' lang='lat' dir='ltr'>in</span> <span class='ocrx_word' id='word_1_259' title='bbox 719 2576 833 2641; x_wconf 91' lang='lat' dir='ltr'>loquendo</span> 
     </span>
     <span class='ocr_line' id='line_1_37' title="bbox 64 2639 833 2699; baseline 0.009 -15"><span class='ocrx_word' id='word_1_260' title='bbox 64 2639 201 2696; x_wconf 85' lang='lat' dir='ltr'>conflictum,</span> <span class='ocrx_word' id='word_1_261' title='bbox 213 2640 283 2686; x_wconf 88' lang='lat' dir='ltr'>verbo</span> <span class='ocrx_word' id='word_1_262' title='bbox 294 2639 421 2685; x_wconf 87' lang='lat' dir='ltr'>abbreviato</span> <span class='ocrx_word' id='word_1_263' title='bbox 438 2649 460 2685; x_wconf 88' lang='lat' dir='ltr'>et</span> <span class='ocrx_word' id='word_1_264' title='bbox 477 2640 558 2687; x_wconf 89' lang='lat' dir='ltr'>humili</span> <span class='ocrx_word' id='word_1_265' title='bbox 574 2642 642 2688; x_wconf 89' lang='lat' dir='ltr'>vultu</span> <span class='ocrx_word' id='word_1_266' title='bbox 658 2641 751 2699; x_wconf 83' lang='lat' dir='ltr'>deiecto,</span> <span class='ocrx_word' id='word_1_267' title='bbox 763 2644 833 2691; x_wconf 88' lang='lat' dir='ltr'>advo-</span> 
     </span>
     <span class='ocr_line' id='line_1_38' title="bbox 64 2703 833 2765; baseline 0.008 -18"><span class='ocrx_word' id='word_1_268' title='bbox 64 2703 126 2748; x_wconf 87' lang='lat' dir='ltr'>cabat</span> <span class='ocrx_word' id='word_1_269' title='bbox 136 2704 259 2748; x_wconf 88' lang='lat' dir='ltr'>silentium.</span> <span class='ocrx_word' id='word_1_270' title='bbox 292 2705 449 2765; x_wconf 89' lang='lat' dir='ltr'>Nonunquam</span> <span class='ocrx_word' id='word_1_271' title='bbox 459 2721 515 2749; x_wconf 82' lang='lat' dir='ltr'>vero</span> <span class='ocrx_word' id='word_1_272' title='bbox 531 2705 578 2749; x_wconf 88' lang='lat' dir='ltr'>celo</span> <span class='ocrx_word' id='word_1_273' title='bbox 589 2706 691 2751; x_wconf 89' lang='lat' dir='ltr'>intentus</span> <span class='ocrx_word' id='word_1_274' title='bbox 701 2706 833 2763; x_wconf 66' lang='lat' dir='ltr'>luminibus</span> 
     </span>
     <span class='ocr_line' id='line_1_39' title="bbox 64 2766 833 2834; baseline 0.009 -22"><span class='ocrx_word' id='word_1_275' title='bbox 64 2766 116 2813; x_wconf 90' lang='lat' dir='ltr'>inde</span> <span class='ocrx_word' id='word_1_276' title='bbox 126 2768 242 2814; x_wconf 85' lang='lat' dir='ltr'>extrahere</span> <span class='ocrx_word' id='word_1_277' title='bbox 252 2767 371 2814; x_wconf 88' lang='lat' dir='ltr'>videbatur</span> <span class='ocrx_word' id='word_1_278' title='bbox 383 2767 445 2830; x_wconf 91' lang='lat' dir='ltr'>quod</span> <span class='ocrx_word' id='word_1_279' title='bbox 456 2767 484 2813; x_wconf 89' lang='lat' dir='ltr'>de</span> <span class='ocrx_word' id='word_1_280' title='bbox 495 2777 555 2814; x_wconf 90' lang='lat' dir='ltr'>terra</span> <span class='ocrx_word' id='word_1_281' title='bbox 566 2769 725 2817; x_wconf 90' lang='lat' dir='ltr'>musitantibus</span> <span class='ocrx_word' id='word_1_282' title='bbox 741 2787 833 2834; x_wconf 88' lang='lat' dir='ltr'>respon-</span> 
     </span>
     <span class='ocr_line' id='line_1_40' title="bbox 64 2832 833 2897; baseline 0.005 -17"><span class='ocrx_word' id='word_1_283' title='bbox 64 2832 145 2880; x_wconf 88' lang='lat' dir='ltr'>debat:</span> <span class='ocrx_word' id='word_1_284' title='bbox 171 2849 206 2879; x_wconf 90' lang='lat' dir='ltr'>eas</span> <span class='ocrx_word' id='word_1_285' title='bbox 232 2850 295 2888; x_wconf 90' lang='lat' dir='ltr'>vero,</span> <span class='ocrx_word' id='word_1_286' title='bbox 317 2832 341 2879; x_wconf 92' lang='lat' dir='ltr'>in</span> <span class='ocrx_word' id='word_1_287' title='bbox 368 2849 463 2897; x_wconf 89' lang='lat' dir='ltr'>quarum</span> <span class='ocrx_word' id='word_1_288' title='bbox 488 2834 602 2881; x_wconf 90' lang='lat' dir='ltr'>mentibus</span> <span class='ocrx_word' id='word_1_289' title='bbox 626 2851 685 2881; x_wconf 88' lang='lat' dir='ltr'>sacra</span> <span class='ocrx_word' id='word_1_290' title='bbox 706 2837 833 2884; x_wconf 87' lang='lat' dir='ltr'>devotionis</span> 
     </span>
    </p>
   </div>
   <div class='ocr_carea' id='block_1_6' title="bbox 0 0 972 3169">
    <p class='ocr_par' dir='ltr' id='par_1_7' title="bbox 0 0 972 3169">
     <span class='ocr_line' id='line_1_41' title="bbox 0 0 972 3169; baseline 0 0"><span class='ocrx_word' id='word_1_291' title='bbox 0 0 972 3169; x_wconf 95' lang='lat' dir='ltr'> </span> 
     </span>
    </p>
   </div>
  </div>
 </body>
</html>
