1919 3169
262 65 422 113 beennon
438 63 596 126 ANTIQUA
782 80 810 128 37

138 223 220 270 uodam
231 234 338 284 tempore,
351 237 409 281 cum,
421 222 481 283 apud
498 231 595 269 sanctam
611 223 704 269 mariam
719 222 747 269 de
761 224 863 305 por-gp]

47 287 155 343 tiuncula,
174 290 244 337 teneri
261 288 352 336 deberet
370 287 494 350 capitulum
510 297 532 334 et
549 287 592 334 iam
609 297 698 350 tempus
714 288 813 348 instaret,
833 281 856 305 ⁰·
866 279 888 317 ³⁵

47 352 194 410 considerans,
203 354 300 417 populus
311 353 388 410 assisii,
398 353 492 399 domum
503 352 533 398 ibi
541 352 620 407 facere,
630 353 740 400 nesciente
750 364 813 415 patre

47 426 69 463 et
80 416 170 464 absente
177 419 227 466 viro
235 419 279 475 dei,
288 419 383 465 domum
392 433 434 479 pro
442 417 539 480 capitulo
547 417 652 464 citissime
661 428 796 464 construunt
805 433 812 475 ;

48 497 93 543 quo
103 483 194 529 tandem
205 499 307 529 reversus
317 493 388 544 pater,
397 483 492 527 domum
504 483 587 542 aspexit
595 492 618 526 et
626 483 720 527 moleste
730 482 811 540 ferens,

47 559 92 590 non
110 547 209 592 molliter
225 546 306 592 doluit.
351 546 410 591 Mox
426 546 453 591 ad
470 546 628 592 eliminandam
645 546 710 592 edem
726 547 813 607 primus

46 612 150 675 assurgit,
170 621 255 658 tectum
274 610 403 657 conscendit
420 620 442 656 et
458 609 553 657 latheres
570 627 622 657 cum
639 611 725 675 tegulis,
744 628 812 659 manu

47 677 120 722 valida
130 676 235 734 subruit;
252 677 314 723 iubet
331 677 397 723 etiam
414 676 495 722 fratres
510 677 626 723 ascendere
637 688 660 723 et
675 688 811 736 monstrum,

47 742 172 803 paupertati
184 742 322 803 oppositum,
334 741 421 787 eminus
432 740 545 803 abrogare.
582 742 676 789 Dicebat
687 743 755 799 enim,
766 742 812 790 cito

46 805 219 866 expandendum
243 822 283 867 per
304 806 407 851 ordinem
428 815 450 850 et
475 806 628 867 accipiendum
655 805 761 851 omnibus
788 807 811 851 in

46 868 181 932 exemplum,
189 869 301 934 quidquid
311 870 335 915 in
342 870 393 915 loco
401 868 440 914 illo
449 869 590 932 arrogantius
598 870 719 917 videretur.
744 871 812 917 Hanc

46 950 101 996 ergo
115 935 211 981 domum
227 934 332 981 funditus
348 935 472 993 evertisset,
489 935 530 981 nisi
547 935 637 991 milites,
649 935 687 998 qui
704 935 811 993 astabant,

45 1014 93 1045 eam
115 999 283 1046 communitatis
310 1009 333 1045 et
357 1015 403 1044 non
424 998 520 1045 fratrum
542 998 648 1056 dicentes,
670 998 754 1046 fervori
776 1000 810 1046 sui

45 1063 138 1123 spiritus
154 1064 298 1109 obstitissent.

91 1174 153 1262 De
163 1225 252 1267 verona,
265 1207 363 1271 quodam
378 1217 487 1269 tempore,
498 1207 585 1253 rediens
596 1217 619 1253 et
634 1224 673 1270 per
690 1208 870 1261 bononiamtn-q]

45 1272 136 1319 transire
148 1274 233 1330 volem,
245 1272 308 1319 audit
318 1271 414 1318 fratrum
430 1272 526 1317 domum
544 1272 631 1319 noviter
649 1271 680 1317 ibi
696 1289 743 1319 esse
759 1290 810 1320 con-

44 1347 160 1395 structam,
176 1340 214 1401 qui
233 1355 265 1393 eo,
285 1337 346 1401 quod
363 1335 458 1383 fratrum
478 1337 573 1383 domum
592 1337 687 1384 verbum
705 1339 811 1397 insonuit,

44 1417 145 1461 gressum
157 1403 225 1446 vertit
237 1411 259 1446 et
271 1401 391 1445 bononiam
403 1417 449 1444 non.
458 1402 569 1455 accedens,
578 1402 667 1445 aliunde
675 1404 808 1461 pertransiit.

46 1464 142 1511 Mandat
152 1464 249 1527 denique
260 1462 366 1509 fratribus
376 1462 472 1508 domum
482 1462 613 1508 festinanter
624 1464 682 1508 exire
692 1479 698 1520 3
715 1475 809 1527 propter

45 1529 114 1592 quod,
125 1529 200 1576 relicta
211 1529 280 1576 domo
291 1528 357 1574 etiam
368 1528 450 1574 infirmi
460 1545 505 1574 non
514 1538 635 1584 remanent,
645 1528 684 1575 sed
692 1529 811 1577 eiiciantur

45 1608 97 1639 cum
109 1595 164 1652 aliis,
175 1610 215 1639 nec
224 1593 332 1639 redeundi
343 1593 431 1638 licentia
446 1594 519 1651 datur,
532 1594 604 1639 donec
621 1593 728 1640 dominus
746 1594 810 1657 Ugo,

44 1665 99 1701 tunc
111 1658 240 1703 Hostiensis
251 1658 367 1719 episcopus
382 1666 404 1701 et
421 1658 444 1700 in
461 1657 597 1702 Lombardia
610 1656 704 1719 legatus,
715 1658 809 1703 domum

43 1721 174 1781 predictam,
187 1737 249 1767 suam
266 1736 312 1767 esse
328 1720 462 1782 predicando
479 1722 608 1782 proclamat.
641 1721 810 1769 Testimonium

43 1785 144 1847 perhibet
156 1797 179 1833 et
190 1785 265 1833 scribit
276 1784 325 1844 hoc,
338 1784 381 1841 ille,
393 1784 431 1848 qui
440 1795 495 1830 tunc
506 1785 534 1832 de
545 1784 614 1832 domo
625 1795 717 1849 egrotus
727 1786 810 1834 eiectus

42 1848 94 1897 fuit,

90 1947 214 2036 nolebat
241 1978 346 2023 locellum
374 1977 471 2039 aliquem
499 1977 580 2022 fratres
608 1978 739 2036 inhabitare,
768 1980 876 2029 nisitfl-HJ]

44 2054 117 2091 certus
136 2043 164 2089 ad
183 2059 251 2106 quem
272 2041 396 2104 proprietas
417 2041 542 2103 pertineret,
566 2049 677 2087 constaret
695 2050 810 2104 patronus.

45 2111 117 2174 Leges
139 2109 199 2155 enim
220 2106 390 2170 peregrinorum
414 2106 437 2152 in
459 2106 510 2152 filiis
531 2122 618 2170 semper
640 2107 744 2170 quesivit,
767 2106 809 2154 sub

45 2176 117 2221 alieno
135 2173 239 2220 videlicet
260 2171 335 2233 colligi
355 2180 423 2227 tecto,
441 2171 530 2233 pacifice
549 2172 689 2233 pertransire,
706 2172 765 2218 sitire
782 2174 810 2219 ad

44 2240 146 2299 patriam.
171 2239 232 2283 Nam
243 2247 265 2282 et
276 2237 298 2281 in
310 2237 400 2281 heremo
411 2237 507 2292 sartiani,
516 2252 568 2281 cum
576 2237 726 2297 interrogatus
734 2235 807 2293 frater,

45 2302 136 2348 afratre
150 2301 210 2347 unde
225 2299 318 2355 veniret,
331 2299 487 2360 respondisset,
499 2316 511 2343 a
529 2298 582 2345 cella
599 2298 673 2344 fratris
691 2301 807 2357 Francisci,

17 2380 20 2386 ·
44 2367 88 2416 hoc
108 2375 197 2414 sanctus
218 2365 304 2424 audito,
321 2364 452 2426 respondit:
478 2364 514 2410 Ex
532 2379 578 2428 quo
595 2364 707 2411 Francisci
726 2381 809 2412 nomen

44 2433 99 2479 celle
120 2431 247 2495 imposuisti
269 2429 414 2493 approprians
435 2446 483 2476 eam
503 2430 566 2485 mihi,
585 2429 653 2476 alium
671 2430 713 2477 sibi
731 2448 809 2494 queras

44 2498 209 2551 habitatorem;
237 2511 289 2541 narn
310 2495 357 2555 ipse
378 2494 402 2538 in
423 2510 448 2539 ea
475 2511 521 2539 non
548 2494 653 2540 morabor
677 2496 705 2541 de
727 2506 808 2542 cetero.

44 2561 164 2614 Dominus,
176 2561 214 2616 ait,
226 2559 317 2622 quando
327 2557 389 2602 stetit
400 2557 423 2601 in
434 2572 526 2613 carcere,
539 2557 577 2603 ubi
594 2558 667 2604 oravit
685 2568 708 2603 et
725 2558 809 2605 ieiuna-

45 2626 78 2671 vit
102 2624 249 2687 quadraginta
276 2621 360 2679 diebus,
384 2637 430 2665 non
451 2620 529 2666 cellam
557 2619 587 2666 ibi
612 2620 659 2666 fieri
686 2621 747 2679 fecit,
768 2640 809 2669 nec

44 2690 142 2753 aliquam
161 2689 264 2747 domum,
284 2687 322 2733 sed
341 2684 381 2731 sub
401 2702 453 2730 saxo
475 2685 560 2731 montis
581 2687 709 2748 permansit.
742 2688 808 2751 Sequi

44 2771 97 2800 eum
127 2770 246 2816 possumus
279 2750 386 2798 inferiora
415 2751 543 2811 prescripta,
571 2750 638 2797 nichil
667 2752 810 2814 proprietatis

43 2818 153 2874 habendo,
164 2817 216 2864 licet
229 2827 303 2879 preter
318 2831 383 2862 usum
394 2814 514 2861 domorum
526 2815 602 2862 vivere
619 2832 664 2862 non
681 2817 808 2879 possimus?
