1919 3169
260 73 421 119 LEGENDA
438 72 597 132 GREGORH
781 81 808 125 91

49 163 90 209 sibi
102 165 188 225 placere
199 168 222 213 in
233 168 337 215 omnibus
347 167 514 229 infatigabiliter
526 166 683 213 studuerimus.
719 163 772 214 Que
783 160 811 205 ad

50 229 170 277 velandum
183 232 256 295 capud
273 232 396 279 necessario
412 232 571 294 emunguntur,
584 230 637 293 quia
652 226 811 275 rectitudinem

50 294 123 354 operis
145 296 228 359 absque
254 298 351 359 puritate
374 297 521 353 intentionis3
542 306 565 341 et
586 313 598 341 e
620 308 728 341 converso
749 300 812 353 pater

50 357 164 406 luminum
181 362 273 408 minime
289 360 418 424 acceptabit,
435 362 484 424 ipso
500 360 604 407 dicente:
623 359 644 405 Si
662 357 742 405 oculus
758 365 812 401 tuus

50 422 119 467 fuerit
135 425 238 486 simplest,
254 436 330 472 totum
347 434 452 486 corpus³⁰
470 426 571 470 lucidum
599 424 647 468 erit.
692 421 714 465 Si
736 429 812 464 autem

51 501 147 547 nequam
169 487 246 543 fuerit,
263 499 338 535 totum
360 496 464 550 corpus³⁰
480 487 624 534 tenebrosum
644 485 692 532 erit.
726 482 813 529 Oculus

50 566 147 613 namque
163 552 258 616 simplex
269 571 314 600 non
325 563 366 612 est,
377 552 416 616 qui
427 571 473 599 non
484 552 546 598 videt
562 552 623 615 quod
635 559 668 595 est
679 546 811 600 videndum,

51 615 179 677 cognitione
195 618 296 665 veritatis
313 635 394 676 carens,
405 628 444 665 aut
460 618 523 680 quod
540 633 585 663 non
602 613 727 662 videndum
743 611 813 669 fuerit

52 679 159 736 intuetur,
178 682 326 728 intentionem
346 699 426 744 puram
446 699 492 727 non
508 680 598 726 habens.
632 680 660 726 ln
676 678 750 738 primo
767 691 812 721 non

52 743 184 805 simplicem,
203 746 243 793 sed
264 763 349 803 cecum,
369 746 393 792 in
412 745 518 793 secundo
531 760 626 808 nequam
646 743 720 805 ipsum
739 749 813 803 aperta

51 807 108 854 ratio
119 809 232 857 iudicabit.
266 812 345 857 Penne
356 811 435 857 harum
447 812 532 857 alarum
543 819 597 857 suut
607 824 670 855 amor
686 806 754 868 patris
770 804 813 850 sal-

50 873 124 919 vantis
135 876 309 923 misericorditer
320 886 342 923 et
348 884 363 907 ³²
372 877 441 922 timor
449 876 536 922 domini
547 873 666 922 iudicantis
677 868 812 918 terribiliter.

52 937 129 988 Que³²
140 940 227 984 animos
238 940 368 996 electorum,
381 942 452 985 malos
466 940 611 1000 reprimendo
622 946 698 982 motus
709 946 732 981 et
742 944 813 979 castos

51 1001 177 1048 ordinando
193 1003 285 1050 affectus
301 1004 384 1050 debent
402 1004 538 1064 suspendere
556 1019 568 1049 a
587 1000 687 1049 terrenis.
719 997 814 1044 Duabus

51 1081 144 1129 quoque
152 1065 191 1113 alis
197 1067 320 1116 volandum
328 1077 362 1115 est
370 1067 398 1115 ad
405 1067 578 1131 impendendam
586 1065 699 1129 duplicem
710 1061 814 1127 proximo

52 1130 189 1191 charitatem,
201 1132 321 1180 reficiendo
331 1133 436 1180 videlicet
447 1134 544 1179 animam
555 1132 625 1179 verbo
642 1130 678 1176 dei
695 1138 718 1175 et
734 1143 814 1189 corpus

51 1205 142 1242 terreno
152 1197 254 1243 subsidio
265 1199 418 1245 sustentando.
453 1198 507 1249 Que
518 1197 552 1243 ale
563 1196 673 1242 rarissime
686 1194 814 1254 coniugun-

52 1269 96 1316 tur,
108 1260 161 1323 quia
172 1261 210 1306 vix
225 1271 347 1325 utrumque
357 1260 417 1318 valet
428 1261 455 1308 ab
466 1261 542 1324 aliquo
558 1258 682 1322 adimpleri.
715 1258 792 1303 Penne
799 1263 814 1288 ³³

52 1324 153 1371 harum³³
167 1326 255 1372 diversa
272 1336 326 1373 sunt
342 1342 417 1388 opera,
429 1343 473 1390 que
487 1327 516 1372 ad
532 1324 651 1372 consilium
668 1333 690 1369 et
705 1320 815 1369 auxilium

52 1389 197 1452 requiruntur
211 1393 314 1452 proximo
324 1390 454 1438 exhibenda.
488 1390 584 1439 Duabus
596 1389 692 1452 denique
699 1395 715 1418 ³⁴
725 1387 764 1432 alis
780 1402 815 1431 re-

51 1454 152 1515 gendum
159 1463 174 1487 ³⁵
191 1465 225 1501 est
241 1472 321 1517 corpus
338 1456 426 1502 nudum
446 1455 539 1512 meritis,
558 1454 620 1517 quod
639 1463 694 1499 tunc
713 1451 815 1498 ordinate

52 1518 166 1578 impletur,
178 1536 230 1564 curn
242 1521 333 1576 scilicet,
345 1520 442 1581 quoties,
454 1530 544 1580 peccato
561 1517 733 1571 interveniente,
745 1515 814 1562 fuerit

52 1581 198 1636 denudatum,
220 1583 359 1628 contritionis
380 1591 448 1646 atque
465 1582 611 1628 confessionis
630 1580 758 1626 innocentia
780 1594 815 1623 re-

52 1646 155 1693 vestitur,
189 1648 265 1693 Penne
277 1649 356 1693 harum
367 1648 502 1695 multimode
513 1647 641 1693 affectiones
655 1654 716 1702 sunt,
727 1660 771 1707 que
787 1659 815 1689 ex

52 1721 195 1772 peecatorum
207 1713 345 1758 execratione
356 1723 378 1758 et
389 1714 490 1775 appetitu
502 1712 588 1759 iustitie
599 1718 751 1773 procreantur.

101 1775 153 1821 Hec
170 1777 245 1821 omnia
267 1777 406 1822 beatissimus
427 1788 489 1837 pater
512 1774 633 1821 franciscus
655 1772 814 1835 perfectissime

53 1838 191 1901 adimplevit,
204 1840 242 1902 qui
254 1840 366 1902 seraphim
377 1840 498 1902 imaginem
509 1840 583 1885 tenuit
594 1849 662 1901 atque
679 1836 775 1882 formam
792 1845 814 1881 et

53 1903 76 1948 in
88 1919 152 1951 eruce
164 1919 306 1966 perseverans
315 1904 342 1951 ad
355 1904 486 1952 sublimium
498 1904 619 1967 spirituum
630 1902 725 1965 gradum
733 1901 815 1948 meruit

33 2003 35 2008 .
53 1969 182 2015 advolare.³⁶
215 1970 305 2032 Semper
329 1970 388 2015 enim
410 1969 433 2016 in
456 1987 520 2016 cruce
542 1968 592 2027 fuit,
616 1966 704 2014 nullum
726 1966 815 2013 subter-

54 2031 143 2092 fugiens
161 2033 259 2079 laborem
278 2044 346 2094 atque
357 2034 466 2089 dolorem,
484 2044 573 2079 tantum
591 2043 616 2078 ut
624 2041 639 2064 ³⁷
655 2042 730 2091 posset
747 2032 770 2076 in
792 2047 815 2075 se

54 2096 115 2141 etde
127 2114 149 2142 se
160 2096 301 2142 voluntatem
312 2097 398 2142 domini
410 2098 538 2160 adimplere.
571 2097 664 2142 Norunt
670 2095 686 2126 ³⁸
693 2104 793 2157 preterea
799 2101 815 2125 ³⁹

54 2161 93 2223 qui
116 2178 167 2208 cum
189 2162 227 2208 illo
249 2162 372 2210 conversati
395 2173 447 2210 sunt
469 2163 555 2218 fratres,
575 2177 643 2225 quam
660 2160 772 2207 cotidiana
793 2168 815 2204 et

54 2226 160 2272 continua
171 2226 260 2272 collatio
270 2228 299 2273 de
309 2228 356 2272 iesu
367 2226 437 2273 fuerit
452 2228 475 2273 in
486 2245 525 2273 ore
540 2228 615 2288 ipsius,
627 2242 694 2289 quam
707 2224 778 2271 dulcis
793 2234 816 2270 et

54 2291 128 2338 suavis
139 2291 289 2338 confabulatio
301 2308 369 2355 quam
382 2290 478 2355 benigna
493 2302 516 2339 et
527 2308 601 2339 amore
612 2290 677 2352 plena
688 2288 814 2336 collocutio.

54 2355 90 2399 Ex
111 2356 231 2401 abudantia
250 2357 322 2401 cordis
339 2371 364 2401 os
379 2355 474 2417 loqutur
490 2367 513 2401 et
529 2355 580 2401 fons
596 2354 717 2401 illuminati
733 2354 815 2399 amoris

54 2417 141 2481 replens
158 2419 233 2466 omnia
250 2420 333 2467 viscera
348 2419 396 2466 eius
412 2419 533 2467 ebulliebat
550 2418 618 2467 foras.

103 2485 181 2532 Multa
199 2486 278 2548 utique
292 2485 324 2530 illi
340 2501 393 2531 cum
409 2485 465 2542 iesu,
482 2486 554 2532 iesum
571 2486 594 2530 in
616 2483 690 2539 eorde,
706 2483 777 2529 iesum
792 2483 815 2528 in

55 2565 100 2605 ore,
118 2550 189 2596 iesum
205 2550 229 2594 in
240 2550 338 2605 auribus,
353 2550 425 2595 iesum
442 2552 465 2595 in
482 2551 559 2604 oculis,
576 2550 648 2595 iesum
665 2548 688 2593 'm
705 2546 815 2603 manibus,

93 2644 108 2668 3⁰
117 2641 151 2688 H.1
162 2643 200 2678 Ox.
209 2641 243 2677 and
253 2641 273 2679 L.
283 2641 317 2679 add
326 2651 378 2677 tuum.
456 2645 471 2670 31
482 2642 509 2680 H.
518 2643 576 2679 omits.
653 2643 668 2668 32
678 2641 714 2676 Or⁴
724 2639 777 2690 quod.

92 2696 110 2737 ³³¹
118 2694 144 2731 H.
155 2694 257 2731 Pennarum.
467 2698 482 2724 34
492 2696 530 2732 Ox.
540 2695 574 2732 and
583 2695 604 2732 L.
613 2706 687 2745 quoque.

93 2747 108 2773 3⁵
118 2746 153 2790 H„
163 2749 195 2783 Os.
205 2747 239 2783 aud
248 2748 286 2784 Ox.
296 2746 394 2795 tegendum.
446 2746 462 2774 ³⁶
472 2748 498 2784 H.
508 2747 604 2784 convolare.
656 2748 672 2774 ³7
682 2746 707 2782 H.
717 2747 773 2782 omits.

93 2796 109 2825 ³⁸
119 2799 145 2836 H.
155 2810 206 2835 amon
216 2811 232 2834 m
243 2810 287 2836 usu.
365 2801 380 2827 ³9
390 2799 411 2835 L.
421 2808 516 2849 propterea.
