1919 3169
340 119 518 167 1111111111
762 122 805 181 167

42 214 146 290 precepit.
181 212 220 259 Ad
237 228 305 275 quem
322 229 373 260 curn
391 214 428 260 1111
445 232 468 261 11
485 224 535 277 pert
526 214 624 261 traheret
640 216 679 261 sed
697 216 807 262 adirecto

42 281 120 326 itinere
137 276 266 335 declinaret,
284 278 371 324 audivit
388 296 467 327 vocem
484 279 596 326 dicentem
615 278 670 326 sibi:
694 279 740 326 Pax
757 279 804 328 tibi.

43 346 95 409 Ego
111 359 163 389 sum
174 343 211 387 ille
225 343 261 388 cui
272 353 294 389 te
305 344 395 390 vovisti.
428 345 459 391 Et
470 346 596 408 perducens
607 344 671 390 illum
682 345 728 391 adl
731 362 804 405 ocum,

42 425 135 457 manum
150 424 218 455 unam
236 418 262 454 ut
280 408 312 454 illi
329 408 448 457 videbatur
459 427 526 472 super
537 411 617 473 pedem
628 420 650 456 et
662 410 726 457 aliam
738 427 805 472 super

42 474 140 521 tibiam
136 473 250 533 imposuit,
262 484 284 519 et
295 473 423 519 membra
406 492 436 520 src
448 477 507 520 arida
517 476 658 520 restauravit.
692 474 739 519 Hic
749 485 804 519 tunc

42 546 147 602 provecte
174 546 220 583 erat
247 536 310 583 etatis
337 547 360 584 et
386 554 424 584 sex
448 555 558 586 annorum
582 539 654 601 spatio
674 535 749 584 fuerat
773 538 804 585 sic

42 613 176 650 contractus.

91 668 169 713 Multa
189 666 270 712 similia
291 667 403 713 virtutum
425 669 493 729 signa,
516 670 572 714 dum
600 670 673 715 adhuc
694 670 717 713 in
740 683 804 713 carne

42 734 135 786 viveret,
153 742 257 791 operatus
274 729 326 776 fuit.
359 731 438 793 Itaque
455 748 494 793 per
511 732 663 793 episcopatum
680 732 803 783 Reatinum

43 795 485 858 111110011111111111,1111111111
501 796 577 842 villam
595 797 702 859 pervenit,
720 798 743 841 in
760 813 805 860 qua

44 859 125 907 mulier
135 858 232 905 lacrimis
243 859 308 921 plena
319 871 436 906 octennem
448 862 477 907 fil
472 877 519 906 1111
530 861 623 907 brachiis
634 871 722 923 gestans
730 877 804 907 coram

43 926 92 1000 ipso
118 924 230 985 deposuit.
279 925 326 969 Iam
353 925 436 970 etenim
463 941 519 988 puer
545 942 585 988 per
611 941 680 972 annos
707 935 804 990 quatuor

43 991 73 1036 sic
97 989 219 1035 enormiter
242 990 346 1034 extiterat
371 991 483 1052 turgidus,
510 1002 536 1036 ut
560 991 624 1037 nullo
648 991 717 1064 modo
741 1007 806 1037 crura

43 1069 132 1099 cernere
151 1063 231 1125 posset.
277 1053 353 1103 Quem
372 1063 458 1098 sanctus
477 1053 719 1116 benignesuscipiens,
738 1070 805 1116 super

45 1128 146 1164 ventrem
162 1117 209 1162 eius
227 1116 274 1162 illas
291 1133 343 1163 vere
360 1118 505 1164 sanctissimas
527 1135 605 1166 manus
628 1071 728 1167 adduxii
768 1119 806 1166 Ad

44 1185 108 1231 cuius
132 1192 216 1230 tactum
240 1182 407 1229 detumescente
434 1194 530 1240 tumore,
557 1185 661 1246 protinus
687 1183 805 1231 incolumis

44 1248 123 1305 factus,
143 1263 195 1294 curn
214 1257 286 1293 matre
307 1248 351 1293 iarn
370 1247 414 1293 leta
435 1249 487 1294 Deo
506 1259 528 1294 11
546 1259 622 1295 111111
641 1250 689 1296 1111
708 1249 897 1310 101110111101711υ

44 1313 126 1373 gratias
142 1310 226 1356 retulit.

94 1375 122 1422 ln
133 1374 222 1422 civitate
232 1374 372 1432 Tuscanella,
384 1372 447 1420 miles
457 1374 549 1437 quidam
560 1376 650 1422 beatum
662 1376 681 1421 F
682 1376 806 1422 ranciscum

46 1439 143 1502 suscepit
159 1439 256 1502 hospitio
265 1458 270 1497 ;
287 1440 323 1485 cui
339 1438 398 1486 filius
414 1439 494 1486 unicus
511 1441 603 1487 claudus
619 1451 641 1487 et
651 1451 702 1487 toto
713 1457 806 1503 corpore

45 1505 123 1552 debilis
139 1515 194 1551 erat.
228 1504 277 1556 Qui
296 1503 346 1551 licet
362 1522 432 1551 annos
450 1505 577 1551 ablactionis
595 1507 714 1562 transisset,
732 1506 805 1552 adhuc

46 1579 119 1613 tamen
145 1571 168 1613 in
190 1568 306 1613 cunabulis
328 1569 458 1613 decubabat.
501 1569 549 1612 Hic
570 1569 664 1629 pedibus
687 1570 745 1613 beati
766 1571 808 1614 viri

47 1631 161 1678 humiliter
180 1648 202 1677 se
221 1632 348 1694 prostravit,
367 1631 406 1677 filii
426 1633 460 1677 sui
480 1631 507 1677 ab
526 1647 552 1677 eo
571 1632 675 1679 flebiliter
694 1633 808 1694 postulans

46 1698 169 1745 sanitatem.
205 1696 253 1749 Qui
271 1712 323 1744 cum
340 1706 401 1743 tante
418 1697 489 1758 gratie
502 1713 524 1743 se
535 1697 654 1760 indignum
666 1709 809 1760 cognosceret

47 1772 69 1808 et
86 1761 197 1819 clamaret,
209 1762 301 1808 tandem
317 1778 410 1823 precum
427 1761 487 1808 illius
503 1762 607 1808 instantia
617 1763 697 1818 victus,
709 1764 809 1808 oratione

47 1827 159 1888 premissa,
187 1841 283 1888 puerum
309 1827 406 1888 signavit
433 1836 455 1871 et
483 1825 602 1872 benedixit.
648 1826 697 1878 Qui
724 1829 808 1884 statim,

47 1890 189 1935 cernentibus
208 1889 302 1951 singulis
320 1900 343 1934 et
361 1888 517 1950 gaudentibus,
538 1889 632 1935 surrexit
651 1889 769 1936 incolumis
786 1900 808 1936 et

48 1954 91 2002 huc
102 1965 170 2018 atque
181 1952 242 2010 illuc,
254 1964 322 2018 prout
330 1953 413 2011 voluit,
425 1954 553 2002 ambulavit.

94 2020 210 2084 Tempore
220 2020 263 2067 alio
275 2037 327 2067 cum
338 2020 398 2083 apud
410 2020 521 2066 Narniam
533 2019 705 2079 devenisset,vir
716 2021 808 2083 quidam

47 2085 148 2129 eiusdem
165 2085 266 2139 civitatis,
280 2085 360 2129 Petrus
377 2085 474 2138 nomine,
486 2084 612 2144 paraliticus
625 2085 648 2127 in
659 2085 718 2129 lecto
729 2085 808 2139 iacens,

48 2148 140 2194 audiens
166 2158 268 2193 sanctum
295 2148 340 2193 Dei
367 2147 478 2192 Narnium
505 2147 628 2202 advenisse,
655 2148 729 2210 rogari
756 2147 809 2195 fecit

48 2213 178 2288 episcopum
196 2212 291 2260 civitatis
310 2224 336 2259 ut
355 2228 445 2260 servum
463 2212 505 2258 Dei
523 2212 622 2258 altissimi
639 2213 667 2260 ad
684 2214 809 2260 sanandum

48 2277 122 2338 ipsum
140 2279 230 2325 mictere
247 2279 385 2341 dignaretur.
419 2278 453 2323 Ita
469 2287 516 2323 erat
533 2278 635 2323 omnium
654 2279 809 2325 membrorum

49 2343 121 2387 officio
147 2344 278 2399 destitutus,
306 2353 332 2388 ut
359 2341 462 2387 solaml
464 2342 555 2402 inguarn
578 2352 601 2386 et
622 2342 698 2387 oculos
720 2359 810 2389 movere

50 2415 174 2468 utcumque
190 2408 280 2453 valeret.
314 2407 396 2450 Beatus
412 2405 541 2450 Franciscus
558 2405 585 2449 ad
603 2419 655 2449 eum
672 2407 809 2464 accedens‚a

50 2470 119 2531 capite
131 2470 240 2534 usquead
250 2470 317 2533 pedes
328 2470 418 2533 signum
429 2468 499 2515 crucis
510 2485 577 2531 super
587 2485 640 2515 eum
651 2471 759 2544 protraxit
769 2486 775 2526 ;
787 2481 810 2516 et

51 2550 103 2582 mox
113 2552 175 2582 omni
169 2535 268 2582 'morbo
278 2535 358 2598 fugato
369 2551 421 2581 eum
433 2535 524 2597 pristine
535 2534 634 2580 restituit
644 2534 737 2582 sanitati.

97 2590 170 2663 Apud
192 2601 324 2664 Eugubium
343 2600 424 2647 mulier
442 2599 546 2662 quedam,
566 2615 645 2645 manus
663 2599 738 2645 ambas
756 2616 810 2645 con-

51 2673 130 2709 tractas
148 2665 239 2721 habens,
256 2665 312 2710 nihil
332 2680 383 2710 cum
401 2665 431 2708 eis
450 2673 537 2725 poterat
555 2664 647 2724 operari.
687 2663 741 2714 Que
759 2679 809 2709 curn

43 2727 126 2775 ‘virum
142 2729 186 2776 Dei
203 2730 315 2776 civitatem
331 2729 423 2775 intrasse
439 2737 590 2791 cognosceret,
601 2726 679 2774 dolens
691 2737 714 2773 et
725 2744 810 2774 merens

52 2793 80 2840 ad
95 2811 147 2841 eum
163 2797 239 2843 statim
252 2796 358 2852 cucurrit,
369 2795 493 2841 miseranda
503 2794 557 2840 facie
568 2809 647 2839 manus
658 2794 677 2839 ei
688 2803 811 2840 contractas

52 2860 177 2909 ostendens.
222 2860 294 2924 Super
320 2875 388 2925 quam
414 2858 495 2925 pietate
518 2867 642 2924 permotus,
664 2874 743 2904 manus
763 2859 811 2905 eius
