1919 3169
405 127 511 172 INDEX

76 269 174 308 CXXVII
175 271 191 320 J.
216 270 270 319 Quod
280 282 313 307 non
322 277 348 306 est
357 268 379 304 de
388 267 421 305 levi
430 281 460 329 per
469 270 584 307 obedientiam
592 270 721 320 precipiendum
757 300 761 308 .

75 322 167 360 CXXIX.
215 322 246 359 De
252 322 311 366 fratre,
319 321 366 358 cuius
373 321 447 370 proiecit
453 323 470 357 in
476 323 516 370 igne
525 323 611 373 caputium
620 323 656 358 sine
665 323 763 359 obedientia

267 382 335 411 venerat
343 372 385 409 licet
393 372 485 411 devotione
493 376 589 412 trahente
641 403 646 412 .

75 426 157 464 CXXX.
214 426 245 463 De
254 427 294 470 hiis,
303 439 333 475 qut
328 425 411 470 bonum,
420 424 448 462 vel
457 425 520 463 malum
532 425 632 476 exemplum
641 426 705 464 debant
713 436 731 462 et
739 427 761 463 de

267 452 355 514 cuiusdam
364 477 404 513 boni
413 477 470 514 fratris
479 478 561 528 exemplo
570 488 587 514 et
596 492 644 516 more
652 479 761 528 antiquorum

75 530 168 578 CXXXJ
214 529 245 566 De
254 529 355 589 quibusdam
364 527 428 566 malum
439 529 539 579 exemplum
547 531 627 567 dantibus
636 539 653 567 et
662 530 761 567 maledictio

266 582 321 618 sancti
330 581 352 618 ad
361 593 391 617 eos
399 589 417 617 et
425 594 477 631 quam
485 583 558 631 graviter
567 583 602 619 hoc
611 583 759 620 ferebat..

74 632 179 683 CXXXIJ
216 633 247 670 De
256 632 360 671 revelatione
369 633 401 669 sibi
410 647 420 669 a
429 634 462 670 deo
470 633 517 671 facta
525 635 548 671 de
557 644 601 671 statu
614 635 679 672 ordinis
688 645 706 671 et
715 636 762 686 quod

266 686 302 721 odo
310 698 405 733 rnonquam
413 685 483 721 deficiet
523 713 759 723 .....

75 736 150 774 CXXX
164 735 190 785 l.J
215 734 263 773 Con
256 744 348 773 raorum
359 744 376 772 et
390 736 484 774 otlososet
477 736 578 775 trevelatIo
592 738 624 774 srbr
632 737 679 775 facta
692 738 761 787 quando

266 798 311 825 esset
320 802 377 826 servus
386 787 416 824 det
424 798 441 825 et
450 789 519 839 quaudo
527 803 586 828 non
639 817 643 827 .
697 819 701 828 .
755 817 759 827 .

75 839 187 879 CXXXIV.
214 840 312 879 Penitentia
320 850 380 879 contra
387 841 442 880 otiosa
450 842 502 880 verba
510 843 555 892 apud
563 843 688 892 portiunculam
698 872 702 882 .
755 873 760 882 .

75 892 175 931 CXXXV.
215 893 306 942 Qualiter
301 907 338 944 ipse
346 893 424 931 aborans
433 903 497 932 otiosos
505 895 586 932 odiebat
640 922 644 932 .
697 924 702 932 .
755 924 759 933 .

75 944 189 993 CXXXVJ.
218 946 305 981 Lamenta
313 946 336 981 ad
344 946 396 981 deum
405 946 427 981 de
436 948 495 982 otiosis
504 956 522 982 et
530 947 594 995 gulosis
641 973 644 981 .
698 974 702 982 .

75 995 199 1045 CXXXVIJ.
216 996 247 1032 De
255 998 336 1034 ministris
345 997 393 1034 verbi
402 997 431 1033 dei
439 1007 457 1034 et
465 997 519 1058 qualis
527 999 580 1035 debet
588 1011 625 1034 esse
634 998 759 1058 predicator

75 1047 193 1085 CXXXVII
193 1049 209 1098 J.
216 1047 283 1087 Contra
299 1062 342 1087 vane
359 1048 414 1097 glorie
433 1051 536 1100 appetitores
552 1059 571 1087 et
588 1050 697 1100 expositione
714 1049 760 1087 verbi

75 1153 188 1191 CXXXIX.
215 1153 246 1191 De
255 1102 399 1204 chIiJirJtlbIIone
407 1156 489 1191 creatoris
523 1182 760 1193 .....

76 1205 138 1242 CXL.
217 1205 248 1241 De
257 1206 329 1242 karitate
342 1206 394 1254 ipsius
407 1215 425 1241 et
438 1206 510 1254 qualiter
524 1219 542 1242 se
555 1208 610 1254 ipsum
623 1218 654 1254 pro
668 1208 762 1242 animarum

266 1256 330 1293 salutor
338 1256 446 1306 perfectionis
455 1258 529 1306 ponebat
537 1256 637 1306 exemplum
698 1285 702 1294 .
756 1284 760 1294 .

75 1308 148 1358 CXLJ.
215 1308 246 1345 De
255 1308 365 1346 similitudine
373 1308 480 1345 subditorum

75 1360 159 1411 CXLIJ.
215 1360 246 1399 De
255 1363 372 1412 compassione
379 1361 485 1399 infirmorum
527 1391 760 1401 .....

75 1413 170 1463 CXLIIJ.
216 1413 247 1450 De
256 1415 374 1464 compassione
382 1428 440 1464 quam,
449 1414 520 1451 infirmis
533 1414 592 1464 spiritu
605 1414 682 1462 gerebat,
690 1414 713 1450 de
721 1416 762 1461 hiis,

268 1467 297 1516 qui
304 1469 363 1503 contra
372 1466 407 1503 hoc
413 1465 478 1503 faciunt
526 1494 760 1505 .....

76 1515 168 1553 CXLIV.
215 1517 246 1553 De
254 1517 334 1553 fratribus
343 1518 411 1566 yspania

75 1567 157 1606 CXLV.
216 1567 282 1606 Contra
292 1568 336 1606 male
345 1570 362 1606 in
371 1569 485 1605 heremitoriis
495 1576 602 1606 comorantes
611 1576 629 1605 et
637 1569 684 1617 quod
694 1568 762 1607 volebat

267 1634 325 1658 omnia
333 1634 370 1657 esse
379 1635 477 1658 communia

75 1671 169 1721 CXLVJ.
214 1673 245 1710 De
253 1672 319 1711 duobus
328 1672 407 1710 fratribus
419 1671 485 1721 gallicis
496 1673 557 1723 quibus
568 1672 625 1709 tunica
634 1672 705 1710 tradidit
756 1704 761 1713 .

75 1723 179 1774 CXLVIJ.
216 1724 247 1761 De
256 1726 362 1763 detractione
371 1734 388 1761 et
397 1725 486 1774 quomodo
495 1724 564 1762 volebat
573 1725 674 1762 detractoris
682 1727 737 1775 puniri
757 1755 762 1764 .

76 1776 191 1824 CXLVIIJ.
216 1776 318 1826 Descriptio
331 1776 415 1824 generalis
428 1778 501 1813 ministri
511 1786 528 1812 et
539 1775 594 1826 qualis
607 1776 659 1812 debet
672 1789 709 1813 esse
722 1790 761 1814 cum

267 1837 315 1866 sotus

76 1878 170 1918 CXLIX.
214 1880 246 1917 De
254 1880 385 1930 provincialibus
395 1881 476 1917 ministris
528 1909 762 1920 .....

76 1931 118 1970 CL.
216 1932 265 1981 Quid
274 1942 341 1971 sanctus
350 1933 463 1981 interrogatus
472 1932 495 1970 de
504 1932 585 1970 ministris
593 1932 682 1982 respondit
699 1962 704 1971 .
757 1963 761 1972 .

76 1982 128 2033 CLJ.
215 1985 246 2022 De
255 1994 313 2022 sancta
321 1984 431 2034 simplicitate
440 1994 458 2021 et
467 1998 500 2034 que
509 1985 530 2022 sit
539 1997 580 2022 vera
588 1984 688 2034 simplicitas
700 2013 704 2022 .
757 2015 761 2023 .

75 2034 140 2085 CLIJ.
211 2036 242 2072 De
250 2036 303 2073 fratre
312 2036 400 2072 Iohannes
409 2035 487 2085 simplice
528 2064 761 2073 .....

75 2086 151 2137 CLIIJ.
215 2088 311 2136 Quomodo
319 2089 401 2124 unitatem
408 2087 478 2126 fouebat
487 2088 504 2124 in
511 2087 555 2133 filiis,
565 2087 587 2123 de
596 2099 629 2136 qua
638 2088 669 2124 sub
678 2089 763 2136 enigmate

230 2147 231 2150 ’
267 2139 334 2177 locutus
342 2148 369 2176 est

75 2189 148 2231 CLIV.
217 2193 296 2240 Qualiter
305 2200 373 2229 sanctus
382 2192 419 2229 radi
427 2191 496 2230 volebat
528 2219 762 2231 .....

76 2242 137 2279 CLV.
217 2244 296 2292 Qualiter
309 2244 379 2281 nolebat
388 2257 459 2292 magnos
472 2243 544 2280 clericos
557 2243 644 2279 venientes
653 2243 676 2279 ad
684 2243 763 2280 ordinem

268 2296 375 2345 expropriari

76 2345 148 2396 CLVJ.
217 2346 296 2395 Qualiter
309 2346 378 2384 volebat
391 2358 420 2383 eos
434 2347 524 2383 addiscere
537 2355 554 2383 et
563 2345 634 2395 qualiter
648 2346 692 2383 sotio
705 2346 765 2396 predi·

267 2399 362 2435 cationibus
371 2397 467 2435 intendenti
475 2399 552 2448 apparuit
587 2426 592 2434 .
644 2426 648 2434 .
701 2427 706 2436 .
759 2428 764 2437 .

76 2447 160 2501 CLVIJ.
217 2453 246 2490 De
255 2449 356 2502 specialibus
369 2449 490 2489 devotionibus
503 2452 539 2488 eiua
547 2459 565 2487 et
575 2448 648 2500 qualiter
661 2448 765 2489 afficiebatur

268 2518 344 2541 amorem
353 2502 382 2539 dei
413 2531 764 2542 .......

76 2553 171 2605 CLVIIJ.
217 2556 248 2593 De
263 2556 355 2594 devotione
371 2555 407 2591 eius
422 2556 446 2592 ad
461 2555 532 2605 angelos
547 2563 565 2591 et
580 2553 622 2605 quid
636 2567 695 2591 amore
711 2558 765 2594 sancti

267 2608 361 2644 Michaelis
370 2606 445 2642 faciebat
473 2633 765 2645 ......

76 2656 148 2697 CLIX.
207 2672 209 2675 ⁴
216 2660 245 2697 De
254 2658 346 2696 devotione
354 2657 377 2693 ad
385 2657 475 2694 dominam
484 2667 559 2694 nostram
569 2658 596 2693 cui
604 2657 691 2694 commisit
699 2659 766 2708 specia-

269 2712 308 2748 liter
317 2711 395 2748 ordinem
413 2737 765 2749 .......

77 2761 139 2812 CLX.
217 2763 249 2801 De
255 2764 348 2802 devotione
356 2761 379 2799 ad
385 2763 494 2800 nativitatem
502 2762 569 2801 domiui
578 2771 595 2799 et
604 2762 692 2813 quomodo
698 2762 767 2802 uolebat

268 2826 309 2853 tunc
318 2815 396 2854 omnibus
405 2816 492 2852 subueniri
531 2842 766 2854 .....

77 2865 150 2917 CLXJ.
218 2870 247 2906 De
256 2869 348 2907 devotione
356 2868 379 2905 ad
388 2881 451 2918 corpus
460 2868 526 2905 domini
532 2895 766 2907 .....
