1919 3169
139 112 182 145 112
325 98 526 147 TRACTATUS
545 99 720 147 SECUNDUS
745 120 747 125 r

135 197 260 243 humanum
285 196 402 242 excederet
424 206 447 242 et
468 196 496 242 ab
517 197 580 243 omni
602 195 697 242 rationis
718 194 804 242 iudicio
825 192 905 256 procul

135 271 198 308 esset.
232 263 254 309 O
274 260 410 308 dementiam
428 261 537 309 hominis!
569 260 646 307 Tanto
665 269 783 323 propterea
800 259 906 321 insipiens

135 326 240 372 divinum
260 325 317 371 illud
336 327 437 372 venerari
456 325 551 373 debebas
570 326 685 381 humilius,
705 335 792 388 quanto
810 334 863 370 eta
884 334 906 370 te

136 393 212 439 minus
233 400 321 454 poterat
341 391 505 452 comprehendi.
546 391 604 437 Scire
622 401 689 437 tuum
708 399 762 445 erat,
782 390 800 435 si
818 389 905 435 ratione

136 455 232 518 vigebas,
246 455 352 518 quoniam
368 454 493 499 facilimum
509 457 560 501 Deo
576 465 609 500 est
620 456 684 500 novis
695 469 782 513 semper
793 455 905 500 mundum

136 520 244 565 innovare
255 517 375 574 miraculis,
384 535 471 580 semper
481 520 509 565 ad
520 535 583 565 suam
594 518 691 580 gloriam
702 518 788 579 operari
798 517 821 562 in
832 517 905 572 nobis,

136 600 182 646 que
200 599 245 631 non
264 592 298 629 est
315 583 338 629 in
361 582 409 630 aliis
431 593 541 646 operatus.
581 583 647 636 Quid
669 582 749 645 plura?
789 581 905 645 Cogitanti

136 647 218 694 frivola
229 649 314 695 durum
326 665 338 693 a
348 650 400 694 Deo
411 649 495 696 vulnus
508 649 625 709 infligitur,
639 657 666 694 ut
683 648 755 695 discat
770 663 797 693 ex
808 648 850 694 hiis
862 665 905 710 que

136 712 223 776 patitur
240 729 286 760 non
304 711 462 775 blasphemare.
497 713 578 761 Subito
595 713 618 759 in
636 711 708 776 palma
723 728 802 758 manus
817 712 906 759 sinistre

137 778 271 839 percutitur,
294 778 347 840 quia
368 778 458 823 sinister
479 789 531 836 erat,
553 794 636 822 sonum
653 778 752 833 audiens,
772 779 835 838 quasi
853 794 905 823 cum

137 842 250 904 spiculum
267 841 356 903 prosilit
372 842 400 887 dc
416 841 501 888 balista.
535 842 639 904 Moxque
655 851 702 886 tam
715 842 808 887 vulnere
819 841 906 887 sautius

137 924 206 970 quam
223 906 301 953 sonitu
319 905 466 968 stupefactus,
486 907 604 952 cirotecam
624 907 652 953 de
669 922 738 952 manu
758 905 834 963 trahit,
852 906 906 969 quia

137 972 269 1017 cirotecatus
285 982 340 1017 erat.
373 972 479 1034 Cumque
496 971 557 1018 nulla
573 970 652 1017 fuisset
664 971 725 1032 prius
737 971 760 1016 in
771 971 844 1032 palma
855 988 906 1032 per-

137 1036 218 1092 cussio,
227 1036 342 1095 conspexit
352 1036 375 1079 in
387 1036 462 1080 medio
474 1051 553 1079 manus
563 1035 651 1096 plagam
663 1036 726 1096 quasi
737 1035 817 1095 sagitte
825 1036 905 1091 ictum,

137 1115 165 1145 ex
181 1116 225 1163 qua
241 1108 302 1145 tanta
317 1099 352 1145 vis
369 1098 502 1162 procedebat
518 1099 609 1154 ardoris,
622 1110 648 1145 ut
661 1108 724 1144 totus
737 1097 779 1143 sibi
790 1099 905 1145 videretur

137 1166 160 1210 in
179 1165 259 1210 ardore
279 1164 378 1210 deficere.
419 1164 525 1210 Mirabile
544 1164 614 1210 dictu.
655 1163 752 1210 Nullum
769 1163 792 1209 in
810 1163 905 1210 ciroteca

138 1230 259 1291 vestigium
277 1229 402 1289 apparebat,
419 1240 445 1275 ut
461 1229 540 1276 latenti
561 1228 626 1291 plage
645 1228 719 1275 cordis
741 1229 829 1275 latentis
848 1245 905 1291 pena

137 1292 237 1339 vulneris
253 1292 405 1355 responderet.

188 1357 276 1402 Clamat
293 1357 372 1402 exinde
389 1373 429 1417 per
446 1358 505 1403 duos
522 1357 577 1414 dies,
588 1367 611 1402 et
624 1357 687 1417 rugit
697 1356 777 1402 dolore
788 1356 905 1404 sevissimo

138 1422 273 1479 stimulatus,
292 1432 315 1467 et
334 1422 442 1469 increduli
461 1422 536 1468 cordis
552 1422 655 1468 velamen
673 1419 767 1483 explicat
786 1421 903 1471 universis.

138 1487 236 1535 Credere
246 1504 270 1533 se
280 1487 389 1534 veraciter
399 1488 423 1533 in
433 1497 511 1533 sancto
522 1487 639 1533 Francisco
650 1487 757 1549 stigmata
767 1503 826 1534 sacra
835 1486 904 1535 fuisse

137 1551 229 1605 fatetur,
249 1562 272 1595 et
288 1552 348 1595 iurat
366 1562 492 1596 contestans
512 1553 585 1596 omnis
606 1552 754 1596 dubitationis
775 1552 904 1598 abscessisse

137 1614 277 1662 fantasmata.
319 1616 376 1661 Orat
394 1613 526 1677 suppliciter
545 1624 646 1661 sanctum
665 1614 710 1660 Dei
727 1630 766 1676 per
785 1631 845 1661 sacra
862 1615 903 1662 sibi

137 1681 242 1742 stigmata
269 1677 383 1726 subveniri
409 1690 432 1726 et
462 1678 544 1741 multas
571 1697 646 1741 preces
673 1681 748 1727 multo
775 1679 904 1744 impinguat

138 1744 244 1791 sacrifitio
262 1743 409 1791 lacrimarum.
444 1745 535 1791 Mirum
551 1755 616 1790 certe.
650 1744 784 1790 Infidelitate
800 1747 905 1808 proiecta,

138 1809 275 1857 sanationem
302 1810 383 1856 mentis
410 1810 495 1856 sanatio
520 1810 622 1872 sequitur
652 1809 779 1871 corporalis.
823 1812 905 1857 Omnis

140 1875 234 1936 quiescit
252 1874 325 1928 dolor,
346 1874 446 1935 frigescit
464 1875 536 1927 ardor,
558 1874 646 1918 nullum
665 1887 764 1920 remanet
784 1877 905 1936 vestigium

138 1952 278 1998 percussure.
322 1937 360 1984 Fit
381 1937 450 1983 homo
472 1936 564 1983 humilis
585 1938 642 1993 Deo,
666 1938 763 1984 devotus
784 1950 861 1984 sancto
882 1949 905 1984 et

138 2001 233 2049 fratrum
245 2001 318 2048 ordini
332 2012 439 2064 perpetua
455 2000 606 2049 familiaritate
623 2002 742 2050 subiectus.
777 2003 857 2050 Huius
873 2005 905 2050 rei

139 2078 186 2113 tam
212 2065 335 2127 sollempne
362 2066 495 2112 miraculum
522 2067 654 2112 iuramentis
678 2068 792 2113 firmatum
814 2068 859 2114 fuit
883 2079 905 2114 et

139 2133 237 2193 episcopi
254 2131 297 2176 loci
313 2131 408 2176 maxime
426 2130 564 2177 roboratum.
598 2132 640 2177 Per
656 2132 731 2178 omnia
742 2132 850 2178 mirabilis
861 2133 906 2179 Dei

139 2196 255 2241 benedicta
282 2195 383 2255 potentia
411 2211 454 2257 que
482 2196 505 2239 in
535 2196 642 2241 Potentia
670 2196 760 2242 civitate
789 2197 907 2259 magnifica

140 2259 310 2307 demonstravit.

189 2325 264 2371 Moris
278 2334 311 2370 est
326 2325 481 2370 Romanorum
498 2323 608 2370 nobilium
626 2334 788 2385 matronarum,
799 2326 846 2373 sive
862 2326 907 2373 sint

141 2391 210 2437 vidue
229 2391 276 2436 sive
293 2399 369 2450 nupte,
389 2389 484 2435 maxime
500 2389 583 2451 quibus
595 2390 749 2451 generositatis
763 2390 907 2453 privilegium

141 2455 219 2500 divitie
230 2464 320 2499 servant
330 2462 353 2498 et
360 2453 464 2498 Christus
475 2471 541 2498 suum
553 2453 654 2500 infundit
665 2470 772 2509 amorem,
780 2456 803 2500 in
812 2456 908 2517 propriis

120 2557 122 2562 .
141 2518 247 2565 domibus
264 2533 364 2564 seorsum
381 2515 462 2565 habere
475 2518 596 2564 camerulas
606 2529 644 2565 aut
656 2519 805 2565 diversorium
816 2519 907 2584 aliquod

140 2583 280 2630 orationibus
296 2592 382 2644 aptum,
397 2582 419 2628 in
431 2599 478 2645 quo
488 2582 585 2645 aliquam
596 2583 708 2645 depictam
719 2584 802 2630 habent
812 2600 907 2647 yconam

141 2659 163 2695 et
184 2648 245 2695 illius
271 2647 340 2693 sancti
366 2648 495 2710 ymaginem
520 2665 589 2711 quem
615 2649 739 2710 specialiter
766 2660 905 2698 venerantur.

141 2713 247 2766 Quedam
264 2713 334 2775 igitur
345 2712 442 2769 domina,
456 2729 546 2759 morum
561 2713 659 2760 claritate
670 2731 694 2760 ac
705 2723 825 2776 parentum
836 2715 908 2777 gloria

140 2776 230 2834 nobilis,
249 2787 351 2822 sanctum
369 2777 511 2821 Franciscum
529 2778 552 2822 in
571 2794 638 2822 suum
656 2779 752 2840 elegerat
765 2779 907 2826 advocatum.

142 2840 213 2887 Cuius
230 2840 358 2904 ymaginem
376 2841 487 2902 depictam
502 2841 596 2887 habebat
613 2843 637 2887 in
648 2852 732 2889 secreto
742 2841 854 2900 cubiculo,
867 2843 906 2890 ubi
