1919 3169
158 89 189 133 90
347 71 545 119 TRACTATUS
563 72 736 119 SECUNDUS

157 167 298 215 iucunditate
308 167 438 229 reciperent.
471 167 510 224 Et,
519 167 606 231 inquid,
615 168 723 231 generalis
731 168 832 215 minister
840 168 925 216 ordinis

157 232 207 279 talis
217 250 264 280 esse
275 231 372 280 deberet.
402 265 404 268 .

53 366 155 407 [n-cxux]
366 352 401 394 De
414 351 589 403 provincialibus
602 351 717 394 ministris.

193 412 373 506 'Requirebat
392 444 433 489 hec
452 445 527 490 omnia
546 442 606 489 felix*
618 453 681 506 pater
703 444 726 490 in
745 444 853 491 ministris
872 445 926 508 pro-

159 508 297 565 vincialibus,
308 508 360 555 licet
370 508 394 555 in
404 509 502 573 generali
514 508 618 556 ministro
631 509 719 572 singula
737 508 831 556 debeant
847 510 926 575 singu-

158 574 233 620 lariter
250 574 380 637 preminere.
413 573 509 620 Volebat
526 591 564 620 eos
581 573 679 620 affabiles
697 591 743 620 esse
762 575 887 622 minoribus
904 585 927 620 et

157 649 220 684 tanta
230 638 385 683 benevolentia
400 638 506 698 placidos,
518 649 544 683 ut
559 655 638 683 eorum
651 639 757 684 affectum
768 655 814 684 non
827 656 850 683 se
860 657 925 685 vexa-

158 712 236 749 rentur
261 702 404 748 eommictere
431 701 603 765 delinquentes3
632 701 721 749 volebat
749 703 876 750 moderatos
903 703 926 749 in

158 767 274 830 preceptis,
285 767 395 830 propitios
412 767 434 812 in
452 767 548 824 offensis,
560 766 618 813 ferre
636 768 706 831 magis
723 768 840 829 promitos‚
857 784 926 832 quam

157 833 239 878 referre
256 832 355 889 iniurias,
366 832 442 877 hostes
458 833 526 889 vitiis,
537 833 634 878 medicos
651 833 744 888 vitiosis
760 833 813 879 tales
829 834 927 896 denique

158 896 254 953 volebat,
267 913 367 959 quorum
378 896 426 943 vita
437 897 514 942 ceteris
525 907 582 942 esset
592 897 708 958 speculum
720 897 842 960 discipline.
873 898 927 943 Hos

159 971 234 1007 tamen
253 960 343 1007 volebat
362 961 424 1006 omni
443 961 529 1007 honore
548 961 659 1022 preveniri
678 971 701 1006 et
720 961 791 1023 diligi,
810 963 868 1008 sicut
887 963 927 1024 qui

158 1024 248 1088 pondus
264 1035 381 1087 portarent
397 1024 576 1073 sollicitudinum
593 1035 615 1072 et
630 1024 740 1074 laborum.
758 1038 759 1041 ’
775 1026 873 1073 Summis
889 1043 927 1073 eos

158 1092 249 1155 premiis
270 1091 330 1153 apud
350 1091 419 1137 deum
438 1090 522 1154 dignus
543 1108 590 1137 esse
612 1090 706 1150 dicebat,
726 1091 765 1155 qui
789 1093 827 1138 tali
844 1091 925 1149 forma,

158 1156 242 1218 talique
259 1156 308 1217 lege
325 1156 418 1202 creditas
434 1156 476 1201 sibi
493 1156 578 1202 animas
595 1155 753 1218 gubernarent.

90 1291 155 1331 [A-CL]
224 1281 284 1336 Quid
297 1286 392 1326 sanctus
405 1283 560 1336 interrogatus
573 1282 603 1325 de
616 1283 726 1326 ministris
739 1283 863 1336 respondit.

206 1351 382 1446 1nterrogatus
390 1399 403 1427 a
411 1381 510 1446 quodam
517 1381 585 1427 fratre
594 1381 670 1438 semel,
678 1398 718 1429 cur
724 1381 805 1428 fratres
813 1398 890 1429 omnes
898 1383 929 1429 sic

160 1469 219 1497 asua
226 1465 279 1497 cura
285 1449 378 1492 reiectos
386 1447 463 1491 alienis
471 1464 509 1492 eos
518 1448 639 1492 tradiderat
648 1447 759 1504 manibus,
766 1448 829 1509 quasi
838 1449 866 1493 ad
874 1465 927 1493 eum

160 1516 289 1562 nullatenus
297 1512 441 1574 pertinerent,
446 1511 573 1572 respondit:
587 1511 676 1556 Fratres
684 1511 756 1572 diligo
762 1512 820 1557 sicut
827 1528 929 1573 possum;

160 1581 199 1628 sed
210 1580 229 1627 si
241 1594 290 1626 mea
299 1585 447 1640 sequerentur
455 1576 556 1639 vestigia,
563 1574 613 1621 illos
624 1576 704 1639 utique
715 1575 766 1638 plus
776 1592 881 1634 amarem,
888 1593 929 1630 nec

69 1658 197 1707 F01.33¹⁰me
213 1645 257 1693 illis
271 1643 390 1691 redderem
404 1640 511 1690 alienum.
546 1641 607 1688 Nam
623 1651 676 1690 sunt
689 1642 782 1704 quidam
793 1641 822 1690 de
833 1658 929 1691 numero

161 1710 307 1772 prelatorum,
325 1707 365 1768 qui
383 1721 421 1751 eos
438 1706 466 1751 ad
483 1706 525 1751 alia
542 1706 642 1763 trahunt,
659 1707 806 1768 antiquorum
826 1708 857 1752 eis
876 1723 929 1768 pro-

161 1784 270 1838 ponentes
289 1769 391 1832 exempla
406 1778 429 1814 et
446 1785 526 1830 parum
546 1785 595 1814 mea
613 1770 700 1816 monita
718 1780 854 1832 reputantes.
887 1771 929 1817 Sed

162 1840 218 1903 quid
229 1846 303 1901 agant,
314 1837 338 1882 in
349 1836 392 1881 fine
403 1833 523 1883 videbitur.

210 1904 243 1950 Et
253 1901 321 1965 paulo
329 1909 381 1962 post
392 1916 444 1946 curn
455 1899 583 1945 infirmitate
594 1898 663 1945 nimia
673 1909 822 1962 agravaretur,
831 1900 854 1946 in
862 1900 930 1947 vehe-

163 1969 248 2014 mentia
263 1966 354 2027 spiritus
370 1965 394 2008 in
408 1965 492 2008 lectulo
509 1980 532 2007 se
545 1964 631 2008 erexit:
649 1965 699 2015 Qui
716 1975 769 2009 sunt
786 1965 830 2020 isti,
842 1965 872 2009 ait
889 1966 929 2027 qui

163 2032 296 2094 religionem
311 2045 384 2075 meam
397 2038 419 2074 et
436 2026 533 2074 fratrum
551 2028 579 2074 de
596 2027 651 2074 meis
668 2028 772 2075 manibus
788 2039 912 2090 rapuerunt
919 2030 932 2075 ‚t

163 2097 185 2145 Si
197 2096 224 2144 ad
235 2093 338 2162 generale
350 2090 475 2156 capitulum
485 2108 574 2151 venero,
586 2101 642 2138 tunc
658 2092 690 2137 eis
706 2092 829 2151 ostendam,
841 2092 930 2158 qualem

163 2163 256 2210 habeam
272 2161 421 2207 voluntatem.
454 2158 486 2203 Et
503 2159 590 2204 addidit
607 2157 676 2204 frater
693 2158 748 2205 ille:
768 2158 890 2223 Numquid
908 2169 930 2205 et

164 2224 311 2289 provinciales
321 2224 372 2269 illos
384 2222 505 2279 ministros,
517 2224 557 2284 qui
570 2223 657 2268 tamdiu
673 2222 776 2268 libertate
792 2224 855 2269 abusi
871 2233 932 2279 sunt,

165 2308 211 2337 non
233 2287 345 2336 mutabis?
387 2286 418 2332 Et
439 2296 501 2348 pater
522 2286 676 2350 ingemiscens,
699 2285 794 2332 verbum
816 2287 931 2350 respondit

164 2356 278 2403 terribile:
306 2353 391 2398 Vivant
417 2366 458 2412 pro
484 2351 557 2407 libitu,
586 2351 638 2413 quia
666 2353 758 2397 minoris
781 2362 815 2397 est
839 2352 931 2414 dampni

165 2435 296 2484 paucorum,
308 2433 377 2480 quam
390 2414 515 2461 multorum
528 2415 631 2477 perditio.
664 2415 719 2462 Non
736 2426 829 2478 propter
846 2433 931 2473 omnes,

165 2486 203 2532 sed
223 2493 314 2547 propter
332 2480 442 2545 quosdam
461 2479 554 2537 dicebat,
574 2480 613 2544 qui
631 2480 700 2526 nimia
716 2482 824 2543 temporis
840 2481 932 2529 diutur-

165 2552 235 2595 nitate
252 2547 388 2594 videbantur
409 2544 554 2605 prelationem
576 2545 709 2590 hereditario
730 2546 862 2592 vendicasse.
905 2548 932 2605 ln

166 2613 228 2661 omni
240 2611 332 2677 quidem
343 2625 424 2674 genere
434 2609 571 2672 prelatorum
585 2609 722 2672 regularium
735 2609 778 2655 hoc
788 2609 932 2672 potissimum

167 2677 344 2733 commendabat,
355 2691 429 2721 mores
443 2691 488 2721 non
505 2685 591 2720 mutare
608 2674 649 2720 nisi
666 2674 689 2721 in
706 2674 793 2732 melius,
805 2676 933 2722 conciliatos

167 2745 254 2791 favores
271 2759 317 2788 non
334 2756 433 2803 querere,
447 2749 580 2800 potestatem
598 2756 643 2784 non
661 2756 768 2798 exercere,
784 2740 823 2786 sed
841 2740 933 2803 implere

167 2808 271 2856 offitium.
