1919 3169
260 105 458 153 TRACTATUS
475 103 647 151 SECUNDUS
802 113 831 158 23

69 207 146 271 gratia,
157 204 244 250 delusio
260 202 333 248 omnis
344 199 450 244 discessit.
485 200 560 246 Flexit
576 215 599 243 se
616 199 639 242 in
657 196 751 259 genibus
767 195 834 241 frater

70 282 92 317 et
103 286 154 316 cum
165 268 298 316 verecundia
308 282 331 311 se
342 263 474 325 culpabilem
485 263 639 327 proclamavit.
672 262 716 308 Cui
729 270 818 306 sanctus
828 278 832 306 :

69 335 188 396 indulgeat
199 333 239 378 tibi
250 331 361 383 dominus,
374 329 442 374 frater
452 344 457 384 ;
475 330 514 376 sed
525 344 600 376 caveas
612 327 640 373 de
656 336 736 380 cetero,
748 341 776 370 ne
785 322 834 370 ¹sub

70 399 140 460 specie
151 397 272 443 sanctitatis
282 413 294 440 a
305 404 343 439 tua
351 392 458 454 religione
469 404 490 439 et
500 393 606 438 fratribus
617 391 729 452 separeris.
756 389 835 435 Factus

71 473 104 510 est
114 472 189 508 autem
201 459 295 521 proinde
313 458 386 504 dictus
402 457 470 502 frater
486 455 664 519 congregationis
680 464 702 499 et
713 453 835 500 sanctitatis

71 527 161 582 amicus,
177 524 221 571 illis
239 523 335 569 maxime
352 521 448 567 devotus
468 521 572 586 collegiis,
589 522 613 566 in
630 518 713 584 quibus
729 518 835 581 regularis

71 592 210 640 observantia
226 588 297 652 magis
312 589 381 650 viget.

310 727 388 769 Simile
402 728 430 768 de
444 727 488 768 alio
501 727 604 776 quodam.
841 724 933 766 [n-xxrv]

68 833 70 835 ¹
116 810 217 894 Paulo
234 846 285 898 post
302 852 348 882 non
371 835 469 881 multum
486 836 593 881 dissimile
614 837 638 881 in
660 827 735 899 aliquo
753 836 835 882 evenit.

72 903 140 949 Unus
153 903 232 966 aliquis
243 919 270 947 ex
280 899 386 946 fratribus
399 916 445 945 non
458 918 480 945 se
491 901 573 946 vicario
588 902 655 947 sancti
671 901 785 959 subdebat,
797 901 836 947 sed

72 968 192 1031 quemdam
210 967 306 1012 alterum
330 966 423 1010 fratrem
444 964 578 1027 sequebatur
599 975 625 1011 ut
646 967 764 1028 proprium
786 981 836 1028 pre-

73 1042 191 1091 ceptorem.
242 1031 347 1074 Monitus
369 1039 443 1074 autem
464 1044 503 1089 per
524 1031 689 1074 internuntium
716 1046 728 1074 a
753 1039 836 1083 sancto,

74 1095 112 1158 qui
129 1110 217 1156 presens
233 1102 288 1148 erat,
305 1090 423 1138 confestim
438 1094 467 1139 ad
484 1092 551 1154 pedes
567 1092 642 1138 vicarii
662 1110 684 1138 se
703 1092 796 1156 proiecit
815 1102 838 1138 et

74 1161 146 1221 primo
170 1169 299 1222 preceptore
323 1167 460 1220 contempto,
485 1157 517 1203 illi
541 1158 688 1220 obtemperat,
713 1175 781 1221 quem
806 1158 838 1203 illi

75 1233 161 1270 sanctus
186 1223 302 1269 constituit
326 1224 349 1267 in
373 1223 489 1284 prelatum.
531 1223 624 1268 Sanctus
647 1233 722 1269 autem
747 1222 839 1268 exalto

75 1288 194 1349 suspirium
223 1287 289 1334 traxit
319 1297 342 1333 et
369 1287 428 1332 sotio
458 1302 507 1344 su0,
535 1303 603 1348 quem
630 1303 671 1348 pro
697 1287 839 1334 internuntio

75 1353 170 1409 miserat,
193 1352 263 1397 dixit:
298 1350 359 1407 Vidi,
381 1350 456 1407 frater,
478 1349 600 1410 dyabolum
622 1366 687 1410 super
708 1351 783 1396 fratris
804 1352 839 1397 in-

75 1415 199 1461 obedientis
220 1415 313 1461 dorsum
334 1412 416 1459 collum
439 1414 487 1459 eius
507 1425 620 1459 tenentem
639 1416 770 1470 astrictum;
793 1416 839 1478 qui,

76 1481 115 1526 tali
138 1496 221 1526 sessore
245 1478 355 1536 subactus,
377 1478 442 1524 freno
466 1478 592 1525 obedientie
617 1490 698 1543 spreto,
721 1480 840 1526 instinctus

76 1547 123 1590 eius
141 1544 272 1607 sequebatur
288 1544 382 1590 habenas
399 1555 422 1590 et
439 1561 491 1589 cum
502 1561 610 1606 rogarem,
622 1545 709 1606 inquid,
721 1547 883 1591 dominumFol.
891 1556 918 1599 7¹¹⁰

77 1627 117 1671 pro
129 1608 203 1667 fratre,
215 1608 290 1655 subito
301 1609 384 1654 demon
395 1607 504 1654 confusus
514 1608 623 1657 abscessit.

116 1753 235 1804 Quomodo
253 1752 356 1794 homines
381 1752 409 1793 de
427 1753 504 1801 grecio
523 1763 537 1792 a
557 1752 661 1801 luporum
683 1753 796 1795 morsibus
818 1756 927 1801 etm-xva

77 1804 188 1855 grandine
201 1803 308 1846 liberavit.

125 1891 174 1972 In
188 1920 235 1964 loco
250 1918 346 1963 fratrum
359 1918 387 1962 de
404 1918 479 1979 grecio
496 1928 585 1963 sanctus
606 1918 688 1978 placito
707 1920 841 1974 morabatur,

79 1993 129 2029 tum
148 1983 200 2046 quia
218 1991 347 2045 paupertate
364 1981 459 2027 divitem
480 1998 526 2026 esse
548 1980 657 2038 cernebat,
675 1993 725 2029 tum
747 1984 800 2047 quia
819 1984 842 2029 in

80 2049 195 2094 remotiori
206 2048 281 2093 cellula
292 2064 343 2092 saxo
354 2046 496 2108 prominente
507 2058 642 2104 constructa,
651 2050 742 2095 vacabat
752 2050 843 2095 liberius

80 2114 197 2158 celestibus
216 2112 342 2172 disciplinis.
379 2112 427 2156 Hic
445 2112 482 2156 ille
501 2111 562 2156 locus
584 2122 623 2170 est,
642 2114 665 2156 in
687 2131 734 2175 quo
755 2114 843 2174 pridem

81 2177 144 2237 pueri
159 2176 295 2222 bethlemitis
309 2174 404 2220 natalem
418 2176 529 2229 recolunt,
540 2172 612 2220 factus
628 2192 679 2220 cum
693 2193 765 2236 puero
779 2194 841 2238 puer.

81 2240 169 2287 Accidit
180 2249 261 2297 autem,
272 2248 299 2284 ut
309 2237 414 2300 indigene
428 2238 491 2284 malis
507 2237 668 2301 multiplicibus
684 2252 843 2304 gravarentur;

82 2322 132 2352 nam
151 2305 255 2367 luporum
275 2305 387 2365 rapacium
405 2305 531 2350 multitudo
553 2320 598 2349 non
617 2305 692 2350 solum
712 2306 784 2363 bruta,
804 2308 844 2353 sed

82 2370 183 2415 homines
195 2369 344 2425 consumebat,
355 2368 441 2429 grando
451 2385 506 2415 vero
517 2386 589 2414 annua
605 2378 736 2430 tempestate
753 2370 844 2417 bladum
889 2404 890 2407 =

82 2444 104 2479 et
115 2435 189 2480 vineas
199 2432 331 2479 devastabat.

131 2496 236 2556 Quadam
246 2512 298 2543 vero
309 2496 345 2541 die
356 2494 411 2539 dum
422 2496 545 2556 predicaret
555 2496 586 2540 eis
597 2496 675 2541 beatus
691 2497 844 2556 Francischus,

84 2560 153 2607 dixit:
171 2561 210 2607 Ad
218 2561 326 2607 honorem
335 2569 357 2605 et
364 2559 454 2605 laudem
466 2560 631 2623 omnipotentes
642 2560 678 2607 dei
689 2562 765 2609 audite
776 2579 844 2626 quam

1 2669 4 2677 ,,
83 2626 147 2672 vobis
161 2626 270 2673 annuntio
281 2626 405 2673 veritatem.
442 2626 464 2670 Si
481 2627 578 2689 quisque
593 2637 695 2672 vestrum
714 2628 844 2674 confiteatur

1 2691 17 2738 i
84 2701 179 2750 peccata,
191 2692 314 2753 dignosque
330 2689 395 2734 faciat
406 2690 528 2750 penitentie
545 2690 636 2746 fructus,
650 2690 762 2738 fideiubeo
772 2692 843 2750 vobis,

1 2761 9 2806 s}
84 2756 145 2816 quod
173 2755 296 2816 pestilentia
322 2755 362 2798 hec
391 2754 463 2797 omnis
487 2755 598 2799 abscendit
619 2765 641 2799 et
665 2757 782 2818 rescipiens
804 2773 844 2801 vos

2 2811 10 2864 l
84 2813 189 2864 dominus
200 2818 352 2879 multiplicabit
363 2817 387 2861 in
398 2819 558 2878 temporalibus
571 2819 640 2866 bonis.
675 2822 844 2878 Verumtamen,
