1919 3169
254 61 414 108 LEGENDA
431 61 591 109 GREGORH
774 74 802 122 59

40 175 97 205 suo:
115 157 193 203 Nichil
210 157 312 219 amplius,
334 174 349 202 o
370 158 487 214 malevole,
508 168 572 220 potes
581 166 597 183 ²⁰
617 158 641 202 in
663 173 699 202 me
721 157 805 201 malitie

40 235 79 271 tue
90 230 104 247 ²¹
117 239 177 269 arma
196 233 305 281 excutere,
317 239 385 286 quam
402 222 420 268 si
438 223 462 268 in
478 222 571 284 publico
587 237 661 268 coram
677 220 782 268 omnibus
789 228 804 246 ²²

41 303 189 333 maneremus.
191 296 206 318 ²³
226 289 314 333 Revera
325 288 519 333 constantissimus
528 298 576 333 erat
584 286 665 343 valde3
659 297 699 331 ·et
710 287 733 330 in
742 285 805 330 nullo

42 351 84 396 nisi
101 351 164 411 quod
181 361 228 396 erat
245 351 331 397 domini
348 360 380 396 att
372 350 483 397 t.endebat
518 351 578 396 Nam
596 366 648 396 cum
659 323 722 395 inter
734 349 805 395 multa

42 413 111 462 millia
132 415 252 461 hominum
271 415 367 462 verbum
389 414 425 461 dei
434 424 449 447 ²4
471 415 585 477 sepissime
594 422 609 448 ²⁵
626 414 758 476 predicaret,
775 413 806 460 ita

43 496 133 527 securus
166 492 214 527 erat
240 497 264 525 ac
297 481 315 525 si
348 497 400 526 cum
432 480 537 526 familiari
570 480 631 526 socio
650 479 805 552 loqueretur.

42 543 184 606 Populorum
205 544 326 590 maximam
342 545 521 602 multitudinem,
544 545 617 617 quasi
634 545 710 590 virum
726 560 805 600 unum,

44 607 146 654 cernebat
162 618 185 653 et
196 609 243 666 uni,
255 609 355 672 quasi
330 609 470 654 multitudini
487 608 657 681 diligentissime
669 609 733 670 predi
727 607 804 656 r.cabat

44 675 80 719 De
102 673 200 733 puritate
221 673 303 717 mentis
330 652 462 734 piovidebat
478 673 520 718 sibi
548 673 690 718 securitatem
718 671 806 718 dicendi

44 752 171 784 sermonem
203 747 225 783 et
254 753 300 783 non
341 738 499 799 precogitatus,
532 737 589 783 mira
626 738 673 783 et²⁶
707 737 807 783 niaudita

44 801 149 849 omnibus
156 810 171 834 ²⁷
182 800 322 865 loquebatur.
356 802 378 848 Si
390 803 481 866 quando
492 819 546 850 vero
557 801 806 865 1111111111111111111011128

44 868 172 929 preveniret
201 883 335 922 sermonem,
365 868 506 930 congregatis
531 867 634 974 populisl
651 877 674 913 et
701 868 807 913 meditata

44 946 96 993 qua
96 931 181 992 idoque
208 946 254 975 non
276 931 452 987 recordabatur3
480 942 502 977 et
531 932 626 991 loqura
614 931 656 976 alia
683 931 805 991 ignorabat.

45 996 138 1057 Absque
153 994 234 1040 rubore
253 995 329 1058 aliquo
346 995 493 1040 confitebatur
509 995 607 1057 populis,
625 1011 648 1038 se
666 993 738 1041 multa
756 1012 807 1057 pre-

45 1060 158 1122 cogitasse,
161 1067 287 1121 ²⁹quorum
304 1059 372 1104 nichil
386 1060 476 1120 penitus
491 1070 578 1121 poterat
595 1058 747 1116 recordari,
732 1076 807 1122 sicque

45 1125 73 1171 de
89 1123 164 1170 subito
181 1133 243 1169 tanta
262 1124 388 1187 eloquentia
403 1123 539 1187 replebatur,
555 1134 582 1169 ut
599 1124 622 1169 in
636 1124 807 1170 admirationem

45 1198 185 1236 converteret
195 1189 281 1235 animos
291 1189 427 1235 auditorum.

94 1254 239 1315 Quandoque
250 1270 305 1299 vero
314 1254 382 1298 nichil
391 1254 462 1298 sciens
468 1253 539 1314 loqui,
549 1253 705 1298 benedictione
713 1254 771 1307 data,
781 1271 808 1299 ex

46 1318 111 1363 hoc³0
123 1318 172 1363 solo
179 1325 195 1348 ³¹
207 1317 434 1379 maximeprcdicatos
444 1316 541 1427 populos
552 1316 687 1362 dimittebat.
715 1317 757 1363 Sed
766 1326 807 1362 et³²

46 1399 98 1428 cum
111 1391 212 1445 ternpore
228 1382 334 1445 quodam,
346 1398 410 1428 causa
426 1382 457 1428 rel
458 1381 540 1444 igionis
556 1398 638 1444 poscen
640 1391 668 1439 et,
640 1382 713 1428 tad
730 1382 807 1428 urbem

45 1456 155 1493 romam³³
172 1448 277 1505 venisset,
299 1463 389 1493 coram
382 1455 398 1479 34
414 1463 470 1509 papa
485 1447 582 1493 honorio
601 1457 624 1492 et
645 1447 809 1493 venerabilibus

48 1512 195 1559 cardinalibus
215 1486 281 1584 loqui
302 1512 428 1584 plurimum
452 1511 555 1568 sitiebat3
550 1520 578 1544 ³⁵
600 1513 663 1574 quod
683 1511 810 1575 intelligens

47 1577 187 1621 dominusl
163 1575 275 1637 goriosus
286 1576 349 1636 hugo
357 1578 373 1607 ³⁶
384 1576 501 1636 episcopus
517 1577 643 1647 hostiensis,
658 1577 697 1637 qui
708 1588 810 1620 sanctum

48 1640 124 1685 deii
106 1639 214 1702 singulari
207 1639 384 1685 ivenerabatur
406 1639 493 1694 affectu,
515 1640 596 1684 timore
615 1655 639 1683 ac
661 1639 733 1684 letitia
754 1649 810 1684 est³⁷

46 1703 152 1766 repletus,
164 1703 275 1749 admirans
286 1705 354 1750 sancti
371 1703 414 1749 viri
408 1676 539 1750 fervoiem
551 1714 573 1750 et
585 1703 727 1777 simplicem'
721 1715 755 1750 int
757 1721 811 1750 uens

48 1770 175 1830 puritatem.
209 1769 251 1814 Sed
259 1769 373 1814 confidens
379 1769 407 1814 de
414 1769 565 1815 misericordia
573 1769 739 1829 omnipotentis,
741 1770 757 1801 ³²
768 1787 811 1832 que

48 1834 83 1894 pie
98 1849 122 1879 se
136 1832 260 1878 colentibus
277 1833 412 1878 necessitatis
427 1844 527 1893 tempore
543 1850 659 1895 nunquam
673 1834 742 1889 deest,
758 1851 810 1880 eum

49 1912 123 1942 coram
140 1898 232 1942 domino
249 1913 305 1959 papa
324 1906 347 1942 et
367 1897 496 1942 reverendis
512 1896 660 1942 cardinalibus
676 1898 811 1943 introduxit.

50 1962 98 2012 Qui
106 1978 179 2008 coram
188 1962 400 2023 tantisprmciprbus
406 1971 517 2017 assistens,
525 1961 614 2007 licentia
624 1971 647 2007 et
658 1961 812 2009 benedictione

49 2037 156 2090 suscepta,
175 2027 302 2089 intrepidus
318 2027 382 2089 loqui
401 2026 464 2088 cepit.
510 2026 542 2073 Et
564 2026 656 2089 quidem
678 2042 729 2073 cum
749 2037 813 2074 tanto

49 2090 138 2138 fervore
149 2092 239 2154 spiritus
255 2091 396 2154 loquebatur,
408 2091 470 2153 quod
482 2107 527 2137 non
541 2107 564 2135 se
581 2091 668 2152 capiens
683 2107 724 2153 pre
734 2091 812 2149 letitia,

50 2172 101 2201 cum
112 2173 139 2203 ex
151 2172 189 2201 ore
200 2154 295 2202 verbum
306 2155 423 2218 proferret,
436 2156 502 2219 pedes
516 2156 579 2218 quasi
590 2155 689 2201 saliendo
700 2155 812 2202 movebat.

50 2221 105 2266 Non
117 2232 143 2269 ut
156 2221 278 2279 lasciviens,
290 2221 329 2266 sed
346 2232 372 2267 ut
383 2222 435 2283 igne
451 2221 523 2268 divini
534 2221 615 2267 amoris
626 2221 713 2278 ardens
725 2238 771 2267 non
784 2223 835 2268 ad

50 2287 118 2332 risum
140 2303 242 2343 movens,
263 2286 302 2333 sed
321 2284 436 2347 planctum
458 2286 542 2333 doloris
563 2296 704 2349 extorquens.
738 2287 812 2334 Multi

50 2350 109 2394 enirn
127 2351 310 2413 ipsorumjjcorde
332 2351 462 2411 compuncti
483 2360 542 2407 sunt,
560 2351 658 2397 divinam
677 2352 771 2411 gratiam
790 2361 813 2397 ct

49 2423 134 2460 tantam
144 2415 188 2461 viri
199 2414 345 2460 constantiam
356 2413 498 2461 admirantes.

76 2539 91 2558 ²⁰
101 2535 134 2575 Os.
144 2536 187 2574 adds
195 2550 246 2584 nunc.
377 2538 392 2558 ²¹
401 2534 429 2574 H.
439 2544 473 2572 tua.
602 2539 618 2557 ²²
628 2534 654 2572 Os
664 2536 766 2573 hominibus.

77 2591 92 2614 ²³
101 2589 132 2625 W.
142 2600 188 2623 vana
197 2599 314 2624 cousrAucm.
440 2589 500 2630 Ζ411,
510 2589 534 2623 L.
544 2589 578 2624 and
588 2587 621 2624 Os.
630 2588 702 2624 domini.

76 2639 92 2665 ²5
102 2637 135 2675 Os.
145 2652 191 2688 sepe.
243 2636 259 2660 ²⁶
268 2638 296 2674 H.
306 2637 364 2674 omits.
416 2640 431 2665 ²⁷
442 2638 466 2674 L.
476 2640 533 2674 omits.
585 2636 601 2661 ²⁸
610 2636 638 2674 H.
650 2637 799 2687 premeditatione.

77 2693 92 2717 ²9
102 2689 135 2728 Os.
144 2691 266 2741 precogitasse.
352 2693 368 2715 ³⁰
378 2689 404 2724 H.
414 2691 472 2725 omits.
549 2693 564 2715 ³1
574 2688 602 2725 H.
612 2689 655 2726 adds
664 2692 707 2727 viro.

77 2744 92 2772 ³²
102 2741 129 2780 H.
139 2743 173 2780 and
183 2744 221 2782 Ox.
230 2743 279 2780 omit.
315 2744 330 2770 ³3
340 2741 364 2778 L.
371 2754 465 2779 iomanem.
501 2745 517 2772 ³4
527 2743 559 2786 H,
568 2742 592 2779 L.
599 2742 634 2779 and
642 2741 674 2781 Os.
681 2741 715 2779 add
723 2742 799 2780 domino.

77 2796 92 2822 ³5
103 2795 127 2831 L.
137 2796 207 2833 sciebat.
277 2793 292 2822 3⁶
303 2795 327 2830 L.
337 2794 394 2830 omits.
469 2795 484 2822 ³7
494 2794 521 2831 H.
531 2795 588 2832 omits.
653 2794 669 2823 3⁸
679 2796 704 2832 H.
714 2795 757 2831 adds
766 2794 800 2832 dei.
