1919 3169
112 78 141 135 48
333 74 494 122 LEGENDA
510 74 664 138 ANTIQUA

114 173 184 217 Mane
206 188 299 234 surgens
321 171 398 217 beatus
419 181 489 233 pater,
506 182 582 217 sancto
598 173 684 217 homini
703 172 767 217 fratri
787 172 882 218 Pacifico

114 238 192 283 recitat
203 238 319 292 visionem,
331 252 376 283 non
388 246 463 281 tamen
474 236 572 284 elucidat
583 237 639 299 quid
652 237 778 298 portendat.
814 237 881 282 Hanc

115 303 157 346 etsi
175 301 241 347 multi
259 301 344 346 fuerint
362 301 501 361 interpretati
519 317 560 362 pro
577 301 650 356 libitu,
666 317 711 346 non
729 301 756 346 ab
773 316 797 346 re
815 302 882 347 credo

115 367 209 428 predicti
223 366 309 413 Pacifici
320 365 528 426 interpretationem
537 375 618 420 tenere,
631 382 697 429 quam
709 366 732 410 in
743 366 793 427 ipso
803 365 882 411 auditu

115 431 226 494 suggessit
237 430 257 476 ei
269 430 364 492 Spiritus
380 440 475 475 sanctus.
509 429 569 487 Hec,
587 430 674 493 inquid,
686 430 778 477 domina
794 431 882 493 egregie

115 495 188 541 forme
204 495 303 541 formosa
321 495 394 539 anima
410 495 479 539 saneti
497 495 606 540 Francisci
621 504 671 540 est:
691 495 772 556 Capud
782 511 882 551 aureum,

116 558 274 622 contemplatio
290 567 313 602 et
329 558 436 619 sapientia
452 567 597 603 eternorum:
614 568 691 619 pectus
706 569 729 603 et
745 559 844 603 bracchia
854 559 882 603 de

116 629 215 685 argento,
227 622 316 686 eloquia
326 621 413 668 domini
424 631 484 677 sunt,
498 623 564 669 corde
578 622 685 669 meditata
695 634 717 669 et
729 638 795 684 opere
811 622 882 669 adim-

115 688 191 750 pleta:
216 687 289 750 rigida
305 685 437 742 christallus,
456 686 606 742 sobrietatem,
624 687 740 750 splendida
758 686 883 732 castitatem

115 754 231 816 designat:
249 751 342 807 ferrum,
350 768 438 798 summa
448 752 614 813 perseverantia
621 763 654 799 est
665 770 670 799 z
688 768 757 814 porro
767 752 884 799 sordidum

115 818 247 864 mantellum
258 819 389 877 despectum
400 817 559 877 corpusculum
568 816 640 874 crede,
648 834 693 879 quo
704 818 777 863 anima
788 817 884 879 pretiosa

115 882 248 942 contegitur.

164 944 236 991 Multi
256 953 354 989 attamen
373 943 477 1005 spiritum
498 942 533 988 dei
554 942 662 988 habentes
680 943 796 989 dominam
817 943 883 989 istam

115 1010 184 1057 velud
201 1025 305 1071 sponsam
323 1008 393 1070 patris
410 1007 541 1071 intelligunt
557 1018 729 1070 paupertatem:
753 1009 830 1066 Istam,
848 1008 882 1054 in·

117 1075 206 1138 quiunt,
229 1072 282 1119 fecit
308 1073 380 1135 glorie
407 1073 519 1135 premium
546 1089 643 1130 auream,
666 1071 724 1118 fame
751 1073 883 1134 preconium

116 1149 252 1202 argenteam,
274 1155 318 1184 una
345 1137 400 1183 foris
424 1147 447 1183 et
474 1137 536 1184 intus
562 1136 644 1200 absque
671 1136 748 1184 loculis
775 1136 884 1199 professio

117 1203 283 1257 christallinam‚
294 1201 366 1246 finalis
381 1202 543 1261 perseverantia
553 1200 647 1246 ferream
658 1216 664 1255 3
681 1201 733 1246 huic
744 1211 818 1247 autem
832 1218 883 1262 pre-

117 1269 174 1314 clare
196 1266 287 1314 domine
312 1263 444 1313 mantellum
468 1264 585 1311 sordidum
609 1264 740 1311 animalium
764 1264 884 1312 hominurn

117 1333 230 1396 reputatio
241 1331 320 1378 texuit.
353 1329 433 1377 Plures
444 1329 561 1376 oraculum
578 1330 640 1376 istud
653 1329 755 1394 religioni
772 1340 882 1394 coaptant,

117 1399 278 1445 successionem
296 1396 393 1457 tempori
415 1412 482 1442 cursu
504 1395 613 1442 danihelis
635 1407 767 1458 sequentes3
796 1397 835 1441 sed
857 1397 885 1442 ad

117 1473 204 1524 patrem
223 1461 352 1522 pertrahere
371 1460 422 1504 hinc
440 1460 535 1503 maxime
553 1458 632 1522 liquet,
652 1461 715 1521 quod
736 1461 885 1522 arrogantiam

118 1527 190 1572 vitans
207 1524 350 1585 interpretari
367 1523 458 1584 penitus
476 1522 555 1569 noluit.
596 1523 628 1568 Et
646 1523 738 1585 quidem
749 1524 767 1568 si
784 1524 886 1570 stillasset

118 1591 146 1638 ad
157 1590 269 1644 ordinem,
281 1604 327 1634 non
339 1597 404 1634 muto
414 1586 503 1633 silentio
514 1586 674 1648 pertransisset.

42 1741 82 1777 For.
91 1737 115 1788 4⁶
219 1735 253 1776 De
262 1732 421 1782 compassione
430 1732 504 1773 sancti
514 1731 630 1772 Francisci
639 1731 669 1773 ad
679 1742 792 1782 pauperes

84 1854 116 1894 [K]
217 1850 237 1896 ie
255 1848 290 1896 vir
308 1856 392 1911 quante
410 1845 568 1908 compassionis
585 1846 613 1893 ad
630 1863 737 1911 pauperes
753 1845 829 1904 fuerit,
843 1864 886 1912 que

120 1916 192 1965 valeat
202 1917 280 1977 lingua
291 1913 393 1959 narrare?
426 1914 481 1958 Sane
493 1912 632 1958 clementiam
646 1912 739 1959 habebat
755 1913 886 1976 ingenitam,

120 1998 187 2046 quam
209 1978 349 2041 superinfusa
372 1978 441 2039 pietas
469 1976 603 2039 duplicabat.
646 1978 725 2040 Itaque
752 1977 887 2041 liquescebat

120 2047 207 2092 animus
218 2043 329 2090 Francisci
341 2042 368 2088 ad
379 2058 498 2103 pauperes;
512 2052 534 2087 et
546 2041 628 2104 quibus
637 2058 682 2088 non
691 2051 778 2102 poterat
787 2059 886 2100 manum,

120 2109 238 2155 exhibebat
259 2106 380 2160 affectum3
403 2104 516 2167 quidquid
538 2104 646 2160 defectus,
662 2106 773 2168 quidquid
794 2107 888 2167 penurie

120 2176 143 2221 in
161 2187 275 2238 quoquam
295 2169 405 2226 cernebat,
424 2168 500 2216 reduci
519 2179 593 2216 mente
618 2186 643 2216 ac
660 2169 725 2216 celeri
743 2170 887 2217 conversione

120 2239 236 2303 regerebat
247 2237 270 2281 in
287 2236 404 2282 christum.
432 2234 467 2279 Sic
484 2234 556 2279 filium
573 2235 676 2296 pauperis
693 2235 784 2281 domine
801 2235 888 2298 legebat

121 2306 145 2349 in
156 2301 291 2364 pauperibus
302 2300 394 2355 cunctis,
403 2299 490 2344 nudum
501 2298 569 2343 corde
580 2315 666 2360 gerens,
673 2316 739 2361 quem
751 2301 789 2345 illa
800 2301 887 2345 nudum

122 2369 146 2414 in
157 2365 265 2413 manibus.
299 2365 333 2409 At
343 2378 398 2410 vero
409 2378 461 2407 cum
472 2377 563 2408 omnem
574 2379 586 2407 a
596 2378 619 2407 se
635 2362 753 2425 relegasset
770 2363 887 2422 invidiam,

122 2432 169 2479 sola
195 2445 268 2478 carere
295 2445 340 2474 non
364 2427 440 2489 potuit
466 2426 550 2475 invidia
576 2427 728 2489 paupertatis3
755 2428 773 2472 si
794 2429 888 2491 quidem

123 2498 278 2561 pauperiorem
297 2511 320 2540 se
338 2494 388 2555 ipso
409 2491 503 2551 videret,
517 2492 620 2554 protinus
636 2492 751 2538 invidebat
772 2503 794 2539 et
815 2493 889 2540 emula

124 2570 253 2626 paupertate
264 2568 398 2612 concertans
412 2556 470 2603 vinci
481 2574 504 2603 se
514 2556 607 2603 timebat
617 2556 641 2603 in
651 2557 698 2604 illo.

172 2625 263 2672 Accidit
278 2625 314 2670 die
331 2622 434 2687 quadam,
445 2638 497 2667 cum
509 2622 644 2684 predicando
654 2622 689 2668 vir
700 2622 735 2668 dei
746 2622 888 2680 discurreret,

123 2689 285 2754 pauperculum
304 2687 425 2751 quemdam
444 2684 536 2731 obvium
554 2686 634 2730 habere
653 2687 676 2730 in
695 2687 737 2742 via,
755 2688 816 2731 cuius
835 2704 888 2732 cum

122 2755 247 2802 nuditatem
256 2752 399 2814 conspiceret,
406 2760 561 2811 compunctus,
568 2751 596 2796 ad
604 2750 688 2796 sotium
696 2750 794 2796 vertitur
800 2751 886 2797 dicens:

122 2823 233 2885 Magnam
246 2816 402 2865 verecundiam
415 2813 492 2862 intulit
505 2814 568 2862 nobis
581 2815 649 2861 huius
662 2815 736 2878 inopia
749 2825 772 2861 et
787 2825 887 2862 nostram
