1919 3169
144 48 173 92 82
357 46 517 92 LEGENDA
534 46 693 93 GREGORII

145 143 276 207 columpnas
300 153 404 208 quatuor,
426 142 504 188 beatus
530 153 593 205 pater
617 142 738 188 franciscus
765 143 908 189 innitebatur.

144 210 232 254 Eorum
254 210 365 270 namque⁶
384 208 474 252 nomina
496 209 620 280 supprimo,
640 209 740 279 ipsorum
763 207 909 255 verecundie⁷

145 272 252 334 parcens,8
273 287 317 334 que
339 281 453 344 tamquam
480 271 633 334 spiritualibus
660 272 713 315 viris
735 273 788 317 satis
809 279 858 317 est⁹
879 271 909 315 eis

145 336 258 384 familiaris
272 346 295 382 et
305 337 398 383 amica.¹⁰
435 337 576 382 Verecundia
586 338 646 381 enim
663 335 764 381 omnium
775 347 809 382 est
819 345 910 383 ornatus

145 413 239 475 etatum,
250 402 376 445 innocentie
391 401 454 445 testis
456 401 554 473 pudice
570 400 652 446 mentis
668 400 782 457 inditium,
794 399 910 462 discipline

145 467 215 530 virga,
232 465 332 539 specialis
351 465 444 529 gloria¹¹
465 465 598 511 conscientie
619 463 685 520 fame,
703 475 777 511 custos
795 474 818 511 et
838 464 909 512 totius

146 530 296 578 honestatis
292 530 385 592 insigne.
430 531 482 576 Hec
507 531 579 576 virtus
606 530 753 577 adornaverat
780 530 842 587 istos
867 530 910 575 hoc

146 596 248 643 amabiles
267 603 290 640 et
308 593 430 642 benevolos
446 595 553 640 reddebat
572 611 610 640 eos
628 594 756 640 hominibus
772 595 813 640 hec
831 595 911 657 utique

146 662 216 722 gratia
228 659 333 706 omnibus
341 670 388 706 erat
396 659 531 715 communis,
540 660 579 706 sed
586 667 601 685 ¹²
610 659 710 722 singulos
717 668 732 692 ¹³
740 660 814 707 virtus
822 658 910 722 singula

146 723 271 770 decorabat.
304 723 360 768 Erat
377 738 435 768 unus
451 724 591 769 discretionis
607 724 719 784 precipue,
734 724 789 769 alter
804 724 910 784 patientie

145 788 272 852 singularis,
281 786 378 851 gloriose
386 786 535 849 simplicitatis
543 785 606 844 alius,
615 787 715 851 reliquus
723 803 776 833 vero
786 788 909 834 secundum

147 855 246 915 corporis
257 854 315 898 vires
325 853 433 900 robustus
443 862 466 899 et
476 853 599 898 secundum
610 853 679 899 animi
690 870 763 899 mores
774 852 892 916 placabilis.

194 918 238 964 Hii
249 933 303 963 vero
319 916 382 962 omni
398 916 521 979 vigilantia,
533 918 595 962 omni
611 918 695 972 studio,
707 919 769 963 011101
785 918 910 974 voluntate,

147 983 205 1027 beati
221 982 290 1043 patris
306 982 405 1042 quietem
422 982 513 1027 10111111Ῑ1
526 980 680 1037 excolebant,¹⁵
690 981 844 1029 infirmitatem
862 999 911 1028 cor-

147 1047 207 1107 poris
234 1044 389 1107 procurabant,
412 1046 485 1090 nullas
511 1045 673 1090 declinantes¹⁶
693 1046 814 1109 angustias
837 1047 911 1091 nullos

146 1109 239 1168 labores,
256 1109 311 1172 quin
319 1117 334 1140 ¹⁷
351 1118 412 1156 totos
428 1125 451 1154 se
467 1110 537 1156 sancti
553 1110 644 1156 servitio
661 1111 835 1172 manciparent.¹8
868 1110 911 1156 Sed

148 1176 199 1222 licet
220 1174 331 1239 gloriosus
350 1185 412 1236 pater
431 1175 497 1221 iam¹⁹
516 1185 572 1220 esset
594 1184 692 1221 coram²⁰
710 1175 753 1221 deo
760 1183 776 1201 ²⁰
795 1176 817 1220 in
840 1176 912 1238 gratia

147 1248 314 1296 consumatus,²¹
326 1240 429 1301 operibus
441 1240 521 1285 sanctis
535 1240 640 1286 rutilaret
650 1240 706 1287 inter
718 1241 819 1287 homines
830 1240 911 1287 mundi

146 1307 220 1359 huius,
243 1305 355 1366 cogitabat
377 1315 451 1349 tamen
478 1320 566 1365 semper
593 1304 725 1365 perfectiora
751 1305 867 1367 incipere;
888 1315 910 1351 et

147 1381 253 1433 tanquam
265 1368 407 1415 doctissimus
413 1376 429 1394 ²²
440 1368 505 1414 miles
516 1369 539 1413 in
555 1370 631 1415 castris
644 1369 688 1425 dei,
700 1381 822 1431 provocato
834 1369 910 1416 adver·

146 1436 228 1492 sario‚²³
236 1434 329 1479 excitare
338 1434 421 1478 iterum
430 1450 489 1478 nova
497 1432 559 1479 bella.
594 1434 744 1494 Proponebat‚
754 1435 837 1479 christo
845 1435 910 1490 duce,

146 1499 246 1562 ingentia
256 1514 279 1543 se
290 1496 404 1543 facturum
415 1507 437 1542 01
448 1496 602 1543 fatiscentibus
614 1498 713 1554 artubus,
726 1498 770 1543 iam
782 1509 888 1545 emortuo
894 1507 910 1531 ²⁴

147 1579 248 1625 corpore,
261 1578 322 1608 novo
333 1563 451 1609 certamine
463 1572 535 1623 sperat
547 1562 574 1607 de
586 1562 649 1608 hoste
663 1563 812 1624 triumphum.

195 1629 253 1674 Vera
285 1643 383 1688 namque
409 1628 482 1673 virtus
510 1627 617 1689 temporis
641 1627 709 1673 finem
734 1628 828 1690 ignorat,
857 1645 910 1674 cum

148 1691 257 1737 mercedis
295 1691 419 1750 expectatio
456 1691 485 1735 sit
517 1700 598 1737 eterna.
660 1692 778 1753 Flagrabat
815 1693 911 1753 proinde

146 1756 259 1802 desiderio
275 1771 359 1818 magno
375 1753 440 1800 valde
453 1754 481 1800 ad
497 1754 630 1800 humilitatis
646 1755 728 1800 reverti
744 1756 867 1817 primordia
889 1766 911 1802 01

147 1837 186 1883 pre
196 1819 278 1867 amoris
295 1820 446 1866 immensitate
457 1835 495 1881 spe
511 1820 613 1881 gaudens
629 1836 710 1882 corpus
727 1837 803 1879 suum,
814 1821 866 1867 licet
882 1821 909 1867 ad

147 1895 232 1933 tantam
250 1885 293 1931 iam
310 1885 437 1931 devenisset
453 1885 623 1943 extremitatem,
640 1901 743 1932 revocare
758 1885 870 1949 cogitabat
882 1887 910 1932 ad

146 1951 263 2010 pristinam
285 1950 441 1994 servitutem.²⁵
472 1949 641 2009 Amputabata
662 1966 684 1993 se
701 1950 790 2010 penitus
806 1952 910 1995 omnium

147 2028 252 2059 curarum
268 2011 382 2058 obstacula
394 2029 400 2067 ;
416 2022 439 2056 et
455 2022 586 2058 cunctarum
597 2012 776 2059 sollicitudinum
788 2014 910 2075 strepitum

146 2078 274 2140 plenissime
285 2076 444 2139 compescebat.
479 2075 584 2139 Cumque
597 2076 734 2123 infirmitatis
744 2094 784 2124 sue
795 2079 910 2125 occasione

147 2144 245 2206 rigorem
261 2143 383 2203 pristinum
405 2141 526 2187 necessario
543 2152 676 2204 temperaret
693 2142 796 2189 dicebat:
815 2143 909 2206 incipia-

147 2224 206 2264 10οε,
223 2206 309 2265 fratres,
326 2207 409 2254 servire
426 2206 520 2252 domino
538 2207 588 2262 deo,
605 2207 658 2270 quia
671 2207 789 2270 hucusque
808 2209 853 2264 vix,
874 2210 909 2254 vel

146 2285 226 2333 parum
237 2272 261 2316 in
273 2271 336 2317 nullo
347 2270 491 2331 profecimus.

194 2335 249 2381 Non
260 2334 408 2381 arbitrabatur
418 2350 441 2379 se
449 2334 521 2380 adhuc
528 2334 724 2395 comprehendisse
733 2346 755 2381 et
767 2333 910 2398 infatigabilis

185 2470 193 2492 ⁶
203 2472 227 2508 L.
236 2470 279 2507 adds
287 2482 338 2506 nunc.
423 2470 430 2496 7
445 2470 477 2505 Os.
486 2468 529 2504 adds
538 2469 639 2505 habitudini.
718 2467 725 2491 Β
735 2469 773 2507 Ox.
782 2482 858 2519 parcere.

185 2526 193 2550 9
203 2525 235 2559 Os.
245 2521 289 2558 adds
297 2522 320 2557 in.
399 2523 413 2542 ¹⁰
424 2519 450 2557 H.
458 2531 568 2556 vanacuxma
577 2532 647 2557 aonun.
722 2524 736 2541 ¹¹
746 2523 784 2559 Ox.
794 2523 853 2569 gratia.

186 2578 200 2596 1²
211 2575 249 2609 Os.
256 2573 300 2608 adds
308 2574 347 2608 hec.
400 2575 414 2598 ¹3
424 2573 457 2607 Os.
467 2571 543 2618 singulis.
596 2576 611 2601 14
620 2573 646 2609 H.
656 2573 686 2608 has
696 2573 758 2609 animo.
785 2572 818 2610 Os.
826 2575 883 2610 omits.

187 2628 201 2652 ¹⁵
211 2627 249 2662 Ox.
259 2624 302 2661 adds
310 2634 333 2660 et.
437 2621 452 2645 ¹⁶
462 2623 500 2659 Ox.
509 2623 628 2670 dedignantes.
732 2625 747 2651 ¹⁷
757 2624 781 2661 L.
790 2625 826 2673 qui.

187 2676 202 2700 ¹⁸
211 2675 238 2713 H.
249 2687 372 2713 raxaacmonrs
381 2688 446 2711 aunon.
510 2678 525 2702 19
534 2676 572 2712 Ox.
582 2675 639 2712 omits.
709 2678 724 2696 ²⁰
733 2673 765 2712 W.
774 2676 832 2713 omits.

185 2733 200 2752 ²¹
211 2731 243 2766 Os.
253 2729 287 2765 and
297 2729 321 2766 L.
331 2729 366 2765 add
374 2738 397 2764 et.
457 2730 472 2748 ²²
482 2725 522 2763 Bul.
531 2727 657 2764 devotissimus.
710 2730 725 2755 ²3
735 2727 766 2765 W.
776 2729 831 2766 hoste.

185 2785 200 2812 ²⁴
211 2782 234 2819 L.
244 2789 318 2818 mortuo.
396 2781 411 2807 ²5
421 2781 459 2817 Ox.
469 2780 563 2816 sanitatem.
