1919 3169
252 66 455 114 TRACTATUS
471 64 646 115 SECUNDUS
802 81 831 130 79

68 165 130 227 quod
153 164 207 210 olim
232 180 272 226 per
297 174 385 222 sanctos
409 164 489 210 fratres
514 165 599 211 ordinis
623 164 690 209 huius
712 165 833 211 bedificasti

67 239 90 274 et
111 227 228 274 hedificare
253 244 298 274 non
325 243 402 273 cessas.
446 227 632 284 Confunduntur,
654 227 732 283 aiebat,
753 228 833 289 optimi

66 292 146 340 fratres
171 292 195 338 in
219 293 330 339 malorum
353 290 449 337 fratrum
475 292 579 356 operibus
603 302 626 338 et
649 290 688 337 ubi
713 308 758 338 non
782 308 833 357 pec-

68 367 174 405 caverunt
192 357 241 419 ipsi,
258 373 380 419 pravorum
398 358 500 419 exemplo
516 368 606 420 portant
619 357 733 404 iudicium.
767 358 834 403 Duro

67 433 184 487 propterea
207 422 282 483 gladio
304 438 340 467 me
360 421 512 467 transfodiunt
532 434 555 469 et
576 422 688 468 reducunt
708 422 773 469 illum
795 434 925 484 periiol.28vo

68 505 117 533 mea
133 487 216 531 viscera
231 495 279 531 tota
294 486 337 531 die.
370 485 517 531 Subtrahebat
527 504 549 532 se
560 496 652 549 propter
663 486 705 532 hoc
716 486 812 532 maxime
822 503 835 530 a

68 550 180 598 consortio
192 548 295 606 fratrum,
307 566 335 596 ne
346 550 484 612 contingeret
497 566 549 598 eum
564 551 640 598 audire
656 550 741 614 aliquid
751 550 834 597 sinistri

68 618 96 663 de
112 632 225 679 quoquam
242 616 265 661 in
281 615 315 660 sui
331 616 483 673 renovatione,
494 616 578 661 doloris
593 627 615 662 et
633 615 735 663 dicebat:
753 615 834 661 Veniet

68 692 176 743 tempore,
192 696 239 741 quo
255 679 320 726 malis
338 680 451 741 exemplis,
462 680 544 727 dilecta
559 681 595 728 dei
610 681 689 743 religio
707 681 834 729 diffametur

68 747 105 801 ita,
117 755 143 789 ut
154 745 237 805 pudeat
251 745 310 789 exire
326 744 349 788 in
366 744 489 804 publicum.
523 746 571 796 Qui
588 761 642 790 vero
656 754 711 790 tunc
727 744 835 805 temporis

69 809 95 856 ad
107 807 274 871 suscipiendum
287 807 390 872 ordinem
403 808 512 866 venerint,
523 809 570 854 sola
581 808 663 871 spiritu
675 810 744 856 sancti
757 826 835 871 opera-

68 875 129 921 tione
146 874 257 920 ducentur
275 884 298 919 et
316 871 400 918 nullam
418 873 442 919 in
460 873 491 919 eis
509 874 618 920 maculam
637 891 687 921 caro
705 885 728 922 et
746 873 835 939 sanguis

68 940 186 1002 impinget,
204 947 315 1001 eruntque
333 955 386 985 vere
402 937 416 984 a
433 938 526 985 domino
545 939 663 985 benedicti.
697 942 723 986 ln
746 941 834 1004 quibus,

70 1004 171 1069 quamvis
199 1004 339 1064 operationes
372 1002 493 1059 meritorie,
517 1020 562 1050 non
586 1003 670 1050 fuerint
703 1004 835 1068 frigescente

69 1070 159 1131 caritate
181 1084 225 1130 que
243 1067 296 1112 facit
314 1076 402 1113 sanctos
423 1068 510 1129 operari
532 1066 644 1114 ferventer
666 1080 762 1116 venture
783 1078 836 1114 sunt

70 1135 113 1179 illis
124 1132 282 1193 temptationes
295 1132 403 1177 immense
414 1143 437 1178 et
449 1132 487 1195 qui
500 1134 583 1194 reperti
594 1132 678 1178 fuerint
695 1135 718 1179 in
734 1144 836 1196 tempore

70 1198 108 1245 illo
119 1197 206 1260 probati
219 1197 320 1243 meliores
332 1207 398 1243 erunt
410 1197 604 1258 predecessoribus
615 1198 667 1244 suis
698 1200 748 1246 Vhe
759 1209 835 1245 autem

69 1262 114 1308 illis
124 1262 163 1324 qui
172 1261 200 1307 de
211 1259 257 1307 sola
268 1260 310 1306 sibi
321 1261 392 1322 specie
404 1261 579 1307 conversationis
590 1261 692 1324 religiose
703 1263 836 1325 plaudentes

70 1334 197 1386 torpescent
219 1325 272 1380 otio,
296 1340 335 1369 nec
357 1326 484 1370 resisterent
504 1334 630 1370 constanter
651 1326 837 1387 temptationibus

70 1389 225 1454 probationem
239 1388 362 1434 electorum
376 1388 495 1451 permissis,
507 1389 613 1453 quoniam
625 1389 666 1435 soli
682 1388 714 1436 illi
729 1390 767 1456 qui
783 1407 837 1454 pro
890 1426 891 1429 ,
942 1428 944 1431 ,

70 1457 116 1502 bati
130 1456 225 1501 fuerunt
240 1455 348 1515 accipient
365 1470 471 1500 coronam
490 1455 544 1510 vite,
561 1472 606 1518 quo
624 1457 730 1503 exercitat
746 1458 836 1503 interim

71 1520 168 1583 maligna
178 1519 334 1581 reproborum.

111 1672 145 1714 De
158 1669 295 1711 revelatione
309 1668 351 1710 sibi
365 1679 380 1710 a
393 1669 436 1711 deo
449 1669 510 1710 facta
525 1668 553 1710 de
567 1672 630 1711 statu
640 1670 726 1714 ordinis
739 1675 763 1714 et
775 1671 954 1728 quodfflfflfl

71 1725 126 1767 ordo
140 1734 254 1773 nonquam
268 1722 363 1764 deficiet.

117 1810 302 1896 Qonsolabatur
312 1848 386 1882 autem
397 1839 523 1898 plurimum
534 1838 558 1883 in
566 1839 731 1885 visitationibus
741 1842 836 1899 domini,
859 1859 861 1861 ’

72 1906 152 1968 quibus
163 1902 298 1951 reddebatur
308 1918 399 1948 securus
410 1901 525 1966 religionis
539 1919 578 1949 sue
588 1901 735 1951 fundamenta
750 1922 837 1969 semper

72 1970 201 2018 inconcussa
216 1985 310 2025 manere,
329 1967 364 2013 cui
380 1967 448 2014 etiam
464 1967 638 2030 promictebatur
654 1968 677 2014 in
694 1972 837 2032 pereuntium

73 2051 167 2082 numero
182 2033 307 2080 indubitata
323 2031 455 2079 substitutio
473 2032 600 2081 electorum.
635 2034 694 2079 Cum
711 2037 771 2082 enim
789 2047 838 2083 tur-

73 2099 161 2146 baretur
168 2098 232 2144 malis
238 2096 343 2158 exemplis
352 2106 374 2142 et
382 2112 405 2143 se
413 2096 509 2143 orationi
518 2097 585 2143 semel
594 2096 704 2145 conferret
713 2099 837 2159 turbatum,

73 2163 129 2210 hanc
145 2163 279 2210 invectivam
295 2161 418 2222 reportavit
440 2160 578 2207 adomino:
601 2161 648 2206 Cur
669 2171 695 2207 tu
717 2164 838 2211 homuntio

73 2228 229 2276 conturbaris?
256 2228 293 2272 An
302 2243 344 2290 ego
354 2236 377 2271 te
387 2242 453 2289 super
464 2225 594 2289 religionem
605 2243 677 2272 meam
686 2228 716 2274 sic
727 2240 838 2291 pastorem

74 2295 187 2350 constitui,
199 2302 225 2338 ut
241 2310 285 2355 que
295 2292 319 2337 in
329 2301 352 2337 te
363 2290 436 2337 fecero
446 2292 524 2337 ceteris
538 2291 651 2347 imitanda,
662 2304 785 2356 sequantur
798 2295 837 2358 qui

75 2360 138 2421 sequi
149 2357 270 2403 voluerint.
298 2356 350 2417 Ego
358 2356 444 2409 vocavi,
450 2355 543 2399 servabo
551 2366 573 2399 et
581 2371 669 2416 pascam
677 2367 700 2401 et
710 2358 734 2402 in
742 2359 837 2403 aliorum

74 2423 218 2486 reparandam
235 2419 347 2467 excidium
363 2417 416 2464 alios
429 2418 563 2482 subrogabat
579 2420 617 2475 ita,
634 2429 660 2465 ut
676 2420 694 2465 si
710 2432 776 2469 natus
792 2439 837 2469 non

75 2487 150 2546 fuerit,
169 2487 248 2533 faciam
267 2487 341 2547 ipsum
361 2484 426 2530 nasei.
460 2485 514 2530 Non
531 2501 585 2547 ergo
601 2484 702 2542 turberis,
720 2489 759 2534 sed
776 2499 837 2535 tuam

75 2569 165 2615 operare
182 2551 282 2606 salutem,
304 2548 411 2612 quoniam
428 2549 469 2593 etsi
486 2549 515 2594 ad
536 2564 655 2595 numerum
672 2551 742 2598 trium
759 2553 838 2616 religio

74 2618 168 2673 venerit,
187 2617 317 2662 inconcussa
334 2628 420 2673 semper
437 2629 488 2658 meo
505 2629 599 2659 munere
614 2617 760 2675 permanebit.
802 2619 838 2663 Ex

2 2725 5 2742 ,
66 2690 128 2728 tunc
149 2681 269 2727 maximam
290 2678 339 2741 ipso
355 2676 466 2723 factorum
482 2677 570 2724 turbam
587 2678 653 2724 unius
668 2682 737 2727 sancti
753 2681 838 2727 virtute

74 2748 173 2810 superari
195 2746 290 2803 dicebat,
312 2743 364 2806 quia
380 2743 442 2790 radio
463 2741 518 2789 lucis
535 2744 601 2790 unius
616 2744 733 2794 innumere
748 2747 838 2795 tenebre

75 2812 215 2860 delitescunt.
