1919 3169
149 109 177 165 78
365 105 526 151 LEGENDA
542 104 698 165 ANTIQUA

148 201 241 248 veritate
251 200 303 247 dico
314 199 385 258 vobis,
396 199 455 245 hunc
466 209 569 246 sanctum
580 199 655 246 virum
672 198 832 246 Francischum
848 199 916 246 ceteri

148 266 246 330 religiosi
257 266 319 330 sequi
330 265 437 312 deberent
446 281 453 321 ;
470 275 532 312 tanta
542 275 575 311 est
586 283 625 310 sue
636 265 758 312 sanctitatis
768 263 883 329 perfectio.

446 410 480 451 De
493 410 622 452 obedientia

116 552 146 591 [ῃ]
195 493 254 576 Ut
261 526 363 591 pluribus
369 528 495 574 lucraretur
503 527 577 574 modis
587 527 714 592 negotiator
725 528 766 574 iste
777 527 917 576 cautissimus

150 612 174 642 ac
196 606 270 641 totum
292 609 382 654 presens
410 603 500 655 tempus
528 593 635 639 conflaret
660 594 683 638 in
712 594 825 649 meritum,
849 593 916 639 frenis

149 659 276 703 obedientie
292 658 328 718 agi
347 656 420 701 voluit
438 667 461 701 et
477 657 549 701 alieno
565 658 670 719 regimini
686 657 819 702 submittere
835 669 917 702 semet-

149 723 229 784 ipsum.
274 720 389 783 Siquidem
411 736 457 766 non
479 721 553 768 solum
574 720 671 782 generali
692 721 766 767 officio
787 721 915 784 resignavit,

149 786 194 841 sed,
212 793 304 848 propter
326 785 398 830 maius
417 783 549 840 obedientie,
567 785 653 830 bonum
671 785 820 845 guardianum
840 786 917 848 singu-

149 851 217 897 larem
248 849 347 911 expetiit,
374 864 441 913 quem
471 849 594 910 specialiter
624 848 705 895 coleret
735 850 758 896 in
787 849 916 911 prelatum;

150 916 207 964 dixit
226 915 287 962 enim
306 913 369 960 fratri
388 914 458 960 Petro
477 914 588 978 Cathanij,
606 915 641 962 cui
660 914 747 976 pridem
766 914 916 962 obedientiam

74 995 113 1033 For.
120 991 248 1042 73sanctam
258 980 407 1041 promiserat:
425 980 491 1041 Rogo
502 990 525 1025 te
535 990 628 1040 propter
639 979 716 1035 deum,
728 990 754 1025 ut
770 980 843 1027 vicem
854 991 916 1026 tuam

150 1046 178 1091 de
189 1062 226 1090 me
237 1044 276 1090 uni
289 1043 317 1088 de
334 1043 395 1088 sotiis
412 1043 468 1087 meis
487 1044 624 1099 commictae,
637 1043 672 1089 cui
689 1044 745 1088 sicut
762 1043 804 1090 tibi
821 1045 918 1090 devotus

150 1108 258 1157 obediam.
293 1107 348 1163 Scio,
364 1106 449 1171 inquid,
468 1106 594 1153 obedientie
611 1107 712 1153 fructum
729 1118 752 1153 et
769 1110 832 1172 quod
850 1109 917 1154 nichil

149 1185 245 1221 transeat
264 1173 372 1234 temporis
391 1173 437 1217 sine
456 1172 520 1219 lucro
539 1173 578 1236 qui
597 1172 687 1220 alterius
708 1174 765 1237 iugo
786 1173 843 1220 colla
863 1175 917 1221 sub-

150 1240 242 1286 miserit.
276 1238 382 1284 Admissa
400 1236 470 1298 igitur
491 1254 532 1284 sua
550 1238 662 1295 instantia,
681 1255 753 1300 usque
772 1238 800 1284 ad
819 1250 917 1285 mortem

150 1304 253 1348 subditus
263 1301 346 1363 ubique
357 1302 485 1361 permansit,
497 1302 620 1363 guardiano
631 1303 723 1362 proprio
741 1318 828 1362 semper
845 1320 916 1348 rever·

150 1378 213 1413 enter
223 1366 386 1426 obtemperans.
420 1365 485 1411 Dixit
502 1374 578 1411 autem
596 1365 693 1428 quadam
711 1366 758 1411 vice
774 1366 839 1411 sotiis
856 1367 916 1412 suis:

150 1433 212 1478 Inter
225 1431 273 1490 alia,
285 1447 327 1494 que
345 1430 464 1493 dignanter
481 1430 552 1493 pietas
569 1430 624 1476 mihi
642 1429 718 1476 divina
735 1431 851 1488 concessit,
862 1432 918 1477 hanc

150 1498 246 1560 gratiam
265 1495 367 1550 contulit,
389 1495 452 1556 quod
473 1496 505 1540 ita
526 1495 645 1555 diligenter
667 1497 754 1540 novitio
776 1497 842 1541 unius
864 1498 919 1542 hore

150 1561 272 1615 obedirem,
285 1559 303 1604 si
314 1559 370 1604 mihi
380 1558 516 1620 guardianus
527 1558 624 1614 daretur,
636 1558 693 1604 sicut
708 1560 871 1622 antiquissimo,
885 1560 919 1607 vel

150 1624 310 1671 discretissimo
332 1624 443 1685 cuiquam.
485 1621 593 1667 Subditus
612 1623 703 1686 quidem
722 1624 834 1685 prelatum
850 1641 918 1670 suum

150 1708 196 1737 non
214 1689 329 1735 hominem
349 1687 487 1734 considerare
507 1687 580 1745 debet,
597 1689 637 1734 sed
655 1687 727 1744 illum,
747 1705 789 1751 pro
805 1690 867 1735 cuius
886 1701 919 1736 est

150 1771 226 1801 amore
245 1754 363 1800 subiectus.
398 1752 493 1804 Quanto
511 1762 587 1797 autern
606 1752 797 1815 contemptibilior
813 1755 917 1816 presidet,

150 1831 214 1867 tanto
230 1818 354 1865 obedientis
369 1817 483 1862 humilitas
499 1818 569 1879 magis
584 1816 662 1878 placet.

101 1953 148 1996 [Ua]
198 1915 289 2006 „Hlio
300 1957 402 2011 tempore
413 1948 492 1994 sedens
503 1964 555 1993 cum
566 1949 628 1994 sotiis
636 1948 713 1994 beatus
720 1950 866 1997 Francischus
875 1951 918 1996 tale

152 2018 252 2080 quodam
262 2014 336 2060 emisit
347 2014 485 2075 suspirium:
503 2014 547 2058 Vix
557 2013 636 2077 aliquis
647 2013 765 2077 religiosus
781 2025 816 2061 est
832 2017 855 2062 in
868 2026 918 2062 toto

152 2082 246 2139 mundo,
266 2079 304 2143 qui
324 2078 422 2141 perfecte
443 2077 532 2125 obediat
553 2079 639 2140 prelato
658 2095 706 2125 suo.
748 2080 849 2127 Permoti
868 2082 918 2128 sotii

152 2147 257 2191 dixerunt
274 2144 309 2187 ei:
334 2145 378 2187 Dic
396 2142 468 2198 nobis,
486 2152 554 2203 pater,
573 2160 616 2205 que
632 2145 661 2187 sit
677 2143 774 2203 perfecta
790 2155 813 2189 et
830 2161 919 2190 summa

152 2209 283 2256 obedientia.
317 2207 350 2252 At
361 2206 490 2252 illeverunt
501 2206 626 2252 describens
641 2206 783 2253 obedientem
794 2208 835 2254 sub
847 2209 919 2272 figura

152 2276 251 2338 corporis
269 2272 361 2327 mortui,
373 2270 505 2333 respondit:
538 2271 605 2317 Tolle
623 2287 705 2334 corpus
721 2273 822 2319 exanime
838 2285 861 2320 et
878 2274 918 2321 ubi

152 2340 266 2400 placuerit,
278 2353 354 2397 pone3
370 2335 457 2382 videbis
474 2352 520 2381 non
537 2352 660 2398 repugnare
677 2347 774 2395 motum,
792 2354 838 2383 non
855 2355 919 2384 mur-

152 2420 241 2448 murare
257 2403 333 2453 situm,
347 2417 394 2444 non
410 2400 528 2443 reclamare
544 2400 678 2453 dimissum;
696 2402 758 2462 quod
774 2401 792 2445 si
807 2412 919 2448 statuatur

152 2467 176 2512 in
194 2466 305 2521 cathedra,
323 2480 369 2510 non
388 2462 439 2518 alta,
458 2463 496 2510 sed
516 2478 567 2523 yma
585 2463 703 2524 respiciet3
720 2464 738 2509 si
757 2464 878 2511 collocetur
895 2467 918 2512 in

152 2548 259 2594 purpura,
270 2527 341 2591 duplo
357 2527 467 2590 pallescet.
502 2527 557 2586 Hic,
568 2527 656 2591 inquid,
667 2545 734 2574 verus
749 2529 854 2576 obediens
871 2542 918 2586 est;

153 2613 193 2643 cur
204 2604 322 2643 moveatur
333 2610 379 2639 non
391 2592 505 2651 diiudicat,
516 2593 555 2638 ubi
564 2593 652 2639 locetur
663 2609 709 2638 non
726 2604 797 2652 curat,
809 2605 835 2641 ut
846 2605 919 2641 trans-

153 2671 256 2707 mutetur
283 2675 329 2704 non
356 2659 431 2711 instat,
453 2667 544 2702 evectus
571 2658 599 2702 ad
626 2657 725 2703 officium
746 2660 836 2704 solitam
857 2670 919 2705 tenet

152 2724 309 2778 humilitatem,
333 2722 384 2783 plus
405 2720 529 2765 honoratus
550 2721 601 2781 plus
628 2731 719 2782 reputat
747 2739 770 2767 se
791 2723 917 2784 indignum.

152 2788 204 2836 Alia
211 2789 259 2837 vice
274 2787 302 2834 de
319 2785 451 2833 huiusmodi
467 2784 569 2849 loquens,
587 2800 701 2832 concessas
718 2797 770 2848 post
787 2787 919 2849 petitionem

152 2871 242 2918 proprie
256 2852 357 2900 licentias
374 2850 438 2907 dixit,
449 2850 560 2897 iniunctas
576 2868 638 2909 vero,
651 2867 691 2896 nec
707 2851 839 2913 postulatas,
850 2870 920 2901 sacras
