1919 3169
137 132 181 164 120
316 120 517 167 TRACTATUS
534 119 709 168 SECUNDUS

135 216 229 278 quidam
241 232 308 262 unam
320 216 429 263 aviculam
441 216 525 278 optulit
537 216 659 273 fiuvialem,
671 227 696 264 ut
713 218 741 264 de
758 218 806 280 ipsa
821 217 900 262 iocun-

136 281 227 330 daretur
233 282 257 331 in
265 281 374 329 Domino.
397 280 475 335 Quam
481 281 560 328 beatus
568 291 630 344 pater
639 282 764 347 gaudenter
772 282 901 346 suscipiens,

136 348 218 408 apertis
235 347 344 405 manibus,
363 357 389 393 ut
400 347 469 392 libere
487 346 557 393 abiret
576 348 639 393 illam
657 365 709 393 cum
728 348 901 395 mansuetudine

137 412 247 460 invitavit.
283 411 337 464 Que
348 428 400 458 cum
412 412 443 457 ire
454 411 532 471 nollet,
544 412 583 458 sed
594 413 664 459 velud
675 413 699 459 in
710 412 790 459 nidulo
802 413 825 458 in
842 411 902 458 illius

138 492 160 522 se
179 476 283 522 manibus
299 475 422 534 reclinaret,
440 485 535 531 sanctus,
549 477 626 522 erectis
643 477 666 522 in
683 477 756 523 celum
773 477 849 534 oculis,
862 477 903 523 diu

136 541 160 587 in
172 540 272 587 oratione
281 539 404 602 permansit
414 557 420 597 ;
437 550 461 587 et
471 540 534 604 quasi
545 540 635 587 aliunde
646 550 697 602 post
708 541 799 604 longam
816 556 902 586 moram

138 607 202 654 adse
219 622 328 662 reversus,
342 606 437 653 dulciter
454 606 553 668 precepit
570 605 657 666 avicule
674 616 701 652 ut
720 606 803 670 absque
823 606 904 653 timore

138 671 232 732 pristine
251 670 349 717 libertati
366 687 389 716 se
406 671 519 717 redderet.
553 672 658 732 Suscepta
675 672 750 733 itaque
768 687 820 718 cum
837 671 905 717 bene-

140 733 238 781 dictione
246 734 342 790 ficentia,
352 743 418 796 gestu
425 734 525 795 corporis
532 735 647 797 quoddam
655 735 788 797 pretendens
796 736 905 798 gaudium

139 799 209 847 libere
219 799 323 847 avolavit.

189 866 216 911 ln
228 867 308 913 eodem
318 865 368 911 lacu
379 864 420 911 alia
430 865 480 910 vice
491 865 593 911 navicula
607 875 685 912 vectus
702 883 753 912 cum
769 866 907 929 pervenisset

141 931 173 977 ad·
180 940 280 991 portum,
291 929 380 976 oblatus
397 940 431 975 est
448 929 468 974 ei
485 929 552 990 piscis
569 946 666 992 magnus
683 941 706 976 et
723 931 797 978 vivus.
831 931 908 982 Quem

142 1010 205 1040 more
223 1009 266 1040 suo
285 993 385 1039 fraterno
404 994 495 1038 nomine
517 1008 609 1049 vocans,
628 994 704 1054 ipsum
725 995 825 1055 reposuit
847 996 909 1039 iuxta

143 1075 230 1106 navem.
269 1058 340 1104 Piscis
361 1073 418 1103 vero
439 1073 513 1169 serap
535 1069 612 1105 sancto
629 1058 653 1104 in
669 1075 727 1122 aqua
748 1058 857 1115 ludebat3
881 1057 910 1102 de

160 1141 191 1170 uo
218 1122 476 1178 lurimumiocundatus,
513 1122 610 1168 hristum
620 1122 747 1169 Dominum
763 1122 911 1170 collaudabat

51 1189 90 1229 Fol·
100 1141 271 1236 46‘⁰lllonpenim
282 1187 348 1249 piscis
358 1187 459 1233 discessit
472 1204 484 1234 a
500 1188 558 1246 loco,
569 1188 640 1235 donec
656 1189 789 1235 mandatum
806 1188 838 1235 illi
855 1197 912 1234 esset

145 1263 250 1299 asancto.

195 1318 257 1366 Cum
292 1316 370 1362 beatus
403 1317 541 1372 Franciscus,
570 1327 686 1379 aspectum
717 1328 739 1364 et
771 1316 910 1380 colloquium

146 1384 265 1430 hominum
285 1398 349 1428 more
367 1381 435 1429 solito
454 1381 551 1444 fugiens,
570 1382 594 1428 in
616 1383 713 1445 quadam
735 1383 828 1429 heremo
849 1398 912 1428 com-

146 1459 252 1504 maneret,
263 1445 322 1493 falco
334 1446 357 1492 in
373 1447 424 1492 loco
442 1446 480 1492 illo
497 1447 613 1493 nidificans
629 1464 712 1510 magno
728 1465 751 1492 se
767 1448 799 1493 illi
815 1448 911 1492 amicitie

147 1511 222 1558 federe
244 1512 364 1572 copulavit.
398 1512 459 1556 Nam
479 1527 565 1571 semper
583 1512 661 1557 horam
675 1509 788 1558 nocturno
804 1522 913 1573 tempore,

147 1578 170 1622 in
182 1592 227 1639 qua
235 1585 323 1621 sanctus
334 1575 362 1620 ad
374 1574 451 1621 divina
464 1574 570 1637 obsequia
581 1591 671 1637 surgere
685 1575 765 1621 solitus
781 1588 833 1630 erat,
847 1585 914 1620 cantu

147 1657 188 1687 suo
207 1638 351 1704 preveniebat
370 1648 392 1685 et
410 1654 471 1686 sono,
506 1639 577 1691 Quod
596 1649 673 1685 sancto
690 1641 842 1703 gratissimum
859 1649 913 1698 erat,

148 1723 175 1753 eo
187 1706 248 1771 quod
259 1715 321 1752 tanta
332 1703 492 1762 sollicitudine,
503 1721 571 1767 quam
583 1705 639 1750 circa
649 1722 700 1752 eum
715 1704 811 1768 gerebat,
824 1721 914 1752 omnem

149 1772 177 1818 ab
188 1789 217 1819 eo
234 1770 318 1817 desidie
335 1786 421 1815 moram
438 1779 557 1816 excuteret.
591 1770 651 1816 Cum
668 1787 722 1817 vero
738 1780 827 1817 sanctus
843 1771 915 1833 aliqua

150 1835 282 1881 infirmitate
299 1834 350 1895 plus
367 1833 433 1879 solito
450 1843 587 1894 gravaretur,
606 1834 708 1894 parcebat
725 1835 789 1890 falco,
810 1851 850 1880 nec
868 1845 915 1879 tam

150 1900 295 1963 tempestivas
305 1897 416 1946 indicebat
426 1897 521 1961 vigilias.
555 1898 676 1963 Siquidem,
689 1899 756 1945 velud
772 1899 894 1945 instructus
905 1916 917 1944 a

151 1967 209 2024 Deo,
221 1967 277 2012 circa
288 1963 414 2010 diluculum
426 1964 486 2010 vocis
497 1980 536 2010 sue
548 1979 677 2025 campanam
685 1964 729 2012 levi
738 1976 800 2011 tactu
808 1964 916 2027 pulsabat.

152 2031 265 2078 Creatoris
284 2029 415 2090 precipuum
434 2039 557 2074 amatorem
576 2045 622 2074 non
641 2030 724 2075 mirum
743 2030 760 2074 si
783 2040 917 2076 venerantur

153 2095 237 2157 relique
253 2103 360 2139 creature.
582 2111 583 2114 ¹

201 2157 292 2205 Nobilis
310 2156 402 2220 quidam
421 2155 449 2200 de
470 2156 579 2201 comitatu
601 2156 692 2201 Senensi
714 2155 779 2202 beato
800 2157 918 2202 Francisco

154 2223 275 2271 infirmanti
292 2220 403 2268 fasianum
421 2236 492 2267 unum
510 2220 640 2268 transmisit.
682 2221 731 2274 Qui
750 2238 801 2269 cum
819 2222 919 2271 alacriter

154 2289 219 2338 illum
240 2287 360 2349 susciperet
382 2302 428 2331 non
449 2287 550 2349 appetitu
572 2286 660 2343 edendi,
682 2287 721 2333 sed
742 2304 805 2334 more
826 2304 872 2351 quo
896 2288 919 2333 in

154 2354 237 2401 talibus
247 2353 311 2399 letari
322 2351 406 2398 solebat
418 2350 447 2396 ob
458 2352 570 2397 Creatoris
579 2367 684 2408 amorem,
694 2352 752 2398 dixit
759 2353 787 2399 ad
795 2353 918 2399 fasianum:

155 2417 273 2465 Laudatus
295 2416 324 2462 sit
346 2416 439 2462 Creator
462 2425 544 2473 noster,
566 2414 634 2460 frater
655 2415 744 2461 fasiana.
789 2417 820 2461 Et
841 2418 871 2462 ait
892 2418 920 2462 ad

156 2483 249 2529 fratres:
267 2480 418 2541 Temptemus
428 2480 472 2526 iam
483 2480 572 2525 nuncsi
584 2481 651 2525 frater
662 2480 758 2526 fasianus
774 2482 830 2527 velit
846 2480 922 2527 nobis-

157 2565 209 2596 cum
220 2546 308 2604 morari,
320 2561 348 2591 an
359 2545 387 2592 ad
397 2544 445 2591 loca
456 2545 521 2590 solita
531 2554 553 2591 et
564 2545 634 2608 magis
647 2544 688 2591 sibi
705 2561 805 2608 congrua
821 2562 920 2609 pergere,

159 2614 191 2659 Et
201 2623 293 2674 portans
304 2627 358 2657 eum
368 2609 460 2672 quidam
471 2609 538 2656 frater
549 2611 577 2656 de
588 2610 657 2656 sancti
669 2612 775 2658 mandato
782 2612 850 2675 longe
858 2611 922 2657 illum

159 2678 183 2721 in
203 2676 269 2721 vinea
289 2675 372 2735 posuit.
406 2674 454 2724 Qui
476 2674 552 2719 statim
574 2675 663 2719 concito
684 2690 762 2734 gressu
789 2677 816 2721 ad
845 2676 923 2720 cellam

159 2756 260 2786 reversus
281 2748 316 2783 est
337 2736 414 2800 patris.
447 2736 533 2783 lterum
555 2753 606 2783 eum
628 2737 719 2801 longius
740 2739 795 2800 poni
816 2738 923 2800 precepit.

161 2805 208 2858 Qui
220 2804 350 2867 pernicitate
361 2803 456 2848 maxime
466 2802 494 2849 ad
506 2801 560 2849 celle
570 2803 670 2849 hostium
681 2802 749 2850 rediit
760 2814 782 2850 et
799 2804 861 2867 quasi
877 2804 925 2852 vim

160 2870 249 2926 faciens,
267 2868 308 2920 sub
327 2867 410 2916 tunicis
428 2866 522 2916 fratrum
540 2868 580 2934 qui
599 2878 661 2933 erant
679 2869 702 2915 in
723 2868 796 2918 hostio
814 2869 924 2917 introivit,
