1919 3169
254 87 457 139 TRACTATUS
475 92 649 140 SECUNDUS
804 111 833 156 49

68 190 187 236 duodecim
199 205 266 251 panes
277 199 299 233 et
310 187 394 233 vadens
402 186 432 231 sic
442 187 575 252 loquereilli
586 187 719 250 paupercule
730 188 833 234 mulieri:

67 257 161 316 Pauper,
180 254 256 311 homo,
285 254 319 299 cui
345 253 490 300 commodasti
518 252 657 309 mantellum,
684 254 765 316 gratias
792 253 833 299 tibi

67 320 113 383 agit
146 318 175 365 de
203 318 362 373 mutuatione;
393 317 432 364 sed
457 336 515 365 nunc
539 319 593 365 tolle
619 318 680 382 quod
703 330 769 364 tuum
792 329 832 365 est.

67 386 111 430 Ivit
129 384 165 429 ille
182 395 204 429 et
220 385 277 429 sicut
296 382 395 428 audierat
411 382 473 429 dixit.
515 384 644 429 Exstimans
666 383 746 428 mulier
768 382 832 429 illudi

66 449 114 507 sibi,
133 464 185 495 cum
201 448 282 494 rubore
299 448 356 494 dixit
372 448 400 493 ad
416 464 483 503 eum;
506 449 603 494 Dimicte
620 465 656 493 me
672 448 695 492 in
712 465 765 508 pace
781 456 925 504 cumFol.17‘⁰

65 524 106 558 tuo
133 513 256 557 mantello:
288 512 362 556 nescio
396 511 451 574 quid
475 511 579 574 loquaris.
620 513 691 557 Instat
718 512 787 557 homo
810 522 832 557 et

66 577 139 623 omnia
160 576 184 620 in
206 574 315 623 manibus.
360 575 509 621 Considerans
530 576 568 622 illa
588 575 690 623 fraudem
713 593 758 622 non
786 593 832 621 esse

65 643 88 690 in
109 642 176 698 facto,
198 642 324 705 timensque
341 657 369 686 ne
386 641 427 687 sibi
446 641 572 689 auferretur
589 652 635 688 tam
653 642 717 688 facile
734 642 830 700 lucrum,

65 707 138 767 surgit
154 716 236 761 noctu;
253 716 275 751 et
292 706 409 751 oculorum
426 722 501 751 curam
517 723 563 751 non
576 723 661 763 curans,
673 706 768 752 domum
779 723 831 752 cum

64 769 197 817 festinatone
207 769 342 834 regreditur.

102 909 221 960 Quomodo
235 913 283 950 tres
299 909 405 951 mulieres
420 914 574 960 apparuerunt
588 910 632 951 sibi
648 912 671 952 in
686 911 723 952 via
738 914 762 953 et
776 914 931 962 posttA-LXXV]

65 973 146 1003 novam
155 962 320 1004 ‘salutationem
334 961 499 1012 disparuerunt.

121 1050 251 1127 mirabile
273 1076 386 1139 quoddam
408 1077 590 1138 interpretatione
617 1076 713 1122 dubium
737 1077 830 1124 veritate

66 1144 212 1190 certissimum
227 1143 302 1204 paucis
317 1139 418 1187 referam.
451 1142 509 1188 Cum
526 1158 610 1204 pauper
628 1143 711 1188 Christi
728 1144 831 1190 Francis-

66 1210 118 1254 chus
140 1210 167 1255 de
190 1209 259 1252 Reate
281 1209 348 1252 Senas
369 1218 498 1267 properaret
518 1223 560 1267 pro
582 1208 682 1253 remedio
704 1209 830 1266 oculorum,

1 1309 2 1312 ,
66 1273 185 1318 transitum
207 1269 300 1316 faciebat
326 1287 365 1332 per
390 1272 482 1332 planum
507 1287 577 1332 prope
600 1272 702 1317 roccham
726 1273 830 1335 campilli,

1 1361 2 1365 ¹
66 1338 169 1382 comitem
177 1336 263 1381 itineris
272 1335 355 1380 habens
362 1336 474 1381 medicum
484 1337 603 1397 quemdam
611 1336 684 1381 ordini
692 1336 816 1398 obligatum
824 1354 831 1392 ;

66 1398 832 1460 eteccetresmulierespauperculeapparueruntiuxtaviamintran-

66 1466 110 1510 situ
122 1465 191 1511 sancti
200 1464 317 1510 Francisci.
346 1464 379 1508 Sic
390 1473 464 1509 autem
473 1473 566 1518 statura,
578 1474 636 1509 etate
647 1474 669 1509 et
680 1462 741 1522 facie,
749 1464 832 1512 similes

66 1540 134 1586 erant,
146 1541 171 1575 ut
182 1528 297 1574 materiam
308 1528 421 1588 triplicem
432 1545 476 1573 una
487 1528 587 1573 crederes
597 1527 670 1574 forma
680 1529 785 1588 perfecta.

113 1593 255 1638 Adveniente
271 1592 346 1653 itaque
362 1600 438 1636 sancto
451 1592 470 1635 F
470 1592 590 1648 rancisch0‚
603 1591 697 1636 flectunt
707 1592 745 1637 ille
757 1608 833 1638 rever-

67 1667 128 1702 enter
136 1657 229 1702 vertices
237 1672 289 1701 suos
297 1666 319 1701 et
327 1672 385 1701 nova
393 1654 455 1700 illum
465 1656 597 1700 salutatione
606 1656 748 1718 magnificant
756 1675 760 1703 :
773 1658 832 1703 Bene

4 1768 7 1782 ἢ
67 1723 147 1779 veniat,
155 1722 269 1785 inquiunt,
279 1721 370 1766 domina
380 1731 503 1782 paupertas
537 1720 616 1766 Statim
627 1731 715 1767 sanctus
724 1721 832 1768 indicibili

2 1780 5 1788 '¹
68 1788 191 1849 completus
213 1796 245 1832 est
262 1786 352 1847 gaudio,
371 1796 450 1848 utpote
467 1785 506 1849 qui
528 1785 596 1831 nichil
612 1785 634 1830 in
652 1802 674 1831 se
690 1786 831 1833 salutandum

66 1851 194 1897 hominibus
204 1863 250 1897 tarn
260 1850 356 1895 libenter
366 1850 462 1905 haberet,
475 1865 541 1912 quam
555 1850 615 1912 quod
628 1850 666 1896 ille
680 1850 830 1897 decreverant.

67 1914 98 1960 Et
112 1914 300 1977 primus-quidem
317 1913 410 1959 feminas
421 1930 468 1958 esse
479 1924 584 1975 reputans
594 1930 670 1959 revera
681 1916 831 1976 pauperculas,

67 1995 184 2026 conversus
206 1981 234 2026 ad
261 1979 380 2034 medicum,
403 1978 441 2042 qui
465 1978 619 2034 comitabatur,
642 1979 687 2025 ait:
716 1980 782 2043 Rogo
809 1991 830 2026 te

67 2042 149 2090 intuitu
166 2046 209 2099 dei,
221 2046 256 2099 da,
268 2054 295 2089 ut
313 2045 364 2090 dem
381 2043 465 2105 aliquid
481 2043 621 2104 pauperculis
633 2044 683 2089 illis.
717 2045 830 2090 Citissime

67 2109 160 2165 protulit
181 2109 218 2152 ille
237 2117 260 2151 et
281 2123 341 2168 equo
363 2108 453 2152 avolans
477 2107 555 2151 tribuit
575 2108 696 2169 unicuique
717 2123 829 2154 nummos.

66 2169 193 2218 Proccdunt
204 2187 258 2234 ergo
269 2171 390 2225 modicum,
400 2170 437 2216 via
448 2181 516 2232 cepta,
528 2186 578 2215 curn
589 2170 664 2215 statim
676 2180 830 2217 convertentes

67 2235 142 2282 oculos
163 2236 244 2283 fratres
265 2247 288 2282 et
309 2235 414 2290 medicus,
434 2245 505 2281 totam
526 2235 587 2281 illam
608 2235 723 2298 planitiem
744 2237 829 2283 nudam

67 2301 196 2348 mulieribus
215 2311 315 2348 cernunt.
350 2300 477 2346 Plurimum
493 2301 619 2362 stupefacti,
635 2301 774 2348 mirabilibus
793 2303 830 2348 dei

66 2376 171 2412 eventum
193 2374 347 2419 annumerant,
369 2364 473 2410 mulieres
497 2381 542 2409 non
569 2365 637 2410 fuisse
663 2366 762 2422 scientes,
786 2384 830 2429 que

67 2427 143 2474 avibus
158 2430 260 2477 velocius
273 2428 451 2476 transvolassent.

102 2573 135 2615 De
143 2575 220 2616 studio
229 2574 338 2617 orationis
347 2576 370 2615 et
379 2573 408 2615 de
416 2575 519 2624 tempore
527 2572 577 2615 loco
586 2575 609 2614 et
616 2572 700 2615 affectu
709 2576 803 2618 orantis.
833 2587 940 2629 [n-rxva]

114 2661 237 2752 Gorpore
258 2688 388 2751 peregrinus
409 2703 421 2732 a
443 2688 542 2745 domino,
563 2688 598 2734 vir
620 2687 655 2732 dei
678 2688 830 2746 Francischus,

68 2765 192 2811 presentem
208 2755 318 2817 spiritum,
336 2752 382 2799 celo
398 2752 547 2799 contendebat
562 2751 644 2798 inferre
660 2763 683 2798 et
699 2755 830 2818 angelorum

69 2816 138 2865 civem
149 2821 192 2866 iam
203 2820 295 2876 factum,
307 2820 368 2865 solus
385 2819 454 2864 carnis
465 2819 535 2879 paries
548 2818 698 2879 disiungebat.
731 2821 792 2866 Tota
808 2821 831 2867 in

441 2898 455 2926 o
