1919 3169
258 81 418 129 LEGENDA
434 71 592 144 ANTIQUA
778 96 803 142 15

40 178 121 223 Petrus
132 179 287 236 Bernardonis,
301 181 336 225 cui
348 197 394 226 non
405 179 478 224 solum
490 179 560 225 reddo
577 177 665 224 ecclesie
681 178 805 238 pecuniam,

39 241 79 285 sed
90 241 177 304 integre
188 244 322 290 vestimenta
332 243 428 307 resigno.
463 242 546 288 Nudus
562 241 631 304 igitur
642 241 670 286 ad
686 240 806 287 dominum

41 322 139 370 pergam.
173 309 195 354 Ο
207 309 320 355 liberalem
331 310 431 354 animum
442 308 514 365 illum,
526 309 561 354 111
572 308 646 352 solum
663 307 707 352 iam
724 307 806 352 sufficit

41 373 152 419 christus!
190 375 298 421 Inventus
326 385 359 419 est
386 375 421 420 vir
448 374 484 419 dei
512 373 609 419 cilicium
636 383 691 418 tunc
718 382 807 444 portare

41 436 82 482 sub
109 438 215 498 vestibus,
242 440 355 485 virtutum
382 438 498 485 existentia
527 437 646 512 plusquam
680 436 808 500 apparentia

41 504 148 565 gaudens.
182 506 259 551 Frater
281 505 328 550 eius
349 504 448 560 carnalis,
465 520 528 550 more
545 505 621 566 patris,
638 504 712 564 ipsum
735 502 807 548 verbis

42 570 155 613 venenatis
182 570 314 631 insequitur,
339 570 377 630 qui
400 585 464 613 mane
486 569 584 629 quodam
605 578 706 628 tempore
728 567 808 627 yemali

43 631 97 676 dum
110 632 191 678 vilibus
203 641 330 679 contectum
338 632 469 692 panniculis,
479 633 549 678 cernit
557 631 769 677 francischumorati
771 646 808 676 om
814 638 855 676 Fol
868 646 887 684 ις

43 706 165 753 vacantem,
177 696 260 760 frigore
272 695 455 753 tremebundum,
467 697 497 742 ait
509 697 598 743 cuidam
612 696 673 742 conci
675 696 697 741 vi
714 711 755 741 suo
772 694 809 740 ille

43 775 177 821 perversus:
195 763 239 807 Dic
250 762 372 819 francisco,
373 772 400 807 ut
411 772 549 807 nummatam
560 777 628 806 unam
637 777 697 806 nunc
707 759 748 805 tibi
755 760 818 806 velit*

44 826 141 871 vendere
152 827 179 871 de
192 828 279 872 sudore.
311 826 452 887 Respondit:
476 827 570 882 Revera,
580 842 622 886 ego
634 826 694 871 hunc
708 825 810 869 Domino

45 905 96 934 meo
115 890 231 935 karissime
253 891 357 936 vendam.
391 889 468 936 Nichil
490 891 572 947 verius,
595 906 646 935 nam
668 906 714 934 non
737 889 810 934 solum

45 955 185 1016 centuplum,
197 955 315 1001 sedetiam
327 954 430 1000 millesies
441 954 566 1017 plurimum
577 954 600 999 in
612 954 652 999 1111
663 953 712 1000 1111
727 953 811 1016 recepit

45 1030 67 1065 et
79 1020 101 1065 in
113 1020 192 1066 futuro
204 1038 250 1067 non
262 1020 303 1067 sibi
315 1031 412 1078 tantum,
424 1020 463 1066 sed
475 1031 497 1066 et
509 1020 594 1078 multis,
605 1020 676 1066 vitam
693 1019 811 1083 acquisivit

46 1095 153 1131 eternam.

92 1213 198 1300 Studet
224 1246 319 1307 proinde
344 1247 461 1305 pristinam
488 1247 673 1290 consuetudinem
697 1246 889 1302 delicatarum-vu]

47 1308 125 1354 ordine
136 1324 245 1355 converso
256 1320 342 1355 mutare
353 1320 375 1355 et
387 1311 414 1356 ad
431 1319 509 1355 nature
524 1309 609 1356 bonum
627 1309 670 1354 iam
686 1308 812 1355 lascivitum

47 1373 154 1419 reducere
166 1390 247 1436 corpus
265 1391 340 1420 suum.
374 1374 423 1421 Ibat
441 1391 486 1421 una
503 1373 540 1420 die
557 1391 597 1436 per
614 1373 725 1421 Assisium
744 1373 812 1420 homo

48 1438 90 1494 dei,
113 1448 140 1485 ut
162 1439 299 1485 mendicaret
321 1438 398 1485 oleum
419 1439 447 1484 ad
468 1439 588 1485 luminaria
612 1439 763 1485 concinnanda
790 1440 813 1484 in

48 1502 137 1549 ecclesia
154 1503 223 1549 sancti
240 1503 344 1560 damiani,
362 1521 429 1566 quam
447 1513 500 1549 tunc
517 1504 625 1565 temporis
641 1503 772 1565 reparabat3
791 1514 813 1549 et

49 1568 127 1614 videns
154 1568 273 1622 hominum
301 1568 471 1615 multitudinem
493 1568 622 1615 ludentium
647 1580 698 1614 ante
720 1568 814 1614 domum

48 1632 174 1689 consistere,
195 1649 264 1695 quam
282 1633 365 1678 intrare
381 1633 478 1689 volebat,
495 1633 577 1678 rubore
594 1633 706 1693 perfusus,
723 1634 815 1678 retraxit

48 1697 134 1759 pedem.
171 1697 213 1742 Sed
230 1697 269 1743 illo
286 1713 327 1743 suo
344 1697 412 1743 nobili
431 1697 512 1759 spiritu
530 1698 552 1743 in
570 1698 642 1743 celum
659 1698 750 1753 directo,
762 1712 815 1759 pro-

49 1761 120 1822 priam
142 1761 249 1807 desidiam
272 1762 346 1823 arguit
365 1772 388 1807 et
409 1761 437 1807 de
459 1763 579 1824 semetipso
601 1763 671 1807 sumit
698 1762 814 1808 iudicium.

49 1825 181 1872 Revertitur
192 1827 269 1871 statim
280 1827 307 1871 ad
319 1826 414 1872 domum
426 1836 448 1871 et
459 1825 528 1871 libera
541 1842 603 1882 voce,
616 1842 690 1872 coram
703 1825 814 1881 omnibus,

49 1890 181 1946 verecundie
202 1907 290 1936 causam
312 1907 432 1951 exponens,
452 1891 515 1953 quasi
537 1891 619 1953 spiritu
641 1891 722 1946 ebrius,
739 1891 817 1953 lingua

49 1954 127 2015 gallica
144 1953 202 2014 petit
220 1955 295 2000 oleum
312 1965 334 1999 et
351 1955 451 2016 acquirit.

97 2018 269 2064 Ferventissime
286 2017 314 2064 ad
334 2035 417 2080 opust
410 2018 469 2064 illius
488 2018 577 2066 ecclesie
596 2018 679 2065 animat
696 2035 773 2065 omnes
794 2029 817 2065 et

50 2084 211 2130 monasterium
238 2100 284 2130 esse
316 2082 400 2130 ibidem
432 2095 557 2130 sanctarum
591 2084 705 2147 virginum
733 2084 816 2143 christi,

49 2149 192 2205 audientibus
214 2149 306 2202 cunctis,
323 2149 401 2209 gallice
419 2141 515 2210 loquens
534 2150 592 2194 clara
611 2167 671 2204 voce,
690 2151 785 2210 prophet
777 2160 815 2194 t.at

50 2203 141 2273 Semper
160 2212 220 2257 enim
239 2228 291 2258 cum
310 2211 357 2272 ipse
379 2212 456 2258 ardore
479 2214 548 2258 sancti
570 2213 662 2273 spiritus
684 2212 815 2274 repleretur,

50 2276 150 2323 ardentia
169 2275 235 2321 verba
254 2275 308 2322 foris
329 2286 432 2323 eructans
454 2276 532 2338 gallice
554 2276 695 2338 loquebatur,
714 2293 736 2322 se
756 2278 816 2338 apud

50 2341 112 2388 illam
150 2352 240 2403 gentem
278 2339 382 2403 precipue
422 2341 581 2388 honorandum
622 2357 754 2403 prenoscens
794 2352 817 2388 et

50 2407 176 2453 reverentia
192 2405 279 2469 speciali
295 2405 421 2453 colendum

99 2536 156 2624 ΘΧ
168 2584 213 2632 quo
230 2568 344 2614 communi
356 2569 459 2613 omniurn
474 2570 568 2615 domino
585 2570 642 2631 cepit
654 2571 743 2626 servire,
756 2582 902 2628 com--[av11J]

4 2654 6 2656 >
52 2634 129 2677 munia
150 2632 220 2677 facere
242 2648 329 2707 semper
356 2632 445 2689 amavit,
469 2634 543 2696 singu
545 2644 646 2679 antem
668 2635 691 2679 in
713 2635 817 2681 omnibus

53 2695 149 2759 fugienS,
162 2714 206 2760 que
217 2698 321 2744 omnium
332 2697 365 2744 vit
367 2697 439 2743 iorum
451 2696 499 2743 labe
511 2698 625 2745 sordescit.
659 2700 719 2745 Nam
731 2717 783 2746 cum
794 2702 817 2746 in

52 2778 118 2824 opere
134 2762 194 2808 illius
210 2763 329 2809 desudaret
345 2762 440 2817 ecclesie,
453 2763 480 2808 de
498 2780 542 2826 qua
558 2765 688 2810 mandatum
706 2782 718 2809 a
734 2765 818 2811 christ
852 2782 854 2785 ·

52 2837 185 2887 susceperat,
197 2828 225 2873 de
236 2829 331 2872 delicato
342 2828 438 2872 nimium
456 2830 582 2873 rusticanus
597 2839 619 2872 11
635 2830 721 2889 patiens
737 2830 818 2875 laboris
