1919 3169
251 110 450 158 TRACTATUS
467 111 643 157 SECUNDUS
794 116 822 163 37

60 219 155 254 stercora
166 217 317 268 comparatum
330 216 353 251 et
364 207 391 251 ad
403 216 559 269 contemptum
575 205 622 250 eius
638 204 703 251 novis
719 201 824 263 exemplis

62 270 153 319 cottidie
164 270 298 317 animantur.

115 440 229 482 ‘Vindicta
242 441 318 481 fratris
331 441 370 489 qui
383 441 501 488 pecuniam
515 440 652 489 quandoque
665 437 761 485 collegit.
827 437 887 477 [MJ]

67 574 68 577 ’
106 532 257 627 Pergentes
283 563 419 627 quandoque
443 563 541 621 insimul,
559 564 605 610 duo
626 562 714 620 fratres,
737 561 826 607 cuidam

62 629 166 692 hospitali
176 629 316 691 leprosorum
328 629 490 691 approximant,
499 630 613 691 reperiunt
624 628 647 675 in
655 628 692 674 via
702 626 826 683 denarium,

62 711 163 756 gressum
182 694 263 754 figunt,
281 693 406 753 disceptant
425 693 481 755 quid
497 695 524 738 de
543 703 639 738 stercore
658 693 687 736 sit
706 691 825 751 agendum.

62 758 147 802 Tentat
168 774 227 802 unus
246 772 332 815 eorum,
347 756 430 813 ridens,
445 756 600 803 conscientiam
619 756 694 803 fratris
711 754 826 801 denarium

62 822 147 878 tollere,
166 821 259 883 leprosis
277 822 370 882 pecunie
387 820 478 867 famulis
495 821 612 867 offendere.
646 819 754 866 Prohibet
775 835 827 864 eum

62 887 134 934 sotius
145 896 171 932 ut
181 885 235 932 falsa
245 885 327 948 pietate
337 886 466 948 deceptum,
477 885 589 933 inculcans
602 884 719 932 temerario
732 883 827 937 verbum

62 951 204 1013 regulaquo
215 952 266 996 satis
277 952 359 1006 elucet,
370 951 437 997 velud
448 951 565 1011 pulverem
577 951 694 996 inventum
709 949 827 995 denarium

64 1015 185 1060 conculcari
204 1013 291 1059 debere.
327 1014 421 1059 Indurat
440 1014 476 1058 ille
498 1023 595 1059 ruentem
614 1014 642 1058 ad
662 1013 755 1067 monita,
775 1028 827 1056 narn

63 1095 148 1140 semper
177 1094 204 1123 ex
233 1094 296 1124 more
325 1078 380 1125 dure
410 1078 500 1125 cervicis
526 1078 579 1135 fuit,
605 1078 690 1139 spernit
719 1075 827 1138 regulam,

63 1143 181 1188 inclinatur
203 1152 225 1187 et
250 1142 328 1204 accipit
351 1158 475 1199 nummum,
499 1144 538 1189 sed
559 1143 663 1189 divinum
685 1158 730 1186 non
751 1141 828 1186 evadit

63 1207 171 1252 iuditium
181 1222 187 1260 3
205 1207 279 1266 perdit
290 1206 402 1265 extemplo
412 1206 533 1266 loquelam,
542 1206 631 1251 frendet
643 1206 754 1260 dentibus,
765 1205 828 1265 loqui

63 1286 108 1315 non
125 1267 231 1332 prevalet.
275 1269 309 1314 Sic
325 1286 382 1333 pena
397 1270 472 1332 perdit
488 1270 594 1326 insanus3
616 1269 647 1315 sic
663 1269 747 1315 ultimo
763 1269 829 1315 docet

63 1336 131 1397 patris
158 1334 246 1397 legibus
273 1334 427 1396 obtemperare
454 1334 582 1396 superbum.
630 1333 733 1380 Tandem
759 1332 829 1379 fetore

64 1399 170 1461 proiecto,
189 1399 277 1461 polluta
294 1398 351 1444 labia
373 1399 435 1462 aquis
457 1399 578 1461 penitentie
599 1399 645 1445 lota
666 1399 785 1445 solvuntur
806 1397 829 1442 in

64 1465 165 1509 laudem:
188 1480 267 1508 verum
288 1463 433 1524 proverbium
454 1473 502 1509 est:
526 1463 621 1523 Corrige
637 1463 733 1508 stultum
749 1472 772 1507 et
788 1462 830 1507 erit

64 1541 152 1572 amicus.

1 1721 3 1725 ,
104 1685 231 1735 increpatio
242 1684 318 1726 fratris
327 1685 366 1734 qui
376 1684 479 1734 pecunia,
493 1684 569 1735 specie
578 1686 728 1736 necessitatis,
738 1685 901 1736 volebatur-uu]

1 1762 3 1764 -
65 1747 161 1778 servare.

111 1828 226 1911 Videras
241 1860 360 1922 aliquando
377 1859 473 1906 vicarius
489 1859 558 1904 sancti
569 1858 645 1916 frater,
657 1863 715 1922 petri
733 1863 829 1909 cathanii

1 1959 6 1976 ,
65 1923 136 1970 turbis
152 1923 249 1970 fratrum
266 1923 389 1969 forensium
408 1935 505 1970 sanctam
525 1924 623 1969 Mariam
641 1926 669 1971 de
688 1928 830 1987 portiuncula

66 1988 209 2050 frequentari,
221 2006 262 2035 nec
272 1990 299 2035 ad
311 1989 476 2050 providendum
489 1989 513 2033 in
526 1990 649 2035 necessariis
664 1990 829 2054 heleemosynas

1 2050 7 2105 Ξ
66 2051 201 2105 habundare,
220 2053 277 2098 dixit
295 2053 323 2098 ad
342 2063 443 2097 sanctum
462 2052 636 2106 Francischum:
659 2056 733 2100 nescio
751 2056 828 2114 frater,

1 2130 8 2157 Ξ
67 2115 121 2176 quid
132 2115 217 2174 faciam,
226 2116 281 2161 dum
292 2116 421 2161 catervatim
432 2115 533 2178 undique
543 2116 706 2163 confluentibus
714 2117 828 2177 fratribus,

67 2195 111 2224 non
132 2180 202 2226 habeo
224 2197 271 2242 quo
293 2180 425 2226 sufficienter
447 2182 592 2241 provideam?
627 2181 715 2228 Placeat
736 2201 777 2229 oro
798 2194 828 2241 te,

67 2245 128 2305 quod
143 2245 276 2291 intrantium
293 2245 431 2290 novitiorum
446 2261 481 2289 res
493 2245 567 2308 alique
577 2258 725 2304 reserventur,
736 2248 764 2294 ad
775 2266 829 2312 quas
878 2303 880 2305 .

78 2310 219 2369 apendendas
248 2319 361 2355 recurrant
390 2319 492 2369 tempore
522 2320 657 2371 opportuno.
701 2313 829 2374 Respondit

77 2383 169 2418 anctus:
194 2373 261 2418 Absit
279 2373 319 2417 hec
337 2373 414 2434 pietas,
431 2372 499 2418 frater
513 2374 633 2429 karissime,
651 2385 677 2420 ut
692 2391 734 2436 pro
750 2378 830 2439 quovis

83 2436 156 2483 omine
176 2439 244 2500 impie
263 2447 340 2500 agatur
355 2437 379 2482 in
398 2438 505 2500 regulam.
544 2438 576 2484 Et
597 2437 648 2484 ille:
675 2438 739 2491 Quid
760 2441 830 2504 igitur

77 2502 160 2549 aciam?
205 2502 291 2560 Altare,
309 2502 394 2564 inquid,
416 2502 486 2563 spolia
507 2503 602 2565 virginis
618 2513 641 2548 et
659 2506 748 2558 varium
769 2506 831 2552 aufer

82 2576 178 2625 rnatum,
201 2583 252 2613 cum
273 2566 337 2612 aliter
358 2566 510 2627 indigentibus
533 2584 577 2613 non
599 2568 683 2628 poteris
707 2570 831 2617 subvenire.

69 2629 139 2675 Crede
149 2632 205 2675 mihi
215 2649 221 2687 ;
234 2631 318 2691 gratius
326 2630 415 2674 habebit
424 2630 565 2692 evangelium
574 2630 613 2675 lilii
624 2647 711 2677 servare
722 2649 832 2697 suumque

79 2692 156 2753 poliari
169 2695 242 2751 altare,
254 2711 322 2757 quam
336 2692 403 2739 altare
415 2695 523 2740 vestitum
538 2695 653 2757 filiumque
670 2708 831 2760 contemptum.

68 2756 181 2831 Dominus
212 2760 287 2806 mittet
317 2760 357 2823 qui
385 2769 462 2815 matre,
490 2760 553 2822 quod
581 2759 645 2805 nobis
673 2763 832 2820 commodavit,

80 2831 175 2869 estituat.
