<?xml version="1.0" encoding="UTF-8"?>
<!DOCTYPE html PUBLIC "-//W3C//DTD XHTML 1.0 Transitional//EN"
    "http://www.w3.org/TR/xhtml1/DTD/xhtml1-transitional.dtd">
<html xmlns="http://www.w3.org/1999/xhtml" xml:lang="en" lang="en">
 <head>
  <title>
</title>
<meta http-equiv="Content-Type" content="text/html;charset=utf-8" />
  <meta name='ocr-system' content='tesseract 3.04.00' />
  <meta name='ocr-capabilities' content='ocr_page ocr_carea ocr_par ocr_line ocrx_word'/>
</head>
<body>
  <div class='ocr_page' id='page_1' title='image "./MN5146ucmf_4_0405.png"; bbox 0 0 1919 3169; ppageno 0'>
   <div class='ocr_carea' id='block_1_1' title="bbox 350 62 814 118">
    <p class='ocr_par' dir='ltr' id='par_1_1' title="bbox 350 62 814 118">
     <span class='ocr_line' id='line_1_1' title="bbox 350 62 814 118; baseline -0.006 -10"><span class='ocrx_word' id='word_1_1' title='bbox 350 62 545 108; x_wconf 61' lang='lat' dir='ltr'><strong>MIRACULA,</strong></span> <span class='ocrx_word' id='word_1_2' title='bbox 596 66 597 69; x_wconf 43' lang='lat'>¹</span> <span class='ocrx_word' id='word_1_3' title='bbox 771 72 814 118; x_wconf 84' lang='lat'>127</span> 
     </span>
    </p>
   </div>
   <div class='ocr_carea' id='block_1_2' title="bbox 54 156 912 1246">
    <p class='ocr_par' dir='ltr' id='par_1_2' title="bbox 54 156 912 1246">
     <span class='ocr_line' id='line_1_2' title="bbox 54 156 828 219; baseline -0.005 -15"><span class='ocrx_word' id='word_1_4' title='bbox 54 158 123 204; x_wconf 89' lang='lat' dir='ltr'>semel</span> <span class='ocrx_word' id='word_1_5' title='bbox 131 160 244 205; x_wconf 84' lang='lat' dir='ltr'>accederet</span> <span class='ocrx_word' id='word_1_6' title='bbox 252 159 280 204; x_wconf 90' lang='lat' dir='ltr'>ad</span> <span class='ocrx_word' id='word_1_7' title='bbox 287 158 402 213; x_wconf 72' lang='lat' dir='ltr'>celarum,</span> <span class='ocrx_word' id='word_1_8' title='bbox 411 157 474 203; x_wconf 91' lang='lat' dir='ltr'>miles</span> <span class='ocrx_word' id='word_1_9' title='bbox 483 156 576 219; x_wconf 85' lang='lat' dir='ltr'>quidam</span> <span class='ocrx_word' id='word_1_10' title='bbox 586 156 680 216; x_wconf 91' lang='lat' dir='ltr'>supplici</span> <span class='ocrx_word' id='word_1_11' title='bbox 687 156 815 209; x_wconf 89' lang='lat' dir='ltr'>devotione,</span> <span class='ocrx_word' id='word_1_12' title='bbox 826 168 828 171; x_wconf 76' lang='grc'>’</span> 
     </span>
     <span class='ocr_line' id='line_1_3' title="bbox 55 220 815 284; baseline -0.007 -14"><span class='ocrx_word' id='word_1_13' title='bbox 55 224 117 271; x_wconf 91' lang='lat' dir='ltr'>omni</span> <span class='ocrx_word' id='word_1_14' title='bbox 137 241 189 271; x_wconf 89' lang='lat' dir='ltr'>cum</span> <span class='ocrx_word' id='word_1_15' title='bbox 209 224 321 281; x_wconf 87' lang='lat' dir='ltr'>instantia,</span> <span class='ocrx_word' id='word_1_16' title='bbox 341 239 417 268; x_wconf 88' lang='lat' dir='ltr'>secum</span> <span class='ocrx_word' id='word_1_17' title='bbox 437 223 465 269; x_wconf 88' lang='lat' dir='ltr'>ad</span> <span class='ocrx_word' id='word_1_18' title='bbox 484 221 604 284; x_wconf 88' lang='lat' dir='ltr'>prandium</span> <span class='ocrx_word' id='word_1_19' title='bbox 623 220 733 267; x_wconf 90' lang='lat' dir='ltr'>invitavit.</span> <span class='ocrx_word' id='word_1_20' title='bbox 769 221 815 281; x_wconf 68' lang='lat' dir='ltr'>Qui</span> 
     </span>
     <span class='ocr_line' id='line_1_4' title="bbox 55 284 912 342; baseline -0.013 -7"><span class='ocrx_word' id='word_1_21' title='bbox 55 290 155 335; x_wconf 91' lang='lat' dir='ltr'>multum</span> <span class='ocrx_word' id='word_1_22' title='bbox 178 290 276 335; x_wconf 88' lang='lat' dir='ltr'>renitens</span> <span class='ocrx_word' id='word_1_23' title='bbox 298 298 320 333; x_wconf 90' lang='lat' dir='ltr'>et</span> <span class='ocrx_word' id='word_1_24' title='bbox 342 303 454 342; x_wconf 75' lang='lat' dir='ltr'>renuens„</span> <span class='ocrx_word' id='word_1_25' title='bbox 468 287 582 333; x_wconf 81' lang='lat' dir='ltr'>coactione</span> <span class='ocrx_word' id='word_1_26' title='bbox 604 285 696 331; x_wconf 88' lang='lat' dir='ltr'>tandem</span> <span class='ocrx_word' id='word_1_27' title='bbox 718 284 862 331; x_wconf 87' lang='lat' dir='ltr'>vinciturFol.</span> <span class='ocrx_word' id='word_1_28' title='bbox 874 293 912 337; x_wconf 79' lang='lat'>50¹⁰</span> 
     </span>
     <span class='ocr_line' id='line_1_5' title="bbox 55 349 816 413; baseline -0.007 -14"><span class='ocrx_word' id='word_1_29' title='bbox 55 355 192 413; x_wconf 87' lang='lat' dir='ltr'>importuna.</span> <span class='ocrx_word' id='word_1_30' title='bbox 225 353 294 398; x_wconf 85' lang='lat' dir='ltr'>Venit</span> <span class='ocrx_word' id='word_1_31' title='bbox 310 352 378 413; x_wconf 84' lang='lat' dir='ltr'>igitur</span> <span class='ocrx_word' id='word_1_32' title='bbox 394 352 448 398; x_wconf 89' lang='lat' dir='ltr'>hora</span> <span class='ocrx_word' id='word_1_33' title='bbox 463 352 550 412; x_wconf 85' lang='lat' dir='ltr'>prandii</span> <span class='ocrx_word' id='word_1_34' title='bbox 567 361 590 396; x_wconf 93' lang='lat' dir='ltr'>et</span> <span class='ocrx_word' id='word_1_35' title='bbox 607 367 683 396; x_wconf 90' lang='lat' dir='ltr'>mensa</span> <span class='ocrx_word' id='word_1_36' title='bbox 700 349 816 410; x_wconf 79' lang='lat' dir='ltr'>splendide</span> 
     </span>
     <span class='ocr_line' id='line_1_6' title="bbox 55 411 817 477; baseline -0.005 -17"><span class='ocrx_word' id='word_1_37' title='bbox 55 427 191 477; x_wconf 83' lang='lat' dir='ltr'><strong>preparatur.</strong></span> <span class='ocrx_word' id='word_1_38' title='bbox 226 416 322 459; x_wconf 84' lang='lat' dir='ltr'>Exultat</span> <span class='ocrx_word' id='word_1_39' title='bbox 343 415 441 459; x_wconf 90' lang='lat' dir='ltr'>devotus</span> <span class='ocrx_word' id='word_1_40' title='bbox 463 416 543 476; x_wconf 87' lang='lat' dir='ltr'>hospes</span> <span class='ocrx_word' id='word_1_41' title='bbox 564 424 587 458; x_wconf 89' lang='lat' dir='ltr'>et</span> <span class='ocrx_word' id='word_1_42' title='bbox 609 414 713 458; x_wconf 87' lang='lat' dir='ltr'>universa</span> <span class='ocrx_word' id='word_1_43' title='bbox 734 411 817 457; x_wconf 85' lang='lat' dir='ltr'>familia</span> 
     </span>
     <span class='ocr_line' id='line_1_7' title="bbox 55 475 817 544; baseline -0.007 -17"><span class='ocrx_word' id='word_1_44' title='bbox 55 497 180 544; x_wconf 88' lang='lat' dir='ltr'>pauperum</span> <span class='ocrx_word' id='word_1_45' title='bbox 202 480 317 542; x_wconf 91' lang='lat' dir='ltr'>hospitum</span> <span class='ocrx_word' id='word_1_46' title='bbox 339 478 473 534; x_wconf 86' lang='lat' dir='ltr'>iocundatur</span> <span class='ocrx_word' id='word_1_47' title='bbox 495 479 603 543; x_wconf 85' lang='lat' dir='ltr'>ingressu.</span> <span class='ocrx_word' id='word_1_48' title='bbox 642 478 720 524; x_wconf 79' lang='lat' dir='ltr'>Stabat</span> <span class='ocrx_word' id='word_1_49' title='bbox 740 475 817 523; x_wconf 90' lang='lat' dir='ltr'>beatus</span> 
     </span>
     <span class='ocr_line' id='line_1_8' title="bbox 57 543 817 604; baseline -0.004 -14"><span class='ocrx_word' id='word_1_50' title='bbox 57 546 186 591; x_wconf 89' lang='lat' dir='ltr'>Franciscus</span> <span class='ocrx_word' id='word_1_51' title='bbox 197 545 274 591; x_wconf 86' lang='lat' dir='ltr'>oculos</span> <span class='ocrx_word' id='word_1_52' title='bbox 285 545 362 591; x_wconf 89' lang='lat' dir='ltr'>levans</span> <span class='ocrx_word' id='word_1_53' title='bbox 370 544 397 590; x_wconf 91' lang='lat' dir='ltr'>ad</span> <span class='ocrx_word' id='word_1_54' title='bbox 406 545 487 601; x_wconf 87' lang='lat' dir='ltr'>celum,</span> <span class='ocrx_word' id='word_1_55' title='bbox 495 555 518 590; x_wconf 89' lang='lat' dir='ltr'>et</span> <span class='ocrx_word' id='word_1_56' title='bbox 529 545 696 590; x_wconf 88' lang='lat' dir='ltr'>invitantemse</span> <span class='ocrx_word' id='word_1_57' title='bbox 705 543 817 604; x_wconf 82' lang='lat' dir='ltr'><strong>hospitem</strong></span> 
     </span>
     <span class='ocr_line' id='line_1_9' title="bbox 57 608 818 669; baseline -0.005 -14"><span class='ocrx_word' id='word_1_58' title='bbox 57 611 158 656; x_wconf 88' lang='lat' dir='ltr'>clanculo</span> <span class='ocrx_word' id='word_1_59' title='bbox 180 619 261 656; x_wconf 86' lang='lat' dir='ltr'>vocat:</span> <span class='ocrx_word' id='word_1_60' title='bbox 284 610 350 663; x_wconf 79' lang='lat' dir='ltr'>Ecce,</span> <span class='ocrx_word' id='word_1_61' title='bbox 372 609 460 669; x_wconf 91' lang='lat' dir='ltr'>inquid,</span> <span class='ocrx_word' id='word_1_62' title='bbox 481 608 549 654; x_wconf 89' lang='lat' dir='ltr'>frater</span> <span class='ocrx_word' id='word_1_63' title='bbox 571 610 660 669; x_wconf 86' lang='lat' dir='ltr'><strong>hospes,</strong></span> <span class='ocrx_word' id='word_1_64' title='bbox 680 608 726 654; x_wconf 91' lang='lat' dir='ltr'>tuis</span> <span class='ocrx_word' id='word_1_65' title='bbox 744 608 818 653; x_wconf 91' lang='lat' dir='ltr'>victus</span> 
     </span>
     <span class='ocr_line' id='line_1_10' title="bbox 56 671 818 734; baseline -0.003 -17"><span class='ocrx_word' id='word_1_66' title='bbox 56 673 158 734; x_wconf 91' lang='lat' dir='ltr'>precibus</span> <span class='ocrx_word' id='word_1_67' title='bbox 170 682 196 718; x_wconf 92' lang='lat' dir='ltr'>ut</span> <span class='ocrx_word' id='word_1_68' title='bbox 207 674 365 717; x_wconf 85' lang='lat' dir='ltr'>manducarem</span> <span class='ocrx_word' id='word_1_69' title='bbox 383 672 477 716; x_wconf 91' lang='lat' dir='ltr'>domum</span> <span class='ocrx_word' id='word_1_70' title='bbox 494 682 556 717; x_wconf 90' lang='lat' dir='ltr'>tuam</span> <span class='ocrx_word' id='word_1_71' title='bbox 573 673 661 717; x_wconf 81' lang='lat' dir='ltr'>intravi.</span> <span class='ocrx_word' id='word_1_72' title='bbox 695 672 757 716; x_wconf 85' lang='lat' dir='ltr'>Meis</span> <span class='ocrx_word' id='word_1_73' title='bbox 774 671 818 715; x_wconf 90' lang='lat' dir='ltr'>cito</span> 
     </span>
     <span class='ocr_line' id='line_1_11' title="bbox 55 734 817 798; baseline -0.004 -16"><span class='ocrx_word' id='word_1_74' title='bbox 55 737 149 782; x_wconf 91' lang='lat' dir='ltr'>monitis</span> <span class='ocrx_word' id='word_1_75' title='bbox 160 736 281 798; x_wconf 81' lang='lat' dir='ltr'>acquiesce,</span> <span class='ocrx_word' id='word_1_76' title='bbox 293 735 400 797; x_wconf 89' lang='lat' dir='ltr'>quoniam</span> <span class='ocrx_word' id='word_1_77' title='bbox 411 746 438 781; x_wconf 93' lang='lat' dir='ltr'>tu</span> <span class='ocrx_word' id='word_1_78' title='bbox 449 752 495 781; x_wconf 92' lang='lat' dir='ltr'>non</span> <span class='ocrx_word' id='word_1_79' title='bbox 506 736 542 780; x_wconf 89' lang='lat' dir='ltr'>hic</span> <span class='ocrx_word' id='word_1_80' title='bbox 553 736 592 781; x_wconf 89' lang='lat' dir='ltr'>sed</span> <span class='ocrx_word' id='word_1_81' title='bbox 604 735 655 780; x_wconf 91' lang='lat' dir='ltr'>alibi</span> <span class='ocrx_word' id='word_1_82' title='bbox 667 734 817 785; x_wconf 77' lang='lat' dir='ltr'>manducabis,</span> 
     </span>
     <span class='ocr_line' id='line_1_12' title="bbox 58 800 819 862; baseline -0.003 -16"><span class='ocrx_word' id='word_1_83' title='bbox 58 801 172 846; x_wconf 89' lang='lat' dir='ltr'>Confitere</span> <span class='ocrx_word' id='word_1_84' title='bbox 189 810 276 862; x_wconf 87' lang='lat' dir='ltr'>peccata</span> <span class='ocrx_word' id='word_1_85' title='bbox 293 811 332 845; x_wconf 87' lang='lat' dir='ltr'>tua</span> <span class='ocrx_word' id='word_1_86' title='bbox 349 800 411 845; x_wconf 91' lang='lat' dir='ltr'>omni</span> <span class='ocrx_word' id='word_1_87' title='bbox 428 800 548 846; x_wconf 89' lang='lat' dir='ltr'>devotione</span> <span class='ocrx_word' id='word_1_88' title='bbox 565 800 687 855; x_wconf 90' lang='lat' dir='ltr'>contritus,</span> <span class='ocrx_word' id='word_1_89' title='bbox 702 817 742 845; x_wconf 90' lang='lat' dir='ltr'>nec</span> <span class='ocrx_word' id='word_1_90' title='bbox 758 800 781 845; x_wconf 95' lang='lat' dir='ltr'>in</span> <span class='ocrx_word' id='word_1_91' title='bbox 796 810 819 845; x_wconf 95' lang='lat' dir='ltr'>te</span> 
     </span>
     <span class='ocr_line' id='line_1_13' title="bbox 56 864 819 928; baseline -0.001 -17"><span class='ocrx_word' id='word_1_92' title='bbox 56 875 171 912; x_wconf 88' lang='lat' dir='ltr'>remaneat</span> <span class='ocrx_word' id='word_1_93' title='bbox 195 865 303 928; x_wconf 87' lang='lat' dir='ltr'>quicquid</span> <span class='ocrx_word' id='word_1_94' title='bbox 331 865 392 928; x_wconf 92' lang='lat' dir='ltr'>quod</span> <span class='ocrx_word' id='word_1_95' title='bbox 420 882 472 911; x_wconf 85' lang='lat' dir='ltr'>vera</span> <span class='ocrx_word' id='word_1_96' title='bbox 499 864 637 911; x_wconf 89' lang='lat' dir='ltr'>confessione</span> <span class='ocrx_word' id='word_1_97' title='bbox 660 881 706 910; x_wconf 93' lang='lat' dir='ltr'>non</span> <span class='ocrx_word' id='word_1_98' title='bbox 727 864 819 927; x_wconf 89' lang='lat' dir='ltr'>pandas.</span> 
     </span>
     <span class='ocr_line' id='line_1_14' title="bbox 58 930 819 990; baseline -0.003 -16"><span class='ocrx_word' id='word_1_99' title='bbox 58 930 146 974; x_wconf 80' lang='lat' dir='ltr'>Reddet</span> <span class='ocrx_word' id='word_1_100' title='bbox 157 930 198 972; x_wconf 93' lang='lat' dir='ltr'>tibi</span> <span class='ocrx_word' id='word_1_101' title='bbox 210 930 323 973; x_wconf 87' lang='lat' dir='ltr'>Dominus</span> <span class='ocrx_word' id='word_1_102' title='bbox 334 930 401 973; x_wconf 91' lang='lat' dir='ltr'>hodie</span> <span class='ocrx_word' id='word_1_103' title='bbox 412 930 494 986; x_wconf 82' lang='lat' dir='ltr'>vicem,</span> <span class='ocrx_word' id='word_1_104' title='bbox 506 931 613 990; x_wconf 89' lang='lat' dir='ltr'>quoniam</span> <span class='ocrx_word' id='word_1_105' title='bbox 625 940 686 973; x_wconf 87' lang='lat' dir='ltr'>tanta</span> <span class='ocrx_word' id='word_1_106' title='bbox 697 930 819 974; x_wconf 86' lang='lat' dir='ltr'>devotione</span> 
     </span>
     <span class='ocr_line' id='line_1_15' title="bbox 57 992 820 1055; baseline 0 -16"><span class='ocrx_word' id='word_1_107' title='bbox 57 1010 110 1039; x_wconf 90' lang='lat' dir='ltr'>suos</span> <span class='ocrx_word' id='word_1_108' title='bbox 132 1009 239 1054; x_wconf 89' lang='lat' dir='ltr'>pauperes</span> <span class='ocrx_word' id='word_1_109' title='bbox 264 993 385 1054; x_wconf 89' lang='lat' dir='ltr'>suscepisti.</span> <span class='ocrx_word' id='word_1_110' title='bbox 430 993 552 1055; x_wconf 84' lang='lat' dir='ltr'>Aequievit</span> <span class='ocrx_word' id='word_1_111' title='bbox 580 992 689 1054; x_wconf 84' lang='lat' dir='ltr'>extimplo</span> <span class='ocrx_word' id='word_1_112' title='bbox 715 993 751 1040; x_wconf 84' lang='lat' dir='ltr'>vir</span> <span class='ocrx_word' id='word_1_113' title='bbox 778 993 820 1039; x_wconf 90' lang='lat' dir='ltr'>iste</span> 
     </span>
     <span class='ocr_line' id='line_1_16' title="bbox 58 1058 820 1121; baseline 0.001 -18"><span class='ocrx_word' id='word_1_114' title='bbox 58 1058 206 1104; x_wconf 81' lang='lat' dir='ltr'>sermonibus.</span> <span class='ocrx_word' id='word_1_115' title='bbox 217 1058 313 1114; x_wconf 82' lang='lat' dir='ltr'>sanctis3</span> <span class='ocrx_word' id='word_1_116' title='bbox 336 1069 359 1104; x_wconf 87' lang='lat' dir='ltr'>et</span> <span class='ocrx_word' id='word_1_117' title='bbox 378 1068 460 1104; x_wconf 87' lang='lat' dir='ltr'>vocato</span> <span class='ocrx_word' id='word_1_118' title='bbox 479 1059 547 1103; x_wconf 90' lang='lat' dir='ltr'>sancti</span> <span class='ocrx_word' id='word_1_119' title='bbox 568 1058 678 1104; x_wconf 87' lang='lat' dir='ltr'>Francisci</span> <span class='ocrx_word' id='word_1_120' title='bbox 697 1058 763 1113; x_wconf 90' lang='lat' dir='ltr'>sotio,</span> <span class='ocrx_word' id='word_1_121' title='bbox 780 1059 820 1121; x_wconf 91' lang='lat' dir='ltr'>qui</span> 
     </span>
     <span class='ocr_line' id='line_1_17' title="bbox 58 1122 820 1184; baseline 0.001 -17"><span class='ocrx_word' id='word_1_122' title='bbox 58 1123 160 1168; x_wconf 89' lang='lat' dir='ltr'>sacerdos</span> <span class='ocrx_word' id='word_1_123' title='bbox 176 1133 231 1177; x_wconf 87' lang='lat' dir='ltr'>erat,</span> <span class='ocrx_word' id='word_1_124' title='bbox 243 1123 348 1168; x_wconf 91' lang='lat' dir='ltr'>universa</span> <span class='ocrx_word' id='word_1_125' title='bbox 363 1123 383 1168; x_wconf 93' lang='lat' dir='ltr'>ei</span> <span class='ocrx_word' id='word_1_126' title='bbox 399 1132 487 1184; x_wconf 90' lang='lat' dir='ltr'>peccata</span> <span class='ocrx_word' id='word_1_127' title='bbox 503 1139 555 1168; x_wconf 89' lang='lat' dir='ltr'>vera</span> <span class='ocrx_word' id='word_1_128' title='bbox 572 1122 710 1168; x_wconf 89' lang='lat' dir='ltr'>confessione</span> <span class='ocrx_word' id='word_1_129' title='bbox 727 1123 820 1168; x_wconf 86' lang='lat' dir='ltr'>detexit.</span> 
     </span>
     <span class='ocr_line' id='line_1_18' title="bbox 59 1186 820 1246; baseline 0.001 -16"><span class='ocrx_word' id='word_1_130' title='bbox 59 1187 179 1246; x_wconf 90' lang='lat' dir='ltr'>Disposuit</span> <span class='ocrx_word' id='word_1_131' title='bbox 189 1186 268 1230; x_wconf 83' lang='lat' dir='ltr'>domui</span> <span class='ocrx_word' id='word_1_132' title='bbox 281 1203 319 1230; x_wconf 89' lang='lat' dir='ltr'>sue</span> <span class='ocrx_word' id='word_1_133' title='bbox 328 1197 350 1230; x_wconf 91' lang='lat' dir='ltr'>et</span> <span class='ocrx_word' id='word_1_134' title='bbox 359 1186 453 1230; x_wconf 90' lang='lat' dir='ltr'>verbum</span> <span class='ocrx_word' id='word_1_135' title='bbox 462 1187 531 1230; x_wconf 85' lang='lat' dir='ltr'>sancti</span> <span class='ocrx_word' id='word_1_136' title='bbox 543 1187 703 1246; x_wconf 90' lang='lat' dir='ltr'>complendum</span> <span class='ocrx_word' id='word_1_137' title='bbox 714 1186 820 1231; x_wconf 91' lang='lat' dir='ltr'>indubius</span> 
     </span>
    </p>
   </div>
   <div class='ocr_carea' id='block_1_3' title="bbox 35 1249 855 2861">
    <p class='ocr_par' dir='ltr' id='par_1_3' title="bbox 58 1249 821 1746">
     <span class='ocr_line' id='line_1_19' title="bbox 58 1249 820 1311; baseline 0 -17"><span class='ocrx_word' id='word_1_138' title='bbox 58 1249 194 1311; x_wconf 82' lang='lat' dir='ltr'>expectabat.</span> <span class='ocrx_word' id='word_1_139' title='bbox 229 1250 374 1295; x_wconf 88' lang='lat' dir='ltr'>Intraverunt</span> <span class='ocrx_word' id='word_1_140' title='bbox 392 1249 483 1295; x_wconf 91' lang='lat' dir='ltr'>tandem</span> <span class='ocrx_word' id='word_1_141' title='bbox 502 1250 529 1294; x_wconf 91' lang='lat' dir='ltr'>ad</span> <span class='ocrx_word' id='word_1_142' title='bbox 548 1265 655 1305; x_wconf 88' lang='lat' dir='ltr'>mensam,</span> <span class='ocrx_word' id='word_1_143' title='bbox 673 1259 695 1295; x_wconf 89' lang='lat' dir='ltr'>et</span> <span class='ocrx_word' id='word_1_144' title='bbox 714 1249 820 1296; x_wconf 87' lang='lat' dir='ltr'>omnibus</span> 
     </span>
     <span class='ocr_line' id='line_1_20' title="bbox 58 1314 819 1377; baseline 0.003 -19"><span class='ocrx_word' id='word_1_145' title='bbox 58 1314 215 1376; x_wconf 85' lang='lat' dir='ltr'>incipientibus</span> <span class='ocrx_word' id='word_1_146' title='bbox 234 1315 376 1369; x_wconf 84' lang='lat' dir='ltr'>manducare,</span> <span class='ocrx_word' id='word_1_147' title='bbox 396 1323 447 1376; x_wconf 92' lang='lat' dir='ltr'>post</span> <span class='ocrx_word' id='word_1_148' title='bbox 466 1314 538 1359; x_wconf 88' lang='lat' dir='ltr'>crucis</span> <span class='ocrx_word' id='word_1_149' title='bbox 561 1315 651 1377; x_wconf 85' lang='lat' dir='ltr'>signum</span> <span class='ocrx_word' id='word_1_150' title='bbox 671 1315 756 1376; x_wconf 83' lang='lat' dir='ltr'>pectori</span> <span class='ocrx_word' id='word_1_151' title='bbox 775 1315 819 1361; x_wconf 89' lang='lat' dir='ltr'>iam</span> 
     </span>
     <span class='ocr_line' id='line_1_21' title="bbox 59 1378 819 1441; baseline 0.003 -18"><span class='ocrx_word' id='word_1_152' title='bbox 59 1378 197 1440; x_wconf 88' lang='lat' dir='ltr'>impressum,</span> <span class='ocrx_word' id='word_1_153' title='bbox 209 1394 302 1424; x_wconf 89' lang='lat' dir='ltr'>manum</span> <span class='ocrx_word' id='word_1_154' title='bbox 315 1388 337 1425; x_wconf 92' lang='lat' dir='ltr'>et</span> <span class='ocrx_word' id='word_1_155' title='bbox 349 1379 395 1440; x_wconf 91' lang='lat' dir='ltr'>ipse</span> <span class='ocrx_word' id='word_1_156' title='bbox 410 1378 571 1424; x_wconf 84' lang='lat' dir='ltr'>tremebundus</span> <span class='ocrx_word' id='word_1_157' title='bbox 583 1379 682 1425; x_wconf 86' lang='lat' dir='ltr'>extendit</span> <span class='ocrx_word' id='word_1_158' title='bbox 693 1379 721 1425; x_wconf 91' lang='lat' dir='ltr'>ad</span> <span class='ocrx_word' id='word_1_159' title='bbox 732 1396 819 1441; x_wconf 86' lang='lat' dir='ltr'>panem.</span> 
     </span>
     <span class='ocr_line' id='line_1_22' title="bbox 58 1444 819 1505; baseline 0.003 -18"><span class='ocrx_word' id='word_1_160' title='bbox 58 1444 100 1488; x_wconf 85' lang='lat' dir='ltr'>Sed</span> <span class='ocrx_word' id='word_1_161' title='bbox 112 1453 232 1505; x_wconf 88' lang='lat' dir='ltr'>antequam</span> <span class='ocrx_word' id='word_1_162' title='bbox 249 1444 277 1488; x_wconf 90' lang='lat' dir='ltr'>ad</span> <span class='ocrx_word' id='word_1_163' title='bbox 294 1459 317 1487; x_wconf 91' lang='lat' dir='ltr'>se</span> <span class='ocrx_word' id='word_1_164' title='bbox 333 1448 555 1489; x_wconf 75' lang='lat' dir='ltr'>manum&#39;extentam</span> <span class='ocrx_word' id='word_1_165' title='bbox 571 1444 700 1499; x_wconf 75' lang='lat' dir='ltr'>retraheret,</span> <span class='ocrx_word' id='word_1_166' title='bbox 713 1444 819 1490; x_wconf 85' lang='lat' dir='ltr'>inclinato</span> 
     </span>
     <span class='ocr_line' id='line_1_23' title="bbox 60 1505 821 1571; baseline 0.004 -19"><span class='ocrx_word' id='word_1_167' title='bbox 60 1507 130 1570; x_wconf 88' lang='lat' dir='ltr'>capite</span> <span class='ocrx_word' id='word_1_168' title='bbox 141 1507 245 1570; x_wconf 88' lang='lat' dir='ltr'>spiritum</span> <span class='ocrx_word' id='word_1_169' title='bbox 256 1506 358 1553; x_wconf 83' lang='lat' dir='ltr'>exalavit.</span> <span class='ocrx_word' id='word_1_170' title='bbox 392 1507 415 1553; x_wconf 92' lang='lat' dir='ltr'>O</span> <span class='ocrx_word' id='word_1_171' title='bbox 427 1524 494 1571; x_wconf 87' lang='lat' dir='ltr'>quam</span> <span class='ocrx_word' id='word_1_172' title='bbox 506 1507 600 1553; x_wconf 89' lang='lat' dir='ltr'>amanda</span> <span class='ocrx_word' id='word_1_173' title='bbox 613 1505 724 1554; x_wconf 88' lang='lat' dir='ltr'>confessio</span> <span class='ocrx_word' id='word_1_174' title='bbox 735 1519 821 1571; x_wconf 89' lang='lat' dir='ltr'>peccat-</span> 
     </span>
     <span class='ocr_line' id='line_1_24' title="bbox 59 1572 820 1633; baseline 0.003 -15"><span class='ocrx_word' id='word_1_175' title='bbox 59 1573 137 1619; x_wconf 89' lang='lat' dir='ltr'>orum!</span> <span class='ocrx_word' id='word_1_176' title='bbox 179 1573 237 1618; x_wconf 89' lang='lat' dir='ltr'>Ecce</span> <span class='ocrx_word' id='word_1_177' title='bbox 257 1582 282 1617; x_wconf 91' lang='lat' dir='ltr'>ut</span> <span class='ocrx_word' id='word_1_178' title='bbox 300 1572 401 1618; x_wconf 88' lang='lat' dir='ltr'>confiteri</span> <span class='ocrx_word' id='word_1_179' title='bbox 419 1573 489 1633; x_wconf 86' lang='lat' dir='ltr'>possit</span> <span class='ocrx_word' id='word_1_180' title='bbox 505 1582 609 1618; x_wconf 91' lang='lat' dir='ltr'>mortuus</span> <span class='ocrx_word' id='word_1_181' title='bbox 631 1573 767 1630; x_wconf 84' lang='lat' dir='ltr'>suscitatur3</span> <span class='ocrx_word' id='word_1_182' title='bbox 786 1584 820 1630; x_wconf 84' lang='lat' dir='ltr'>et,</span> 
     </span>
     <span class='ocr_line' id='line_1_25' title="bbox 59 1637 821 1699; baseline 0.003 -16"><span class='ocrx_word' id='word_1_183' title='bbox 59 1655 87 1683; x_wconf 91' lang='lat' dir='ltr'>ne</span> <span class='ocrx_word' id='word_1_184' title='bbox 107 1639 174 1684; x_wconf 85' lang='lat' dir='ltr'>vivus</span> <span class='ocrx_word' id='word_1_185' title='bbox 195 1638 273 1699; x_wconf 89' lang='lat' dir='ltr'>perire</span> <span class='ocrx_word' id='word_1_186' title='bbox 288 1637 360 1684; x_wconf 90' lang='lat' dir='ltr'>valeat</span> <span class='ocrx_word' id='word_1_187' title='bbox 379 1638 402 1683; x_wconf 88' lang='lat' dir='ltr'>in</span> <span class='ocrx_word' id='word_1_188' title='bbox 419 1647 531 1694; x_wconf 89' lang='lat' dir='ltr'>eternum,</span> <span class='ocrx_word' id='word_1_189' title='bbox 551 1637 698 1685; x_wconf 79' lang='lat' dir='ltr'>confessionis</span> <span class='ocrx_word' id='word_1_190' title='bbox 715 1639 821 1685; x_wconf 89' lang='lat' dir='ltr'>beneficio</span> 
     </span>
     <span class='ocr_line' id='line_1_26' title="bbox 58 1701 170 1746; baseline 0 -1"><span class='ocrx_word' id='word_1_191' title='bbox 58 1701 170 1746; x_wconf 90' lang='lat' dir='ltr'>liberatur.</span> 
     </span>
    </p>

    <p class='ocr_par' dir='ltr' id='par_1_4' title="bbox 59 1763 821 2664">
     <span class='ocr_line' id='line_1_27' title="bbox 107 1763 821 1828; baseline 0 -17"><span class='ocrx_word' id='word_1_192' title='bbox 107 1765 231 1811; x_wconf 85' lang='lat' dir='ltr'>Cuiusdam</span> <span class='ocrx_word' id='word_1_193' title='bbox 251 1763 312 1809; x_wconf 89' lang='lat' dir='ltr'>urbis</span> <span class='ocrx_word' id='word_1_194' title='bbox 332 1765 405 1809; x_wconf 88' lang='lat' dir='ltr'>Rome</span> <span class='ocrx_word' id='word_1_195' title='bbox 425 1764 505 1810; x_wconf 84' lang='lat' dir='ltr'>notarii</span> <span class='ocrx_word' id='word_1_196' title='bbox 524 1763 634 1826; x_wconf 88' lang='lat' dir='ltr'>puerulus</span> <span class='ocrx_word' id='word_1_197' title='bbox 653 1764 692 1811; x_wconf 81' lang='lat' dir='ltr'>vix</span> <span class='ocrx_word' id='word_1_198' title='bbox 708 1766 821 1828; x_wconf 90' lang='lat' dir='ltr'>septennis</span> 
     </span>
     <span class='ocr_line' id='line_1_28' title="bbox 60 1829 821 1891; baseline 0.003 -16"><span class='ocrx_word' id='word_1_199' title='bbox 60 1840 153 1876; x_wconf 86' lang='lat' dir='ltr'>matrem</span> <span class='ocrx_word' id='word_1_200' title='bbox 164 1840 255 1876; x_wconf 86' lang='lat' dir='ltr'>euntem</span> <span class='ocrx_word' id='word_1_201' title='bbox 267 1829 294 1875; x_wconf 88' lang='lat' dir='ltr'>ad</span> <span class='ocrx_word' id='word_1_202' title='bbox 305 1829 419 1875; x_wconf 87' lang='lat' dir='ltr'>ecclesiam</span> <span class='ocrx_word' id='word_1_203' title='bbox 430 1829 500 1875; x_wconf 86' lang='lat' dir='ltr'>sancti</span> <span class='ocrx_word' id='word_1_204' title='bbox 510 1829 581 1875; x_wconf 85' lang='lat' dir='ltr'>Marci</span> <span class='ocrx_word' id='word_1_205' title='bbox 591 1846 654 1875; x_wconf 87' lang='lat' dir='ltr'>eausa</span> <span class='ocrx_word' id='word_1_206' title='bbox 662 1830 821 1891; x_wconf 80' lang='lat' dir='ltr'>predicationis</span> 
     </span>
     <span class='ocr_line' id='line_1_29' title="bbox 60 1894 820 1959; baseline 0.001 -18"><span class='ocrx_word' id='word_1_207' title='bbox 60 1895 139 1955; x_wconf 89' lang='lat' dir='ltr'>puerili</span> <span class='ocrx_word' id='word_1_208' title='bbox 151 1911 214 1941; x_wconf 88' lang='lat' dir='ltr'>more</span> <span class='ocrx_word' id='word_1_209' title='bbox 225 1894 288 1957; x_wconf 86' lang='lat' dir='ltr'>sequi</span> <span class='ocrx_word' id='word_1_210' title='bbox 299 1894 433 1952; x_wconf 88' lang='lat' dir='ltr'>desiderans,</span> <span class='ocrx_word' id='word_1_211' title='bbox 442 1894 498 1940; x_wconf 87' lang='lat' dir='ltr'>dum</span> <span class='ocrx_word' id='word_1_212' title='bbox 510 1910 522 1939; x_wconf 88' lang='lat' dir='ltr'>a</span> <span class='ocrx_word' id='word_1_213' title='bbox 533 1904 604 1940; x_wconf 89' lang='lat' dir='ltr'>matre</span> <span class='ocrx_word' id='word_1_214' title='bbox 618 1894 734 1955; x_wconf 88' lang='lat' dir='ltr'>repellitur</span> <span class='ocrx_word' id='word_1_215' title='bbox 745 1906 767 1942; x_wconf 90' lang='lat' dir='ltr'>et</span> <span class='ocrx_word' id='word_1_216' title='bbox 778 1912 820 1959; x_wconf 90' lang='lat' dir='ltr'>pro</span> 
     </span>
     <span class='ocr_line' id='line_1_30' title="bbox 59 1958 820 2023; baseline 0.005 -20"><span class='ocrx_word' id='word_1_217' title='bbox 59 1960 146 2020; x_wconf 89' lang='lat' dir='ltr'>repulsa</span> <span class='ocrx_word' id='word_1_218' title='bbox 165 1960 246 2020; x_wconf 91' lang='lat' dir='ltr'>spiritu</span> <span class='ocrx_word' id='word_1_219' title='bbox 265 1959 374 2016; x_wconf 87' lang='lat' dir='ltr'>anxiatur,</span> <span class='ocrx_word' id='word_1_220' title='bbox 394 1975 434 2020; x_wconf 90' lang='lat' dir='ltr'>per</span> <span class='ocrx_word' id='word_1_221' title='bbox 453 1958 573 2004; x_wconf 87' lang='lat' dir='ltr'>fenestram</span> <span class='ocrx_word' id='word_1_222' title='bbox 592 1959 666 2020; x_wconf 91' lang='lat' dir='ltr'>palatii</span> <span class='ocrx_word' id='word_1_223' title='bbox 683 1961 756 2006; x_wconf 89' lang='lat' dir='ltr'>nescio</span> <span class='ocrx_word' id='word_1_224' title='bbox 773 1977 820 2023; x_wconf 91' lang='lat' dir='ltr'>quo</span> 
     </span>
     <span class='ocr_line' id='line_1_31' title="bbox 60 2022 819 2084; baseline 0.001 -16"><span class='ocrx_word' id='word_1_225' title='bbox 60 2023 176 2083; x_wconf 88' lang='lat' dir='ltr'>dyabolico</span> <span class='ocrx_word' id='word_1_226' title='bbox 193 2023 299 2068; x_wconf 88' lang='lat' dir='ltr'>instinctu</span> <span class='ocrx_word' id='word_1_227' title='bbox 315 2022 419 2067; x_wconf 89' lang='lat' dir='ltr'>obruitur</span> <span class='ocrx_word' id='word_1_228' title='bbox 435 2032 458 2066; x_wconf 90' lang='lat' dir='ltr'>et</span> <span class='ocrx_word' id='word_1_229' title='bbox 474 2022 553 2067; x_wconf 89' lang='lat' dir='ltr'>ultima</span> <span class='ocrx_word' id='word_1_230' title='bbox 569 2022 709 2084; x_wconf 86' lang='lat' dir='ltr'>quassatione</span> <span class='ocrx_word' id='word_1_231' title='bbox 724 2024 819 2080; x_wconf 88' lang='lat' dir='ltr'>collisus,</span> 
     </span>
     <span class='ocr_line' id='line_1_32' title="bbox 60 2086 818 2149; baseline 0.005 -18"><span class='ocrx_word' id='word_1_232' title='bbox 60 2102 203 2133; x_wconf 89' lang='lat' dir='ltr'>communem</span> <span class='ocrx_word' id='word_1_233' title='bbox 220 2086 325 2133; x_wconf 90' lang='lat' dir='ltr'>omnibus</span> <span class='ocrx_word' id='word_1_234' title='bbox 344 2087 423 2132; x_wconf 90' lang='lat' dir='ltr'>mortis</span> <span class='ocrx_word' id='word_1_235' title='bbox 443 2086 563 2132; x_wconf 87' lang='lat' dir='ltr'>transitum</span> <span class='ocrx_word' id='word_1_236' title='bbox 582 2086 702 2149; x_wconf 84' lang='lat' dir='ltr'>experitur.</span> <span class='ocrx_word' id='word_1_237' title='bbox 736 2089 818 2145; x_wconf 85' lang='lat' dir='ltr'>Mater,</span> 
     </span>
     <span class='ocr_line' id='line_1_33' title="bbox 61 2152 821 2215; baseline 0.004 -18"><span class='ocrx_word' id='word_1_238' title='bbox 61 2168 103 2215; x_wconf 89' lang='lat' dir='ltr'>que</span> <span class='ocrx_word' id='word_1_239' title='bbox 114 2154 216 2199; x_wconf 89' lang='lat' dir='ltr'>nondum</span> <span class='ocrx_word' id='word_1_240' title='bbox 232 2154 299 2214; x_wconf 83' lang='lat' dir='ltr'>longe</span> <span class='ocrx_word' id='word_1_241' title='bbox 316 2152 452 2208; x_wconf 90' lang='lat' dir='ltr'>discesserat,</span> <span class='ocrx_word' id='word_1_242' title='bbox 469 2152 496 2197; x_wconf 91' lang='lat' dir='ltr'>ad</span> <span class='ocrx_word' id='word_1_243' title='bbox 512 2152 612 2197; x_wconf 90' lang='lat' dir='ltr'>sonitum</span> <span class='ocrx_word' id='word_1_244' title='bbox 628 2154 753 2199; x_wconf 89' lang='lat' dir='ltr'>corruentis</span> <span class='ocrx_word' id='word_1_245' title='bbox 770 2169 821 2215; x_wconf 90' lang='lat' dir='ltr'>pre-</span> 
     </span>
     <span class='ocr_line' id='line_1_34' title="bbox 61 2216 821 2278; baseline 0.005 -19"><span class='ocrx_word' id='word_1_246' title='bbox 61 2217 163 2277; x_wconf 90' lang='lat' dir='ltr'>cipitium</span> <span class='ocrx_word' id='word_1_247' title='bbox 190 2218 292 2278; x_wconf 87' lang='lat' dir='ltr'>pignoris</span> <span class='ocrx_word' id='word_1_248' title='bbox 319 2217 436 2277; x_wconf 91' lang='lat' dir='ltr'>suspicata,</span> <span class='ocrx_word' id='word_1_249' title='bbox 459 2217 514 2261; x_wconf 89' lang='lat' dir='ltr'>dum</span> <span class='ocrx_word' id='word_1_250' title='bbox 540 2216 605 2261; x_wconf 87' lang='lat' dir='ltr'>celeri</span> <span class='ocrx_word' id='word_1_251' title='bbox 632 2233 698 2261; x_wconf 88' lang='lat' dir='ltr'>cursu</span> <span class='ocrx_word' id='word_1_252' title='bbox 725 2219 821 2263; x_wconf 89' lang='lat' dir='ltr'>domurn</span> 
     </span>
     <span class='ocr_line' id='line_1_35' title="bbox 61 2278 820 2342; baseline 0.004 -19"><span class='ocrx_word' id='word_1_253' title='bbox 61 2281 187 2335; x_wconf 87' lang='lat' dir='ltr'>revertitur,</span> <span class='ocrx_word' id='word_1_254' title='bbox 197 2280 270 2325; x_wconf 89' lang='lat' dir='ltr'>filium</span> <span class='ocrx_word' id='word_1_255' title='bbox 278 2280 402 2325; x_wconf 79' lang='lat' dir='ltr'>exanimem</span> <span class='ocrx_word' id='word_1_256' title='bbox 411 2278 581 2340; x_wconf 89' lang='lat' dir='ltr'>contemplatur.</span> <span class='ocrx_word' id='word_1_257' title='bbox 615 2279 723 2325; x_wconf 88' lang='lat' dir='ltr'>Protinus</span> <span class='ocrx_word' id='word_1_258' title='bbox 730 2281 772 2326; x_wconf 87' lang='lat' dir='ltr'>sibi</span> <span class='ocrx_word' id='word_1_259' title='bbox 779 2282 820 2342; x_wconf 89' lang='lat' dir='ltr'>ipsi</span> 
     </span>
     <span class='ocr_line' id='line_1_36' title="bbox 62 2342 820 2407; baseline 0.004 -18"><span class='ocrx_word' id='word_1_260' title='bbox 62 2344 150 2391; x_wconf 88' lang='lat' dir='ltr'>ultrices</span> <span class='ocrx_word' id='word_1_261' title='bbox 167 2346 229 2391; x_wconf 87' lang='lat' dir='ltr'>inicit</span> <span class='ocrx_word' id='word_1_262' title='bbox 245 2362 331 2401; x_wconf 90' lang='lat' dir='ltr'>manus,</span> <span class='ocrx_word' id='word_1_263' title='bbox 342 2344 424 2391; x_wconf 85' lang='lat' dir='ltr'>vicinia</span> <span class='ocrx_word' id='word_1_264' title='bbox 434 2354 539 2407; x_wconf 85' lang='lat' dir='ltr'>properat</span> <span class='ocrx_word' id='word_1_265' title='bbox 554 2343 582 2389; x_wconf 92' lang='lat' dir='ltr'>ad</span> <span class='ocrx_word' id='word_1_266' title='bbox 596 2342 727 2402; x_wconf 90' lang='lat' dir='ltr'>lamentum,</span> <span class='ocrx_word' id='word_1_267' title='bbox 739 2346 820 2395; x_wconf 89' lang='lat' dir='ltr'>medici</span> 
     </span>
     <span class='ocr_line' id='line_1_37' title="bbox 61 2409 818 2472; baseline 0.003 -16"><span class='ocrx_word' id='word_1_268' title='bbox 61 2420 169 2457; x_wconf 86' lang='lat' dir='ltr'>vocantur</span> <span class='ocrx_word' id='word_1_269' title='bbox 180 2411 207 2456; x_wconf 91' lang='lat' dir='ltr'>ad</span> <span class='ocrx_word' id='word_1_270' title='bbox 216 2420 341 2456; x_wconf 87' lang='lat' dir='ltr'>mortuum.</span> <span class='ocrx_word' id='word_1_271' title='bbox 368 2409 411 2455; x_wconf 86' lang='lat' dir='ltr'>Sed</span> <span class='ocrx_word' id='word_1_272' title='bbox 420 2409 531 2472; x_wconf 91' lang='lat' dir='ltr'>numquid</span> <span class='ocrx_word' id='word_1_273' title='bbox 539 2417 657 2455; x_wconf 90' lang='lat' dir='ltr'>mortuum</span> <span class='ocrx_word' id='word_1_274' title='bbox 666 2410 818 2457; x_wconf 86' lang='lat' dir='ltr'>suscitabunt?</span> 
     </span>
     <span class='ocr_line' id='line_1_38' title="bbox 62 2472 821 2536; baseline 0.004 -18"><span class='ocrx_word' id='word_1_275' title='bbox 62 2473 163 2521; x_wconf 87' lang='lat' dir='ltr'>Cesserat</span> <span class='ocrx_word' id='word_1_276' title='bbox 177 2485 265 2536; x_wconf 88' lang='lat' dir='ltr'>tempus</span> <span class='ocrx_word' id='word_1_277' title='bbox 282 2473 414 2535; x_wconf 89' lang='lat' dir='ltr'>pronosticis</span> <span class='ocrx_word' id='word_1_278' title='bbox 426 2484 448 2518; x_wconf 91' lang='lat' dir='ltr'>et</span> <span class='ocrx_word' id='word_1_279' title='bbox 459 2474 532 2529; x_wconf 92' lang='lat' dir='ltr'>dietis,</span> <span class='ocrx_word' id='word_1_280' title='bbox 550 2483 572 2519; x_wconf 91' lang='lat' dir='ltr'>et</span> <span class='ocrx_word' id='word_1_281' title='bbox 588 2473 617 2519; x_wconf 81' lang='lat' dir='ltr'>de</span> <span class='ocrx_word' id='word_1_282' title='bbox 633 2472 683 2519; x_wconf 86' lang='lat' dir='ltr'>foro</span> <span class='ocrx_word' id='word_1_283' title='bbox 694 2474 821 2522; x_wconf 83' lang='lat' dir='ltr'>Dei-factus</span> 
     </span>
     <span class='ocr_line' id='line_1_39' title="bbox 61 2536 821 2601; baseline 0.007 -20"><span class='ocrx_word' id='word_1_284' title='bbox 61 2536 152 2584; x_wconf 85' lang='lat' dir='ltr'>iudicari</span> <span class='ocrx_word' id='word_1_285' title='bbox 163 2556 176 2585; x_wconf 93' lang='lat' dir='ltr'>a</span> <span class='ocrx_word' id='word_1_286' title='bbox 186 2540 277 2585; x_wconf 86' lang='lat' dir='ltr'>medicis</span> <span class='ocrx_word' id='word_1_287' title='bbox 288 2548 381 2599; x_wconf 86' lang='lat' dir='ltr'>poterat,</span> <span class='ocrx_word' id='word_1_288' title='bbox 394 2538 466 2584; x_wconf 82' lang='lat' dir='ltr'>iuvari</span> <span class='ocrx_word' id='word_1_289' title='bbox 477 2554 522 2583; x_wconf 89' lang='lat' dir='ltr'>non</span> <span class='ocrx_word' id='word_1_290' title='bbox 533 2547 626 2598; x_wconf 89' lang='lat' dir='ltr'>poterat.</span> <span class='ocrx_word' id='word_1_291' title='bbox 660 2538 739 2584; x_wconf 87' lang='lat' dir='ltr'>Calore</span> <span class='ocrx_word' id='word_1_292' title='bbox 750 2540 821 2601; x_wconf 83' lang='lat' dir='ltr'>igitur</span> 
     </span>
     <span class='ocr_line' id='line_1_40' title="bbox 62 2602 821 2664; baseline 0.003 -17"><span class='ocrx_word' id='word_1_293' title='bbox 62 2611 84 2646; x_wconf 86' lang='lat' dir='ltr'>et</span> <span class='ocrx_word' id='word_1_294' title='bbox 94 2603 148 2662; x_wconf 86' lang='lat' dir='ltr'>vita,</span> <span class='ocrx_word' id='word_1_295' title='bbox 160 2621 234 2660; x_wconf 88' lang='lat' dir='ltr'>sensu,</span> <span class='ocrx_word' id='word_1_296' title='bbox 251 2613 315 2649; x_wconf 92' lang='lat' dir='ltr'>motu</span> <span class='ocrx_word' id='word_1_297' title='bbox 332 2611 354 2648; x_wconf 92' lang='lat' dir='ltr'>et</span> <span class='ocrx_word' id='word_1_298' title='bbox 370 2602 456 2648; x_wconf 85' lang='lat' dir='ltr'>virtute</span> <span class='ocrx_word' id='word_1_299' title='bbox 472 2602 580 2664; x_wconf 88' lang='lat' dir='ltr'>privatus,</span> <span class='ocrx_word' id='word_1_300' title='bbox 592 2611 696 2647; x_wconf 89' lang='lat' dir='ltr'>mortuus</span> <span class='ocrx_word' id='word_1_301' title='bbox 707 2621 719 2648; x_wconf 92' lang='lat' dir='ltr'>a</span> <span class='ocrx_word' id='word_1_302' title='bbox 730 2603 821 2650; x_wconf 87' lang='lat' dir='ltr'>medicis</span> 
     </span>
    </p>

    <p class='ocr_par' dir='ltr' id='par_1_5' title="bbox 35 2665 855 2861">
     <span class='ocr_line' id='line_1_41' title="bbox 35 2665 821 2724; baseline 0.003 -13"><span class='ocrx_word' id='word_1_303' title='bbox 35 2677 36 2680; x_wconf 76' lang='grc'>’</span> <span class='ocrx_word' id='word_1_304' title='bbox 62 2665 181 2716; x_wconf 89' lang='lat' dir='ltr'>iudicatur.</span> <span class='ocrx_word' id='word_1_305' title='bbox 214 2670 290 2715; x_wconf 90' lang='lat' dir='ltr'>Frater</span> <span class='ocrx_word' id='word_1_306' title='bbox 302 2669 350 2714; x_wconf 86' lang='lat' dir='ltr'>Rao</span> <span class='ocrx_word' id='word_1_307' title='bbox 361 2667 389 2713; x_wconf 91' lang='lat' dir='ltr'>de</span> <span class='ocrx_word' id='word_1_308' title='bbox 400 2667 479 2713; x_wconf 91' lang='lat' dir='ltr'>ordine</span> <span class='ocrx_word' id='word_1_309' title='bbox 496 2667 623 2724; x_wconf 87' lang='lat' dir='ltr'>Minorum,</span> <span class='ocrx_word' id='word_1_310' title='bbox 636 2667 659 2712; x_wconf 93' lang='lat' dir='ltr'>in</span> <span class='ocrx_word' id='word_1_311' title='bbox 670 2668 732 2713; x_wconf 91' lang='lat' dir='ltr'>omni</span> <span class='ocrx_word' id='word_1_312' title='bbox 748 2670 821 2715; x_wconf 89' lang='lat' dir='ltr'>Roma</span> 
     </span>
     <span class='ocr_line' id='line_1_42' title="bbox 63 2731 820 2795; baseline 0.004 -20"><span class='ocrx_word' id='word_1_313' title='bbox 63 2733 193 2780; x_wconf 90' lang='lat' dir='ltr'>notissimus</span> <span class='ocrx_word' id='word_1_314' title='bbox 211 2733 413 2795; x_wconf 87' lang='lat' dir='ltr'>predicator,-illuc</span> <span class='ocrx_word' id='word_1_315' title='bbox 432 2749 454 2777; x_wconf 92' lang='lat' dir='ltr'>se</span> <span class='ocrx_word' id='word_1_316' title='bbox 473 2733 501 2777; x_wconf 87' lang='lat' dir='ltr'>ad</span> <span class='ocrx_word' id='word_1_317' title='bbox 520 2731 678 2793; x_wconf 88' lang='lat' dir='ltr'>predicandum</span> <span class='ocrx_word' id='word_1_318' title='bbox 698 2732 820 2791; x_wconf 87' lang='lat' dir='ltr'>conferens,</span> 
     </span>
     <span class='ocr_line' id='line_1_43' title="bbox 62 2796 855 2861; baseline 0.004 -21"><span class='ocrx_word' id='word_1_319' title='bbox 62 2798 220 2861; x_wconf 89' lang='lat' dir='ltr'>propinquavit</span> <span class='ocrx_word' id='word_1_320' title='bbox 228 2798 256 2843; x_wconf 93' lang='lat' dir='ltr'>ad</span> <span class='ocrx_word' id='word_1_321' title='bbox 264 2813 367 2860; x_wconf 92' lang='lat' dir='ltr'>puerum,</span> <span class='ocrx_word' id='word_1_322' title='bbox 376 2806 398 2841; x_wconf 91' lang='lat' dir='ltr'>et</span> <span class='ocrx_word' id='word_1_323' title='bbox 407 2796 451 2840; x_wconf 90' lang='lat' dir='ltr'>fide</span> <span class='ocrx_word' id='word_1_324' title='bbox 459 2796 538 2858; x_wconf 88' lang='lat' dir='ltr'>plenus</span> <span class='ocrx_word' id='word_1_325' title='bbox 547 2796 577 2840; x_wconf 88' lang='lat' dir='ltr'>ait</span> <span class='ocrx_word' id='word_1_326' title='bbox 585 2796 613 2840; x_wconf 91' lang='lat' dir='ltr'>ad</span> <span class='ocrx_word' id='word_1_327' title='bbox 621 2806 708 2856; x_wconf 89' lang='lat' dir='ltr'>patrem</span> <span class='ocrx_word' id='word_1_328' title='bbox 719 2814 723 2841; x_wconf 94' lang='lat'>:</span> <span class='ocrx_word' id='word_1_329' title='bbox 741 2797 821 2843; x_wconf 85' lang='lat' dir='ltr'>Credis</span> <span class='ocrx_word' id='word_1_330' title='bbox 854 2818 855 2821; x_wconf 45' lang='lat'>¹</span> 
     </span>
    </p>
   </div>
   <div class='ocr_carea' id='block_1_4' title="bbox 0 0 971 3169">
    <p class='ocr_par' dir='ltr' id='par_1_6' title="bbox 0 0 971 3169">
     <span class='ocr_line' id='line_1_44' title="bbox 0 0 971 3169; baseline 0 0"><span class='ocrx_word' id='word_1_331' title='bbox 0 0 971 3169; x_wconf 95' lang='lat' dir='ltr'> </span> 
     </span>
    </p>
   </div>
  </div>
 </body>
</html>
