1919 3169
238 119 439 167 annotatus
456 120 633 168 saeuuuus
787 135 816 181 43

56 234 156 267 concessa
164 227 216 263 sunt
224 226 276 279 post
283 225 406 279 peccatum,
416 214 534 279 dignisque
543 225 565 262 et
574 215 673 277 indignis
680 215 818 276 heleemosy-

55 283 129 332 narius
151 281 188 329 ille
215 298 309 346 magnus
336 279 439 327 clementi
466 280 547 343 pietate
573 279 674 343 largitur.
726 279 818 326 Ponunt

54 348 225 396 erubescentiam
245 347 339 402 milites;
358 355 381 391 et
399 345 565 408 heleemosynas
587 355 691 408 prompte
710 355 817 407 petentes,

56 413 118 476 plura
129 412 165 458 dei
176 426 258 463 amore,
271 426 337 473 quarn
351 409 446 455 denariis
459 421 550 466 emunt3
568 410 678 472 siquidem
690 426 741 455 cum
754 408 820 469 ylari-

55 487 100 524 tate
110 475 210 522 certatim
221 474 295 520 cuncti
305 473 392 529 dedere,
405 490 445 519 nec
459 473 552 522 invaluit
566 472 641 531 fames,
655 473 693 520 ubi
704 483 820 537 paupertas

55 542 159 605 opulenta
170 539 285 603 prevaluit.

82 685 116 726 De
129 682 231 724 membro
244 682 339 733 saponis
352 681 414 732 apud
427 682 584 723 alexandriam
597 693 664 724 verso
677 683 700 723 in
714 682 794 733 picem.
822 691 914 733 [a-uan]

100 769 150 852 In
168 791 372 856 heleemosynarum
389 792 486 852 datione,
497 793 620 840 animarum
636 791 731 849 lucrum,
746 792 821 855 potius

56 875 122 922 quam
139 858 209 905 carnis
225 857 357 916 subsidium,
368 858 509 922 requirebat3
526 869 549 905 et
563 875 609 904 non
625 875 685 905 unus
699 868 722 904 et
738 858 820 914 dando,

56 940 123 985 quarn
134 924 157 968 in
171 922 298 983 accipiendo
314 941 337 968 se
354 924 427 983 ipsum
443 923 538 984 ponebat
554 924 631 968 ceteris
647 924 670 967 in
686 923 819 983 exemplum.

57 988 114 1032 Cum
127 987 187 1033 enim
198 987 257 1047 apud
273 986 431 1033 Alexandriam
447 986 591 1044 Lombardie‚
608 985 703 1035 verbum
719 987 755 1033 dei
771 1002 821 1047 pre-

57 1050 176 1109 dicaturus,
199 1050 328 1108 accederet;
350 1061 372 1098 et
396 1068 408 1098 a
432 1052 529 1116 quodam
553 1050 610 1108 vir0,
635 1051 730 1098 timente
754 1051 821 1098 deum

56 1114 159 1178 fameque
190 1116 311 1173 laudabilis,
345 1118 427 1163 devote
461 1116 538 1163 fuisset
572 1127 686 1178 susceptus
717 1117 822 1178 hospitio,

57 1190 149 1242 rogatus
170 1180 196 1227 ab
218 1197 252 1239 eo,
275 1190 302 1226 ut
323 1191 413 1242 propter
434 1182 503 1227 sancti
519 1180 627 1243 evangelij
651 1180 821 1237 observantiam,

57 1244 84 1289 de
108 1245 170 1289 omni
196 1245 297 1305 apposito
323 1245 473 1301 manducaret,
501 1245 580 1290 annuit
606 1245 702 1306 benigne
728 1245 822 1306 hospitis

57 1307 176 1353 devotione
202 1308 310 1353 devictus.
359 1308 464 1354 Accurrit
486 1308 523 1354 ille
546 1307 640 1353 festinus
666 1319 688 1353 et
716 1326 822 1370 caponem

57 1383 185 1435 septennem
195 1373 295 1420 studiose
305 1373 391 1419 homini
402 1373 438 1421 dei
449 1384 551 1436 preparat
561 1373 750 1420 manducandum.

104 1438 198 1485 Sedente
225 1438 253 1484 ad
277 1456 376 1484 mensam
400 1455 523 1501 pauperum
547 1439 671 1500 patriarcha
691 1449 714 1484 et
740 1437 824 1485 familia

1 1498 2 1539 ἒ
58 1502 196 1557 iocundante,
215 1503 329 1563 externplo
348 1503 410 1547 adest
427 1504 454 1548 ad
476 1504 575 1547 hostium
596 1503 653 1547 filius
672 1502 744 1559 belial,
761 1504 823 1548 omni

58 1566 127 1627 gratia
142 1582 232 1629 pauper,
248 1583 324 1612 rerum
339 1576 519 1629 opportunarum
537 1566 644 1612 simulans
662 1576 823 1629 paupertatem.

1 1636 3 1659 ÷
60 1631 174 1691 Proponit,
187 1632 300 1693 sagaciter,
310 1648 409 1678 amorem
426 1632 461 1678 dei
472 1631 650 1693 heleemosynam
666 1632 791 1693 expetendo
801 1643 823 1678 et

58 1711 112 1741 voce
121 1696 264 1758 lacrymabili,
277 1707 369 1759 propter
379 1696 452 1753 deum,
465 1696 506 1742 sibi
517 1696 614 1758 postulat
624 1695 744 1742 subveniri.
778 1697 823 1742 Re-

1 1756 5 1808 Ῐ
59 1761 171 1820 cognoscit
181 1770 270 1806 sanctus
280 1778 363 1807 nomen
373 1777 439 1820 super
455 1761 530 1806 omnia
540 1761 681 1806 benedictum
697 1771 719 1806 et
735 1760 823 1807 dulcius

59 1821 99 1865 sibi
118 1823 195 1881 melle3
221 1823 345 1886 gratissime
366 1822 493 1869 membrum
510 1823 601 1885 suscipit
617 1823 663 1868 avis
682 1823 782 1886 apposite
799 1842 824 1870 ac

60 1887 110 1946 pani
127 1888 292 1949 superpositum
311 1889 396 1951 petenti
417 1888 546 1934 transmisit¹
590 1887 654 1939 Quid
672 1888 747 1949 plura?
780 1890 824 1936 Re-

1 1954 7 2000 3
60 1961 131 1997 servat
141 1952 219 1998 infelix
229 1952 307 1999 datum
318 1963 345 2000 ut
355 1962 431 1999 sancto
441 1952 523 1998 inferat
533 1950 684 2014 obprobrium.

1 2013 7 2081 Ξ
107 2015 134 2061 In
155 2016 277 2063 crastinum
304 2018 389 2078 populo
416 2027 559 2080 congregato,
581 2026 668 2061 sanctus
694 2033 756 2062 more
783 2034 824 2063 suo

60 2079 157 2138 predicat
183 2080 278 2127 verbum
306 2081 348 2129 dei.
396 2081 465 2127 Irruit
495 2080 569 2127 subito
595 2080 712 2126 sceleratus
739 2080 776 2126 ille
802 2091 825 2127 et

1 2134 8 2206 Ξ
61 2143 186 2191 membrum
209 2145 299 2208 caponis
325 2145 441 2192 ostendere
463 2145 542 2191 nititur
564 2145 626 2190 omni
648 2144 724 2207 plebi:
758 2145 844 2204 Ecce„

60 2209 144 2268 garrit:
170 2210 242 2275 qualis
262 2220 296 2256 est
322 2210 468 2257 Francischus
488 2211 536 2266 iste,
564 2210 603 2273 qui
629 2210 736 2271 predicat,
759 2227 825 2273 quem

1 2277 9 2292 ³
61 2271 174 2321 honoratis
200 2285 226 2321 ut
252 2285 371 2332 sanctum;
394 2275 469 2323 videte
497 2291 579 2332 carnes,
607 2290 661 2337 quas
687 2275 743 2320 mihi
768 2292 825 2332 sero,

137 2341 270 2396 comederet,
292 2340 361 2386 dedit.
406 2341 524 2402 Increpant
545 2339 609 2385 illum
631 2340 753 2400 pessimum
775 2341 825 2386 uni-

77 2402 118 2446 ersi
139 2413 161 2448 et
184 2404 250 2449 velud
273 2404 367 2449 demone
389 2403 481 2463 plenum
498 2420 575 2449 omnes
596 2402 733 2464 obiurgant;
758 2404 824 2464 piscis

72 2479 136 2511 evera
151 2466 256 2513 omnibus
267 2467 391 2530 apparebat,
403 2468 464 2531 quod
476 2467 588 2514 nitebatur
600 2465 637 2511 ille
648 2483 742 2512 asserere
753 2479 867 2518 mem-Fol.
879 2484 915 2529 15r⁰

76 2544 126 2576 rum
147 2531 195 2579 fore
220 2532 314 2594 caponis.
358 2532 419 2578 Nam
440 2542 463 2578 et
486 2535 532 2595 ipse
558 2532 632 2588 miser,
654 2532 823 2594 obstupefactus

85 2592 173 2655 iraculo,
196 2597 325 2660 compulsus
344 2607 377 2643 est
396 2598 496 2643 confiteri
518 2597 580 2660 quod
602 2597 667 2642 ceteri
689 2597 823 2655 fatebantur,

83 2660 159 2706 rubuit
175 2662 266 2708 tandem
282 2661 360 2707 infelix
376 2670 398 2706 et
414 2661 499 2709 facinus
516 2661 683 2724 deprehensum,
701 2663 824 2724 penitentia

77 2721 133 2779 iluit,
146 2742 221 2772 coram
238 2726 341 2772 omnibus
352 2726 440 2771 veniam
456 2726 578 2787 postulavit
589 2742 600 2770 a
616 2735 699 2784 sancto,
712 2743 823 2788 exponens

77 2801 127 2833 uarn
144 2789 222 2837 habuit
241 2791 368 2854 nephariam
389 2789 536 2837 voluntatem.
570 2789 674 2836 Redeunt
698 2807 773 2838 carnes
795 2792 822 2839 ad

73 2867 123 2897 uam
140 2856 242 2915 speeiem,
260 2867 379 2919 postquam
396 2856 463 2902 rediit
479 2855 627 2916 prevaricator
642 2856 670 2901 ad
686 2866 790 2904 mentem.
