1919 3169
256 117 456 167 TRACTATUS
473 119 646 166 SECUNDUS
801 135 830 182 ας

67 216 148 279 ingrati
169 217 246 280 gratie,
264 232 332 262 manu
354 224 437 260 armata
453 215 538 262 vicinos
557 214 669 277 impetitis,
690 216 790 262 occiditis
809 226 832 262 et

67 280 163 328 vastatis.
207 281 265 327 Dico
287 279 364 336 vobis;
387 295 433 324 non
454 279 593 344 relinquetur
615 278 720 336 inultum,
744 280 782 326 sed
804 281 831 327 ad

66 346 192 411 graviorem
211 346 352 408 punitionem
371 361 412 390 vos
430 343 482 392 facit
500 345 607 392 intestino
626 344 685 392 bello
704 345 760 393 deus
779 345 832 392 sub-

67 427 138 469 ruere,
156 411 186 457 ita
204 421 231 457 ut
249 426 307 456 unus
324 410 347 455 in
364 409 459 455 alterum
480 421 560 457 mutua
578 410 686 456 seditione
705 420 830 473 consurgat.

67 474 162 520 Docebit
178 475 308 536 indignatio,
327 474 379 535 quia
395 474 496 533 dignatio
512 490 557 519 non
574 475 686 519 instruxit.

114 538 169 584 Non
184 546 234 600 post
245 538 330 585 multos
341 537 387 584 dies
401 537 473 584 oritur
488 537 616 585 scandalum
632 537 690 585 inter
707 555 752 594 eos,
764 537 833 585 corri-

67 603 161 665 piuntur
172 618 232 648 arma
246 603 269 648 in
282 602 401 664 proximos,
415 603 504 648 seviunt
518 603 541 648 in
554 603 635 649 milites
652 602 785 665 populares;
802 613 830 658 et,

67 683 130 714 verso
146 666 228 730 gladio,
247 667 333 713 nobiles
349 667 373 712 in
390 666 504 729 plebeios;
522 667 601 714 ultima
618 678 680 714 tanta
696 668 832 714 immanitate

67 748 90 778 ac
107 731 284 839 ceqebcertatum
301 741 342 788 est,
356 733 418 795 quod
436 733 503 778 etiam
520 733 595 789 vicini,
607 748 665 794 quos
684 733 831 790 offenderant,

66 795 160 841 condoe
176 805 220 841 ant.

105 930 138 971 De
152 930 246 972 muliere
259 932 296 972 cui
309 932 408 982 predixit
421 933 493 973 virum
506 943 574 973 suurn
588 931 616 973 de
629 932 689 973 malo
702 932 792 973 bonum.
834 940 936 983 [n-xxer]

110 1015 178 1099 Illis
190 1048 270 1094 diebus
287 1064 339 1095 curn
352 1048 380 1095 ad
392 1047 469 1095 cellam
480 1048 509 1095 de
521 1059 614 1095 cortona
623 1049 658 1096 vir
672 1049 707 1095 dei
720 1048 831 1107 transiret,

66 1114 162 1176 quedam
179 1112 261 1160 nobilis
277 1113 358 1159 mulier
373 1112 401 1160 de
415 1124 492 1169 castro,
506 1115 567 1177 quod
584 1113 726 1160 volusianum
743 1113 830 1169 dicitur,

66 1179 108 1224 hoc
127 1177 210 1236 audito,
224 1177 314 1225 festinat
327 1179 354 1224 ad
366 1177 429 1224 illum
440 1189 463 1224 et
473 1178 541 1242 longo
558 1196 622 1226 cursu
639 1178 736 1241 fatigata,
749 1179 832 1242 quippe

66 1243 118 1305 quia
139 1242 231 1288 delicata
252 1253 299 1288 erat
323 1243 389 1287 nimis
413 1254 435 1288 et
458 1254 540 1301 tenera,
563 1245 653 1289 tandem
678 1244 780 1305 pervenit
804 1243 832 1288 ad

65 1316 182 1361 sanctum3
217 1308 281 1352 cuius
316 1308 463 1353 laxitudinem
500 1318 522 1353 et
554 1308 686 1353 interclusos
719 1308 831 1353 anhelitus

65 1372 189 1427 miseratus,
209 1382 270 1432 pater
294 1373 444 1417 sanctissimus
468 1372 524 1418 dixit
549 1373 577 1418 ad
601 1390 664 1418 eam:
691 1372 755 1431 Quid
781 1371 830 1429 tibi,

66 1434 162 1491 domina,
180 1434 281 1497 placeat?
316 1437 350 1481 At
367 1435 417 1483 illa:
442 1436 508 1482 Pater
526 1446 553 1482 ut
570 1436 625 1481 mihi
644 1435 766 1482 benedicas.
800 1436 831 1481 Et

66 1509 165 1545 sanctus:
184 1500 265 1561 Nupta
280 1516 308 1555 es,
323 1516 351 1545 an
367 1500 474 1562 innupta?
508 1501 633 1562 Respondit
649 1501 738 1546 dicens:
756 1501 828 1556 Pater,

66 1563 136 1609 habeo
153 1563 227 1611 virum
243 1563 309 1611 valde
327 1565 448 1623 crudelem,
466 1583 532 1629 quem
549 1565 699 1613 adversarium
719 1565 790 1627 patior
808 1565 831 1611 in

65 1629 156 1674 servitio
175 1629 223 1674 iesu
242 1630 332 1684 christi3
354 1640 377 1675 et
400 1631 440 1675 iste
462 1631 517 1675 mihi
539 1631 604 1676 dolor
625 1631 751 1691 precipuus
768 1631 831 1691 quod

66 1690 147 1737 bonam
166 1692 312 1748 voluntatem,
328 1709 397 1755 quam
416 1694 471 1738 mihi
489 1694 593 1740 dominus
612 1693 733 1754 inspiravit,
750 1693 831 1739 marito

66 1756 185 1818 prepeditc‚
199 1774 245 1803 non
262 1774 360 1822 exequor
375 1775 380 1804 t
403 1758 464 1804 unde
481 1775 557 1822 queso,
570 1770 650 1817 sancte,
664 1774 702 1804 ora
715 1774 757 1821 pro
774 1758 830 1821 ipso,

66 1831 92 1868 ut
110 1821 185 1869 divina
202 1823 354 1869 misericordia
370 1823 475 1869 humiliet
491 1840 529 1870 cor
546 1824 612 1870 illius.

113 1886 213 1933 Miratur
234 1898 296 1949 pater
314 1887 401 1934 virilem
422 1889 447 1936 in
465 1889 553 1943 femina,
574 1888 666 1935 senilem
688 1889 788 1933 animum
807 1889 830 1933 in

66 1949 151 2009 puella3
174 1960 196 1995 et
215 1952 297 2013 pietate
318 1954 439 2013 permodus
459 1954 505 1998 ait:
530 1953 593 1999 Vade
612 1952 656 1996 filia
674 1952 789 1997 benedicta
808 1962 830 1997 et

66 2012 118 2057 scias
129 2014 157 2059 de
168 2015 218 2060 viro
234 2025 276 2060 tuo
292 2016 467 2062 consolationem
483 2016 525 2062 tibi
542 2016 570 2062 de
582 2016 683 2078 proxime
699 2014 829 2061 affuturam.

0 2091 2 2108 ²
66 2075 98 2121 Et
121 2078 217 2126 adiecit:
245 2080 313 2126 Dices
334 2082 354 2127 ei
375 2097 402 2126 ex
424 2091 485 2143 parte
507 2082 542 2128 dei
565 2091 587 2128 et
608 2097 663 2138 mea,
686 2079 747 2143 quod
771 2097 830 2126 nunc

66 2150 98 2186 est
119 2152 208 2206 tempus
231 2144 312 2201 salutis,
335 2146 483 2208 postmodum
510 2145 619 2210 equitatis
672 2144 830 2191 Benedictione

65 2217 160 2265 accepta,
171 2210 290 2253 revertitur
303 2211 388 2264 mulier,
402 2211 488 2254 invenit
500 2212 582 2266 virum,
595 2210 712 2254 denuntiat
726 2209 829 2254 verbum.

66 2267 151 2317 Cecidit
161 2271 236 2319 subito
247 2289 314 2335 super
327 2290 379 2320 eum
394 2274 485 2335 spiritus
500 2285 588 2321 sanctus
604 2283 626 2320 et
642 2289 728 2320 novum
744 2273 829 2319 factum

65 2332 92 2378 de
103 2336 180 2394 veteri,
191 2354 243 2383 cum
254 2338 315 2383 omni
326 2339 498 2386 mansuetudine
511 2338 645 2402 respondere
661 2338 691 2383 sic
705 2336 770 2384 facit:
789 2338 830 2383 do-

65 2399 130 2455 mina,
141 2403 263 2449 serviamus
274 2404 367 2450 domino
381 2414 403 2450 et
416 2404 526 2451 salvemus
537 2405 619 2450 animas
631 2413 715 2449 nostras
726 2404 748 2448 in
760 2404 829 2449 domo

65 2473 146 2510 nostra.
180 2467 305 2529 Respondit
324 2484 396 2513 uxor:
419 2469 516 2515 Videtur
533 2469 588 2514 mihi
607 2467 743 2512 continentia
759 2467 828 2513 velud

64 2524 237 2577 fundamentum
259 2533 373 2594 quoddam
392 2534 416 2578 in
435 2535 507 2579 anima
525 2533 679 2579 collocandum
699 2541 721 2577 et
742 2531 828 2593 relique

1 2591 6 2637 J
65 2591 154 2639 tandem
167 2595 372 2656 superhedificande
382 2596 484 2644 virtutes.
516 2597 548 2644 Et
558 2597 605 2653 hoc,
619 2595 697 2659 inquid
708 2595 751 2652 ille,
764 2595 826 2654 mihi,

64 2653 121 2701 sicut
132 2669 154 2704 et
164 2658 213 2719 tibi,
224 2660 302 2723 placet.

1 2765 7 2772 ,,
111 2721 200 2770 Exinde
210 2725 314 2785 pluribus
324 2727 387 2771 annis
398 2726 490 2772 celibem
501 2728 571 2773 vitam
584 2735 679 2786 agentes,
692 2726 771 2771 eodem
782 2727 824 2780 die,

1 2783 5 2819 ἓ
65 2796 122 2853 unus
133 2787 271 2835 matutinum
282 2787 444 2846 holocaustum,
457 2789 511 2837 alter
522 2790 584 2855 quasi
597 2788 726 2835 sacrificium
738 2806 827 2852 vesper-

65 2854 144 2907 tinum,
156 2851 250 2900 feliciter
266 2855 416 2918 migraverint.
