1919 3169
134 142 176 185 118
316 138 513 184 TRACTATUS
531 138 704 185 SECUNDUS

132 254 196 282 causa
225 236 284 281 foret
320 247 342 281 et
370 237 426 282 mire
455 237 608 283 conversionis
622 250 624 252 ·
637 237 694 282 mira
722 238 807 283 sanatio
833 236 897 284 testis

132 310 194 347 esset.
495 324 497 326 ·

180 365 208 410 In
224 363 338 427 provintia
354 363 450 410 Reatina
465 364 533 426 pestis
548 363 672 410 invaluerat
683 363 749 410 valde
760 364 842 427 gravis,
854 380 898 427 que

132 430 201 476 boves
221 445 298 475 omnes
315 429 344 474 sic
363 429 482 475 crudeliter
501 429 646 475 consumebat
665 439 691 475 ut
713 429 753 474 bos
775 429 798 474 in
817 445 842 475 ea
861 430 899 474 vix

132 494 212 556 aliquis
229 503 360 541 remaneret.
394 494 450 539 Viro
468 494 557 540 cuidam
575 494 665 541 timenti
684 494 761 541 Deum
780 503 845 540 nocte
860 510 899 556 per

133 559 243 604 visionem
270 558 370 602 innotuit
396 568 422 603 ut
449 559 477 603 ad
504 559 620 603 heremum
645 558 741 604 fratrum
768 557 899 604 festinanter

133 623 246 668 accederet
263 631 286 667 et
303 620 402 668 loturam
420 638 527 668 manuum
545 622 581 667 vel
599 621 683 684 pedum
702 621 760 667 beati
780 622 899 679 Francisci,

134 687 173 750 qui
189 697 245 733 tunc
261 686 370 748 temporis
383 686 513 732 morabatur
524 685 616 742 ibidem,
627 686 735 749 accipiens
745 702 824 732 omnes
835 688 864 732 de
874 703 900 732 ea

134 752 203 798 boves
219 761 352 813 aspergeret.
387 752 457 797 Mane
473 767 567 813 surgens
583 752 653 797 homo
669 751 714 809 ille,
733 752 819 814 proprii
839 768 900 797 com-

134 816 197 860 modi
213 816 266 861 satis
281 815 361 859 anxius
376 816 439 860 venit
455 816 483 860 ad
500 815 584 869 locum,
596 825 625 870 et,
637 816 754 878 ignorante
765 826 848 871 sancto,
861 832 900 876 per

134 879 215 926 fratres
231 879 285 925 alios
302 879 384 926 dictam
401 880 499 924 loturam
511 877 636 941 subripuit,
655 895 723 943 quam
740 895 807 940 super
823 895 901 925 omnes

135 945 203 992 boves
220 944 282 991 iuxta
299 944 431 991 mandatum
449 945 476 990 ad
495 961 518 989 se
529 943 614 990 factum
626 944 725 1006 aspersit.
760 945 862 991 Cessavit
873 943 901 991 ab

134 1010 171 1056 illa
188 1010 244 1056 hora
261 1009 305 1056 Dei
322 1010 394 1071 gratia
408 1009 514 1071 pestilens
529 1009 627 1067 morbus,
639 1026 679 1056 nec
690 1008 748 1055 ultra
760 1010 782 1055 in
793 1009 901 1056 terrailla

133 1074 251 1137 prevaluit.

182 1140 226 1184 Per
251 1137 350 1184 diversas
376 1136 479 1200 regiones
505 1138 642 1198 populorum
665 1138 791 1184 multorum
813 1137 901 1185 fervens

45 1204 227 1260 Fol.45'⁰devotio
249 1213 325 1250 sancto
347 1202 464 1248 Francisco
491 1219 559 1265 panes
580 1213 603 1248 et
624 1219 659 1249 res
680 1201 852 1249 commestibiles
873 1203 901 1250 ad

135 1268 314 1315 benedicendum
331 1267 406 1329 sepius
425 1267 555 1313 offerebant.
597 1268 690 1328 Quibus
708 1269 779 1330 longo
798 1279 901 1330 tempore

135 1334 213 1378 divino
229 1348 322 1377 munere
338 1332 385 1375 sine
402 1332 545 1392 corruptione
561 1330 634 1392 aliqua
644 1334 770 1388 reservatis,
782 1333 809 1378 ad
821 1349 900 1378 eorum

135 1407 229 1460 gustum
247 1405 342 1457 corpora
359 1393 463 1441 morbida
481 1394 621 1441 sanabantur.
661 1395 721 1441 Nam
739 1406 761 1441 et
780 1394 901 1458 probatum

136 1472 170 1507 est
181 1462 305 1524 pervalidas
316 1461 471 1506 tonitruorum
482 1470 504 1505 et
515 1460 652 1522 grandinum
665 1471 808 1523 tempestates
819 1462 900 1507 horum

136 1527 221 1573 virtute
232 1525 316 1588 repelli.
350 1525 436 1571 Revera
447 1524 608 1570 nonnullorum
620 1526 755 1587 experientia
762 1536 901 1588 protestatur

138 1592 233 1654 qualiter
244 1607 283 1652 per
295 1589 394 1644 cordam,
405 1606 448 1651 qua
459 1589 589 1650 cingebatur
600 1589 654 1650 ipse,
666 1601 689 1636 et
700 1591 806 1651 pectiolas
816 1590 844 1636 ab
854 1591 902 1636 eius

137 1656 275 1701 vestimentis
293 1654 391 1699 dissutas
408 1652 546 1714 fugabantur
564 1653 645 1711 morbi,
663 1653 779 1716 fugiebant
794 1653 867 1700 febres
879 1665 903 1700 et

136 1721 177 1767 diu
194 1720 268 1782 cupita
284 1716 371 1765 redibat
384 1716 449 1764 salus
483 1718 542 1764 Cum
554 1718 614 1764 enim
625 1718 661 1765 die
672 1718 796 1765 nativitatis
807 1720 901 1766 Domini

136 1785 164 1831 de
181 1786 231 1846 ipso
248 1783 420 1830 Bethleemitico
436 1799 508 1844 puero
525 1783 620 1845 presepii
635 1784 767 1830 memoriam
783 1784 903 1830 celebraret

137 1859 161 1893 et
176 1848 280 1893 universa
297 1848 351 1891 olim
362 1846 419 1892 circa
430 1861 526 1906 puerum
538 1848 628 1892 Ihesum
640 1848 696 1892 facta
708 1848 806 1893 colludia
816 1850 903 1894 mistice

137 1913 234 1969 iteraret,
243 1912 302 1957 inter
313 1909 378 1971 plura
389 1910 500 1971 magnalia
511 1927 554 1974 que
566 1909 650 1957 ibidem
661 1927 673 1955 a
683 1911 734 1957 Deo
745 1922 798 1958 sunt
809 1922 903 1970 ostensa,

136 1977 216 2025 fenum
243 1978 271 2024 de
298 1976 399 2038 presepio
423 1974 462 2021 illo
483 1975 597 2021 sublatum
619 1993 686 2040 quam
708 1976 787 2023 multis
808 1975 854 2023 fuit
875 1978 903 2024 ad

137 2042 263 2089 remedium
284 2041 392 2097 sanitatis,
414 2041 510 2086 maxime
536 2056 587 2087 cum
612 2041 744 2089 difficultate
765 2042 904 2104 parientibus

137 2107 226 2152 feminis
256 2115 279 2151 et
308 2105 443 2166 contagiosis
470 2105 603 2150 animalibus
630 2106 748 2151 universis.
793 2106 848 2151 Hiis
875 2108 903 2152 de

138 2171 243 2218 creaturis
270 2168 434 2216 insensibilibus
461 2168 581 2230 prelibatis,
609 2185 681 2230 pauca
710 2170 738 2216 de
765 2170 903 2218 sensibilium

138 2237 264 2283 obedientia
280 2234 410 2281 inferamus.

80 2389 133 2433 [πῃ]
182 2380 216 2421 De
230 2378 329 2420 dominio
342 2376 403 2426 quod
416 2377 496 2418 habuit
509 2387 579 2427 super
594 2377 738 2419 sensibilibus
752 2380 868 2420 creaturis.

179 2466 349 2555 ‘Ritebantur
374 2493 421 2555 ipse
448 2502 548 2539 creature
575 2493 656 2538 amoris
683 2494 755 2539 vicem
782 2494 905 2557 rependere

139 2572 216 2608 sancto
228 2560 349 2607 Francisco
361 2568 383 2603 et
394 2558 531 2619 gratitudine
547 2574 587 2603 sua
602 2574 645 2619 pro
662 2559 746 2604 meritis
763 2561 903 2620 respondere.

141 2627 250 2679 Quodam
265 2635 367 2684 ternpore
384 2639 434 2668 curn
451 2623 572 2669 transitum
588 2621 669 2669 faceret
686 2639 725 2684 per
736 2623 816 2671 vallem
828 2625 906 2687 Spole-

140 2702 214 2737 tanam
226 2705 295 2753 prope
307 2687 430 2732 Bevanium
442 2686 470 2732 ad
481 2686 593 2750 quendam
604 2687 680 2732 locum
696 2688 811 2749 applicuit,
822 2689 846 2734 in
859 2706 906 2750 quo

140 2755 224 2803 diversi
234 2752 322 2817 generis
334 2751 409 2798 avium
421 2751 516 2798 maxima
528 2750 654 2798 multitudo
667 2763 808 2800 convenerat.
843 2753 907 2805 Quas

99 2847 103 2851 v
140 2837 193 2868 cum
211 2829 301 2866 sanctus
320 2817 365 2863 Dei
382 2816 480 2873 vidisset,
492 2815 521 2862 ob
534 2818 666 2877 precipuum
684 2817 796 2864 Creatoris
807 2834 906 2865 amorem

141 2903 187 2948 quo
204 2899 281 2930 omnes
301 2892 410 2928 creaturas
429 2880 523 2939 amabat,
536 2881 637 2929 alacriter
656 2884 756 2929 cucurrit
775 2884 803 2930 ad
822 2882 904 2940 locum,
