1919 3169
142 70 186 122 174
322 55 522 109 TRACTATUS
537 56 713 111 SECUNDUs

139 159 217 219 capite,
226 159 290 205 nullo
300 169 388 220 poterat
397 161 536 206 medicorum
547 159 631 205 auxilio
641 160 751 218 adiuvari,
760 163 813 223 quia
823 163 905 223 sagitta

137 239 175 285 per
187 223 246 269 oculi
258 239 345 286 capsam
362 224 456 271 intrarat
467 234 489 270 et
501 224 525 270 in
538 225 609 287 capite
625 236 760 272 remanserat
777 226 903 273 interclusa.

138 287 199 340 Qui
209 289 330 335 devotione
351 289 447 351 supplici
469 289 534 336 beato
553 290 671 336 Francisco
690 307 712 335 se
732 307 825 350 vovens,
847 292 904 338 dum

139 352 305 425 aliquantulum
317 354 448 427 quiesceret
453 364 476 401 et
491 354 600 402 dormiret
602 356 707 411 ,audivit
725 354 816 403 beatum
834 357 905 404 Fran-

138 416 223 464 ciscum
245 417 287 463 sibi
309 418 448 464 dicentem
443 435 466 464 m
488 421 596 493 sompnis,
616 421 677 483 quod
696 435 736 481 per
755 422 903 495 posteriorem

139 491 226 543 partem
248 482 327 544 capitis
348 482 430 529 faceret
452 484 509 529 trahi
531 485 644 546 sagittam.
678 485 766 547 Sitque,
789 496 859 547 prout
881 487 904 532 111

137 549 238 609 sompnis
259 547 367 606 audierat,
390 547 473 595 faciens
500 547 537 595 die
564 549 676 612 sequenti,
698 549 746 596 sine
770 549 903 598 difficultate
957 552 958 593 Ῑ

138 628 220 675 magna
236 613 324 661 exstitit
339 613 453 661 liberatus.
957 610 958 616 ¹

79 767 133 810 [XIX]
220 764 307 806 Finalis
320 764 435 807 conclusio
449 765 608 807 miraculorum
622 763 682 808 beati
697 764 820 808 Francisci.

185 848 267 939 Qum
286 882 357 946 igitur
379 883 487 928 immensa
508 881 592 930 Christi
615 883 658 928 Dei
677 883 747 946 pietas
765 899 791 928 ea
809 900 854 947 que
876 884 904 930 de

137 958 212 994 sancto
221 963 266 994 suo
277 957 300 991 et
310 957 374 1007 patre
386 958 463 993 nostro
474 949 556 1008 scripta
566 958 619 992 sunt
628 958 650 993 et
659 949 752 1008 vulgata
759 947 904 1010 sequentibus

137 1012 207 1076 signis
229 1027 280 1056 vera
302 1027 348 1056 esse
370 1010 487 1057 confirmet
508 1020 531 1057 et
552 1011 675 1058 absurdum
697 1011 778 1056 merito
800 1012 904 1058 videatur

137 1078 237 1123 humano
254 1075 366 1122 subiacere
379 1075 463 1122 iudicio
475 1076 538 1139 quod
549 1075 628 1123 divino
638 1075 748 1123 miraculo
759 1075 904 1139 approbatur,
954 1095 955 1099 ¹

136 1158 194 1204 rogo
213 1140 318 1202 supplex
327 1157 371 1203 ego
389 1151 412 1186 et
430 1141 523 1187 humilis
541 1142 595 1187 dicti
614 1141 684 1202 patris
702 1141 762 1187 filius
780 1142 904 1198 1111111101,
952 1143 955 1188 l

137 1207 245 1267 quatinus
266 1221 291 1249 ea
313 1206 431 1267 dignanter
452 1206 572 1266 suscipiant
593 1215 616 1250 et
638 1216 766 1250 reverenter
787 1206 903 1252 ascultent.

137 1269 191 1321 Que
206 1270 261 1317 licet
279 1269 354 1314 minus
371 1268 441 1331 digne
457 1269 503 1315 sint
521 1270 584 1324 dicta,
605 1269 628 1315 in
646 1285 669 1316 se
684 1279 759 1315 tamen
774 1268 904 1332 dignissima

137 1335 198 1381 omni
225 1343 279 1381 sunt
305 1333 449 1380 veneratione
476 1332 575 1382 colenda.
619 1334 674 1381 Non
700 1333 760 1379 enim
782 1334 904 1396 despiciant
955 1360 956 1363 =

136 1400 272 1463 imperitiam
291 1398 414 1457 referentis,
434 1400 472 1445 sed
492 1399 566 1455 fidem,
584 1399 623 1445 sed
639 1399 741 1447 studium
758 1398 905 1456 considerent,

136 1466 176 1510 sed
197 1465 303 1511 laborem.
349 1465 405 1510 Non
427 1481 548 1525 possumus
569 1464 651 1511 cotidie
672 1481 732 1511 nova
753 1464 842 1521 cudere,
865 1481 906 1511 nec

137 1529 242 1577 rotundis
269 1527 379 1601 quadrata
406 1538 501 1587 mutare,
528 1544 574 1574 non
601 1528 705 1574 omnium
734 1538 862 1589 temporum
884 1539 906 1574 et
952 1534 954 1536 ’

137 1593 283 1642 voluntatum
307 1593 480 1640 varietatibust
471 1603 517 1641 tam
539 1593 702 1657 multiplicibus
728 1593 820 1657 quod
814 1610 838 1639 111
860 1610 906 1640 uno
948 1602 949 1605 ’

137 1661 272 1734 accepimus
279 1659 395 1720 applicare.
439 1659 537 1704 Minime
555 1659 583 1705 ad
601 1659 640 1705 hec
657 1658 774 1705 scribenda
791 1675 833 1705 nos
849 1659 906 1705 vitio
949 1682 953 1712 j

137 1726 241 1771 vanitatis
267 1723 407 1831 ingessimus,
435 1739 475 1769 nec
503 1723 526 1769 in
554 1733 614 1769 tanta
641 1723 771 1770 diversitate
792 1723 905 1769 dictorum

136 1788 228 1852 proprie
248 1787 374 1832 voluntatis
392 1787 528 1833 instiinctu
521 1787 689 1841 immersimus3
716 1787 755 1832 sed
777 1788 906 1858 rogantium

136 1853 233 1900 fratrum
246 1852 341 1898 extorsit
354 1851 412 1897 hec
408 1852 569 1914 importunitas
580 1861 602 1897 et
613 1861 744 1897 nostrorum
755 1850 848 1913 perfici
842 1850 906 1896 1111111

138 1919 257 1966 auctoritas
267 1918 338 1979 prelat
340 1933 414 1963 orum.
447 1916 530 1963 Arnen.

278 2046 354 2088 Finito
366 2045 423 2088 libro
436 2046 467 2088 sit
480 2045 531 2088 laus
544 2048 568 2087 et
581 2045 654 2097 gloria
667 2044 766 2088 Christo.
