<?xml version="1.0" encoding="UTF-8"?>
<!DOCTYPE html PUBLIC "-//W3C//DTD XHTML 1.0 Transitional//EN"
    "http://www.w3.org/TR/xhtml1/DTD/xhtml1-transitional.dtd">
<html xmlns="http://www.w3.org/1999/xhtml" xml:lang="en" lang="en">
 <head>
  <title>
</title>
<meta http-equiv="Content-Type" content="text/html;charset=utf-8" />
  <meta name='ocr-system' content='tesseract 3.04.00' />
  <meta name='ocr-capabilities' content='ocr_page ocr_carea ocr_par ocr_line ocrx_word'/>
</head>
<body>
  <div class='ocr_page' id='page_1' title='image "./MN5146ucmf_4_0339.png"; bbox 0 0 1919 3169; ppageno 0'>
   <div class='ocr_carea' id='block_1_1' title="bbox 250 79 825 129">
    <p class='ocr_par' dir='ltr' id='par_1_1' title="bbox 250 79 825 129">
     <span class='ocr_line' id='line_1_1' title="bbox 250 79 825 129; baseline 0.005 -4"><span class='ocrx_word' id='word_1_1' title='bbox 250 79 449 129; x_wconf 85' lang='lat' dir='ltr'><strong>TRACTATUS</strong></span> <span class='ocrx_word' id='word_1_2' title='bbox 469 80 643 127; x_wconf 89' lang='lat' dir='ltr'>SECUNDUS</span> <span class='ocrx_word' id='word_1_3' title='bbox 797 86 825 128; x_wconf 87' lang='lat'><strong>61</strong></span> 
     </span>
    </p>
   </div>
   <div class='ocr_carea' id='block_1_2' title="bbox 65 174 831 496">
    <p class='ocr_par' dir='ltr' id='par_1_2' title="bbox 65 174 831 496">
     <span class='ocr_line' id='line_1_2' title="bbox 65 174 829 238; baseline 0 -18"><span class='ocrx_word' id='word_1_4' title='bbox 65 174 175 220; x_wconf 83' lang='lat' dir='ltr'>transibit.</span> <span class='ocrx_word' id='word_1_5' title='bbox 219 177 344 237; x_wconf 87' lang='lat' dir='ltr'>Respondit</span> <span class='ocrx_word' id='word_1_6' title='bbox 370 186 474 222; x_wconf 87' lang='lat' dir='ltr'><strong>sanctus:</strong></span> <span class='ocrx_word' id='word_1_7' title='bbox 501 177 607 231; x_wconf 82' lang='lat' dir='ltr'><strong>Domine,</strong></span> <span class='ocrx_word' id='word_1_8' title='bbox 631 176 682 238; x_wconf 90' lang='lat' dir='ltr'><strong>quis</strong></span> <span class='ocrx_word' id='word_1_9' title='bbox 702 186 744 221; x_wconf 89' lang='lat' dir='ltr'><strong>est·</strong></span> <span class='ocrx_word' id='word_1_10' title='bbox 757 179 829 231; x_wconf 81' lang='lat' dir='ltr'><strong>moos,</strong></span> 
     </span>
     <span class='ocr_line' id='line_1_3' title="bbox 66 238 830 303; baseline 0 -19"><span class='ocrx_word' id='word_1_11' title='bbox 66 256 134 302; x_wconf 90' lang='lat' dir='ltr'><strong>quem</strong></span> <span class='ocrx_word' id='word_1_12' title='bbox 154 238 221 287; x_wconf 81' lang='lat' dir='ltr'><strong>velim</strong></span> <span class='ocrx_word' id='word_1_13' title='bbox 240 241 287 303; x_wconf 87' lang='lat' dir='ltr'><strong>ipse</strong></span> <span class='ocrx_word' id='word_1_14' title='bbox 308 239 442 287; x_wconf 84' lang='lat' dir='ltr'><strong>transferre?</strong></span> <span class='ocrx_word' id='word_1_15' title='bbox 475 241 506 287; x_wconf 88' lang='lat' dir='ltr'><strong>Et</strong></span> <span class='ocrx_word' id='word_1_16' title='bbox 528 241 608 286; x_wconf 84' lang='lat' dir='ltr'><strong>iterato</strong></span> <span class='ocrx_word' id='word_1_17' title='bbox 631 239 733 285; x_wconf 86' lang='lat' dir='ltr'><strong>audivit:</strong></span> <span class='ocrx_word' id='word_1_18' title='bbox 759 240 830 285; x_wconf 85' lang='lat' dir='ltr'><strong>Mons</strong></span> 
     </span>
     <span class='ocr_line' id='line_1_4' title="bbox 66 304 830 370; baseline 0.001 -21"><span class='ocrx_word' id='word_1_19' title='bbox 66 314 99 349; x_wconf 90' lang='lat' dir='ltr'><strong>est</strong></span> <span class='ocrx_word' id='word_1_20' title='bbox 115 306 233 367; x_wconf 87' lang='lat' dir='ltr'><strong>temptatio</strong></span> <span class='ocrx_word' id='word_1_21' title='bbox 250 317 294 353; x_wconf 91' lang='lat' dir='ltr'><strong>tua.</strong></span> <span class='ocrx_word' id='word_1_22' title='bbox 330 307 361 353; x_wconf 89' lang='lat' dir='ltr'><strong>Et</strong></span> <span class='ocrx_word' id='word_1_23' title='bbox 378 306 424 368; x_wconf 85' lang='lat' dir='ltr'><strong>ipse</strong></span> <span class='ocrx_word' id='word_1_24' title='bbox 440 306 580 370; x_wconf 87' lang='lat' dir='ltr'><strong>illacrymans</strong></span> <span class='ocrx_word' id='word_1_25' title='bbox 596 306 669 353; x_wconf 81' lang='lat' dir='ltr'><strong>dixit:</strong></span> <span class='ocrx_word' id='word_1_26' title='bbox 688 305 738 351; x_wconf 85' lang='lat' dir='ltr'><strong>Fiat</strong></span> <span class='ocrx_word' id='word_1_27' title='bbox 754 304 830 362; x_wconf 88' lang='lat' dir='ltr'><strong>michi,</strong></span> 
     </span>
     <span class='ocr_line' id='line_1_5' title="bbox 65 370 831 433; baseline 0.003 -19"><span class='ocrx_word' id='word_1_28' title='bbox 65 371 124 421; x_wconf 88' lang='lat' dir='ltr'><strong>sicut</strong></span> <span class='ocrx_word' id='word_1_29' title='bbox 146 371 229 417; x_wconf 79' lang='lat' dir='ltr'><strong>dixisti.</strong></span> <span class='ocrx_word' id='word_1_30' title='bbox 272 372 352 417; x_wconf 83' lang='lat' dir='ltr'><strong>Statim</strong></span> <span class='ocrx_word' id='word_1_31' title='bbox 379 371 441 417; x_wconf 90' lang='lat' dir='ltr'><strong>omni</strong></span> <span class='ocrx_word' id='word_1_32' title='bbox 468 374 614 433; x_wconf 79' lang='lat' dir='ltr'><strong>temptatione</strong></span> <span class='ocrx_word' id='word_1_33' title='bbox 641 371 753 432; x_wconf 88' lang='lat' dir='ltr'><strong>propulsa,</strong></span> <span class='ocrx_word' id='word_1_34' title='bbox 775 370 831 417; x_wconf 88' lang='lat' dir='ltr'><strong>liber</strong></span> 
     </span>
     <span class='ocr_line' id='line_1_6' title="bbox 67 433 601 496; baseline 0.006 -19"><span class='ocrx_word' id='word_1_35' title='bbox 67 433 162 478; x_wconf 85' lang='lat' dir='ltr'><strong>efficitur</strong></span> <span class='ocrx_word' id='word_1_36' title='bbox 179 445 201 479; x_wconf 86' lang='lat' dir='ltr'><strong>et</strong></span> <span class='ocrx_word' id='word_1_37' title='bbox 218 435 317 480; x_wconf 85' lang='lat' dir='ltr'><strong>totaliter</strong></span> <span class='ocrx_word' id='word_1_38' title='bbox 336 436 360 479; x_wconf 89' lang='lat' dir='ltr'><strong>in</strong></span> <span class='ocrx_word' id='word_1_39' title='bbox 379 435 464 480; x_wconf 88' lang='lat' dir='ltr'><strong>intimis</strong></span> <span class='ocrx_word' id='word_1_40' title='bbox 480 437 601 496; x_wconf 80' lang='lat' dir='ltr'><strong>quietatur.</strong></span> 
     </span>
    </p>
   </div>
   <div class='ocr_carea' id='block_1_3' title="bbox 68 556 935 696">
    <p class='ocr_par' dir='ltr' id='par_1_3' title="bbox 68 556 935 696">
     <span class='ocr_line' id='line_1_7' title="bbox 106 556 935 647; baseline 0.002 -14"><span class='ocrx_word' id='word_1_41' title='bbox 106 591 225 644; x_wconf 85' lang='lat' dir='ltr'><strong>Quomodo</strong></span> <span class='ocrx_word' id='word_1_42' title='bbox 243 591 352 643; x_wconf 86' lang='lat' dir='ltr'><strong>dyabolus</strong></span> <span class='ocrx_word' id='word_1_43' title='bbox 367 605 452 635; x_wconf 85' lang='lat' dir='ltr'><strong>vocans</strong></span> <span class='ocrx_word' id='word_1_44' title='bbox 470 604 522 635; x_wconf 88' lang='lat' dir='ltr'><strong>eum</strong></span> <span class='ocrx_word' id='word_1_45' title='bbox 541 594 569 636; x_wconf 86' lang='lat' dir='ltr'><strong>de</strong></span> <span class='ocrx_word' id='word_1_46' title='bbox 586 593 677 636; x_wconf 83' lang='lat' dir='ltr'><strong>luxuria</strong></span> <span class='ocrx_word' id='word_1_47' title='bbox 695 556 791 636; x_wconf 80' lang='lat' dir='ltr'><strong>tentavlt</strong></span> <span class='ocrx_word' id='word_1_48' title='bbox 809 597 865 645; x_wconf 72' lang='grc'><strong>11111</strong></span> <span class='ocrx_word' id='word_1_49' title='bbox 860 606 935 647; x_wconf 82' lang='lat' dir='ltr'><strong>xcer]</strong></span> 
     </span>
     <span class='ocr_line' id='line_1_8' title="bbox 68 645 408 696; baseline 0 -10"><span class='ocrx_word' id='word_1_50' title='bbox 68 646 139 696; x_wconf 85' lang='lat' dir='ltr'><strong>qualit</strong></span> <span class='ocrx_word' id='word_1_51' title='bbox 141 656 165 686; x_wconf 90' lang='lat' dir='ltr'><strong>er</strong></span> <span class='ocrx_word' id='word_1_52' title='bbox 178 648 273 687; x_wconf 87' lang='lat' dir='ltr'><strong>sanctus</strong></span> <span class='ocrx_word' id='word_1_53' title='bbox 286 645 408 696; x_wconf 83' lang='lat' dir='ltr'><strong>superavit.</strong></span> 
     </span>
    </p>
   </div>
   <div class='ocr_carea' id='block_1_4' title="bbox 68 723 927 2879">
    <p class='ocr_par' dir='ltr' id='par_1_4' title="bbox 68 723 838 2168">
     <span class='ocr_line' id='line_1_9' title="bbox 114 723 832 811; baseline 0.004 -20"><span class='ocrx_word' id='word_1_54' title='bbox 114 723 164 805; x_wconf 70' lang='lat' dir='ltr'><strong>In</strong></span> <span class='ocrx_word' id='word_1_55' title='bbox 185 749 276 792; x_wconf 90' lang='lat' dir='ltr'><strong>heremo</strong></span> <span class='ocrx_word' id='word_1_56' title='bbox 297 748 393 793; x_wconf 84' lang='lat' dir='ltr'><strong>fratrum</strong></span> <span class='ocrx_word' id='word_1_57' title='bbox 415 749 442 793; x_wconf 85' lang='lat' dir='ltr'><strong>de</strong></span> <span class='ocrx_word' id='word_1_58' title='bbox 467 749 566 794; x_wconf 88' lang='lat' dir='ltr'><strong>Satriano</strong></span> <span class='ocrx_word' id='word_1_59' title='bbox 588 749 700 810; x_wconf 84' lang='lat' dir='ltr'><strong>malignus</strong></span> <span class='ocrx_word' id='word_1_60' title='bbox 726 748 769 803; x_wconf 90' lang='lat' dir='ltr'><strong>ille,</strong></span> <span class='ocrx_word' id='word_1_61' title='bbox 792 749 832 811; x_wconf 89' lang='lat' dir='ltr'><strong>qui</strong></span> 
     </span>
     <span class='ocr_line' id='line_1_10' title="bbox 68 811 833 877; baseline -0.003 -17"><span class='ocrx_word' id='word_1_62' title='bbox 68 829 154 875; x_wconf 87' lang='lat' dir='ltr'><strong>semper</strong></span> <span class='ocrx_word' id='word_1_63' title='bbox 170 811 308 874; x_wconf 84' lang='lat' dir='ltr'><strong>profectibus</strong></span> <span class='ocrx_word' id='word_1_64' title='bbox 325 813 412 860; x_wconf 88' lang='lat' dir='ltr'><strong>invidet</strong></span> <span class='ocrx_word' id='word_1_65' title='bbox 428 812 526 859; x_wconf 90' lang='lat' dir='ltr'><strong>filiorum</strong></span> <span class='ocrx_word' id='word_1_66' title='bbox 543 814 586 871; x_wconf 85' lang='lat' dir='ltr'><strong>dei,</strong></span> <span class='ocrx_word' id='word_1_67' title='bbox 597 813 640 859; x_wconf 89' lang='lat' dir='ltr'><strong>tale</strong></span> <span class='ocrx_word' id='word_1_68' title='bbox 656 813 765 877; x_wconf 85' lang='lat' dir='ltr'><strong>quiddam</strong></span> <span class='ocrx_word' id='word_1_69' title='bbox 781 830 833 877; x_wconf 89' lang='lat' dir='ltr'><strong>erga</strong></span> 
     </span>
     <span class='ocr_line' id='line_1_11' title="bbox 69 877 833 943; baseline 0 -18"><span class='ocrx_word' id='word_1_70' title='bbox 69 890 171 925; x_wconf 87' lang='lat' dir='ltr'><strong>sanctum</strong></span> <span class='ocrx_word' id='word_1_71' title='bbox 180 878 215 924; x_wconf 86' lang='lat' dir='ltr'><strong>dei</strong></span> <span class='ocrx_word' id='word_1_72' title='bbox 223 879 366 941; x_wconf 86' lang='lat' dir='ltr'><strong>presumpsit.</strong></span> <span class='ocrx_word' id='word_1_73' title='bbox 394 877 478 925; x_wconf 85' lang='lat' dir='ltr'><strong>Videns</strong></span> <span class='ocrx_word' id='word_1_74' title='bbox 490 896 586 943; x_wconf 89' lang='lat' dir='ltr'><strong>namque</strong></span> <span class='ocrx_word' id='word_1_75' title='bbox 594 888 695 925; x_wconf 89' lang='lat' dir='ltr'><strong>sanctum</strong></span> <span class='ocrx_word' id='word_1_76' title='bbox 703 879 833 926; x_wconf 86' lang='lat' dir='ltr'><strong>sanctificari</strong></span> 
     </span>
     <span class='ocr_line' id='line_1_12' title="bbox 68 944 833 1004; baseline 0.001 -15"><span class='ocrx_word' id='word_1_77' title='bbox 68 944 148 998; x_wconf 90' lang='lat' dir='ltr'><strong>adhuc,</strong></span> <span class='ocrx_word' id='word_1_78' title='bbox 168 960 208 989; x_wconf 91' lang='lat' dir='ltr'><strong>nec</strong></span> <span class='ocrx_word' id='word_1_79' title='bbox 227 960 268 1004; x_wconf 90' lang='lat' dir='ltr'><strong>pro</strong></span> <span class='ocrx_word' id='word_1_80' title='bbox 287 945 391 990; x_wconf 88' lang='lat' dir='ltr'><strong>hesterno</strong></span> <span class='ocrx_word' id='word_1_81' title='bbox 410 944 544 990; x_wconf 91' lang='lat' dir='ltr'><strong>hodiernum</strong></span> <span class='ocrx_word' id='word_1_82' title='bbox 566 944 715 990; x_wconf 75' lang='lat' dir='ltr'><strong>intermittere</strong></span> <span class='ocrx_word' id='word_1_83' title='bbox 736 946 833 1000; x_wconf 89' lang='lat' dir='ltr'><strong>lucrum,</strong></span> 
     </span>
     <span class='ocr_line' id='line_1_13' title="bbox 69 1008 834 1069; baseline 0 -16"><span class='ocrx_word' id='word_1_84' title='bbox 69 1023 121 1053; x_wconf 84' lang='lat' dir='ltr'><strong>curn</strong></span> <span class='ocrx_word' id='word_1_85' title='bbox 133 1018 198 1052; x_wconf 86' lang='lat' dir='ltr'><strong>nocte</strong></span> <span class='ocrx_word' id='word_1_86' title='bbox 209 1008 307 1069; x_wconf 89' lang='lat' dir='ltr'><strong>quadam</strong></span> <span class='ocrx_word' id='word_1_87' title='bbox 318 1008 346 1053; x_wconf 86' lang='lat' dir='ltr'><strong>ad</strong></span> <span class='ocrx_word' id='word_1_88' title='bbox 357 1008 480 1052; x_wconf 91' lang='lat' dir='ltr'><strong>orationem</strong></span> <span class='ocrx_word' id='word_1_89' title='bbox 491 1019 578 1054; x_wconf 89' lang='lat' dir='ltr'><strong>vacaret</strong></span> <span class='ocrx_word' id='word_1_90' title='bbox 589 1009 613 1052; x_wconf 90' lang='lat' dir='ltr'><strong>in</strong></span> <span class='ocrx_word' id='word_1_91' title='bbox 624 1008 733 1064; x_wconf 90' lang='lat' dir='ltr'><strong>cellulam,</strong></span> <span class='ocrx_word' id='word_1_92' title='bbox 747 1008 834 1053; x_wconf 88' lang='lat' dir='ltr'><strong>vocavit</strong></span> 
     </span>
     <span class='ocr_line' id='line_1_14' title="bbox 69 1072 834 1129; baseline 0.001 -13"><span class='ocrx_word' id='word_1_93' title='bbox 69 1088 122 1117; x_wconf 89' lang='lat' dir='ltr'><strong>eum</strong></span> <span class='ocrx_word' id='word_1_94' title='bbox 149 1081 182 1116; x_wconf 88' lang='lat' dir='ltr'><strong>ter</strong></span> <span class='ocrx_word' id='word_1_95' title='bbox 209 1072 300 1117; x_wconf 89' lang='lat' dir='ltr'><strong>dicens:</strong></span> <span class='ocrx_word' id='word_1_96' title='bbox 329 1072 449 1127; x_wconf 86' lang='lat' dir='ltr'><strong>Francisce,</strong></span> <span class='ocrx_word' id='word_1_97' title='bbox 476 1072 597 1129; x_wconf 90' lang='lat' dir='ltr'><strong>Francisce,</strong></span> <span class='ocrx_word' id='word_1_98' title='bbox 622 1073 743 1120; x_wconf 89' lang='lat' dir='ltr'><strong>Francisce.</strong></span> <span class='ocrx_word' id='word_1_99' title='bbox 785 1072 834 1123; x_wconf 89' lang='lat' dir='ltr'><strong>Qui</strong></span> 
     </span>
     <span class='ocr_line' id='line_1_15' title="bbox 69 1135 834 1197; baseline -0.001 -15"><span class='ocrx_word' id='word_1_100' title='bbox 69 1136 184 1197; x_wconf 88' lang='lat' dir='ltr'><strong>respondit</strong></span> <span class='ocrx_word' id='word_1_101' title='bbox 206 1136 298 1183; x_wconf 89' lang='lat' dir='ltr'><strong>dicens:</strong></span> <span class='ocrx_word' id='word_1_102' title='bbox 327 1137 393 1189; x_wconf 88' lang='lat' dir='ltr'><strong>Quid</strong></span> <span class='ocrx_word' id='word_1_103' title='bbox 420 1135 471 1184; x_wconf 87' lang='lat' dir='ltr'><strong>vis?</strong></span> <span class='ocrx_word' id='word_1_104' title='bbox 514 1136 546 1183; x_wconf 86' lang='lat' dir='ltr'><strong>Et</strong></span> <span class='ocrx_word' id='word_1_105' title='bbox 567 1135 620 1183; x_wconf 86' lang='lat' dir='ltr'><strong>ille:</strong></span> <span class='ocrx_word' id='word_1_106' title='bbox 650 1135 734 1184; x_wconf 88' lang='lat' dir='ltr'><strong>Nullus</strong></span> <span class='ocrx_word' id='word_1_107' title='bbox 756 1147 789 1183; x_wconf 90' lang='lat' dir='ltr'><strong>est</strong></span> <span class='ocrx_word' id='word_1_108' title='bbox 811 1135 834 1182; x_wconf 89' lang='lat' dir='ltr'><strong>in</strong></span> 
     </span>
     <span class='ocr_line' id='line_1_16' title="bbox 69 1201 835 1264; baseline 0 -17"><span class='ocrx_word' id='word_1_109' title='bbox 69 1202 156 1247; x_wconf 92' lang='lat' dir='ltr'><strong>mundo</strong></span> <span class='ocrx_word' id='word_1_110' title='bbox 178 1211 284 1263; x_wconf 88' lang='lat' dir='ltr'><strong>peccator,</strong></span> <span class='ocrx_word' id='word_1_111' title='bbox 308 1202 351 1257; x_wconf 87' lang='lat' dir='ltr'><strong>cui,</strong></span> <span class='ocrx_word' id='word_1_112' title='bbox 373 1202 391 1247; x_wconf 92' lang='lat' dir='ltr'><strong>si</strong></span> <span class='ocrx_word' id='word_1_113' title='bbox 413 1218 533 1247; x_wconf 87' lang='lat' dir='ltr'><strong>conversus</strong></span> <span class='ocrx_word' id='word_1_114' title='bbox 555 1201 631 1258; x_wconf 87' lang='lat' dir='ltr'><strong>fuerit,</strong></span> <span class='ocrx_word' id='word_1_115' title='bbox 653 1218 698 1247; x_wconf 92' lang='lat' dir='ltr'><strong>non</strong></span> <span class='ocrx_word' id='word_1_116' title='bbox 720 1202 835 1264; x_wconf 81' lang='lat' dir='ltr'><strong>indulgeat</strong></span> 
     </span>
     <span class='ocr_line' id='line_1_17' title="bbox 69 1266 835 1329; baseline 0 -16"><span class='ocrx_word' id='word_1_117' title='bbox 69 1266 193 1322; x_wconf 87' lang='lat' dir='ltr'><strong>dominus;</strong></span> <span class='ocrx_word' id='word_1_118' title='bbox 224 1267 262 1313; x_wconf 88' lang='lat' dir='ltr'><strong>sed</strong></span> <span class='ocrx_word' id='word_1_119' title='bbox 290 1266 429 1329; x_wconf 86' lang='lat' dir='ltr'><strong>quicumque</strong></span> <span class='ocrx_word' id='word_1_120' title='bbox 456 1266 601 1327; x_wconf 89' lang='lat' dir='ltr'><strong>semetipsum</strong></span> <span class='ocrx_word' id='word_1_121' title='bbox 629 1267 752 1328; x_wconf 87' lang='lat' dir='ltr'><strong>penitentia</strong></span> <span class='ocrx_word' id='word_1_122' title='bbox 779 1267 835 1313; x_wconf 89' lang='lat' dir='ltr'><strong>dura</strong></span> 
     </span>
     <span class='ocr_line' id='line_1_18' title="bbox 70 1331 834 1391; baseline 0 -16"><span class='ocrx_word' id='word_1_123' title='bbox 70 1332 188 1385; x_wconf 85' lang='lat' dir='ltr'><strong>necaverit,</strong></span> <span class='ocrx_word' id='word_1_124' title='bbox 204 1331 239 1374; x_wconf 50' lang='lat' dir='ltr'><strong>&gt;in</strong></span> <span class='ocrx_word' id='word_1_125' title='bbox 277 1342 414 1391; x_wconf 90' lang='lat' dir='ltr'><strong>perpetuum</strong></span> <span class='ocrx_word' id='word_1_126' title='bbox 443 1331 619 1375; x_wconf 85' lang='lat' dir='ltr'><strong>misericordiam</strong></span> <span class='ocrx_word' id='word_1_127' title='bbox 653 1348 699 1375; x_wconf 92' lang='lat' dir='ltr'><strong>non</strong></span> <span class='ocrx_word' id='word_1_128' title='bbox 728 1332 834 1376; x_wconf 87' lang='lat' dir='ltr'><strong>inveniet.</strong></span> 
     </span>
     <span class='ocr_line' id='line_1_19' title="bbox 71 1394 834 1457; baseline 0.001 -16"><span class='ocrx_word' id='word_1_129' title='bbox 71 1395 150 1441; x_wconf 89' lang='lat' dir='ltr'><strong>Statim</strong></span> <span class='ocrx_word' id='word_1_130' title='bbox 172 1405 266 1443; x_wconf 85' lang='lat' dir='ltr'><strong>sanctus¹</strong></span> <span class='ocrx_word' id='word_1_131' title='bbox 279 1412 319 1456; x_wconf 88' lang='lat' dir='ltr'><strong>per</strong></span> <span class='ocrx_word' id='word_1_132' title='bbox 340 1394 508 1451; x_wconf 86' lang='lat' dir='ltr'><strong>revelationem,</strong></span> <span class='ocrx_word' id='word_1_133' title='bbox 526 1395 632 1457; x_wconf 86' lang='lat' dir='ltr'><strong>cognovit</strong></span> <span class='ocrx_word' id='word_1_134' title='bbox 651 1394 721 1442; x_wconf 91' lang='lat' dir='ltr'><strong>hostis</strong></span> <span class='ocrx_word' id='word_1_135' title='bbox 738 1394 834 1453; x_wconf 89' lang='lat' dir='ltr'><strong>fallsum,</strong></span> 
     </span>
     <span class='ocr_line' id='line_1_20' title="bbox 71 1459 836 1523; baseline 0.003 -17"><span class='ocrx_word' id='word_1_136' title='bbox 71 1461 187 1523; x_wconf 88' lang='lat' dir='ltr'><strong>quomodo</strong></span> <span class='ocrx_word' id='word_1_137' title='bbox 200 1459 260 1506; x_wconf 90' lang='lat' dir='ltr'><strong>nisus</strong></span> <span class='ocrx_word' id='word_1_138' title='bbox 271 1459 338 1506; x_wconf 86' lang='lat' dir='ltr'><strong>fuerit</strong></span> <span class='ocrx_word' id='word_1_139' title='bbox 352 1477 404 1506; x_wconf 91' lang='lat' dir='ltr'><strong>eum</strong></span> <span class='ocrx_word' id='word_1_140' title='bbox 416 1460 443 1506; x_wconf 90' lang='lat' dir='ltr'><strong>ad</strong></span> <span class='ocrx_word' id='word_1_141' title='bbox 454 1460 530 1521; x_wconf 88' lang='lat' dir='ltr'><strong>tepida</strong></span> <span class='ocrx_word' id='word_1_142' title='bbox 542 1476 651 1508; x_wconf 88' lang='lat' dir='ltr'><strong>revocare.</strong></span> <span class='ocrx_word' id='word_1_143' title='bbox 687 1460 752 1512; x_wconf 89' lang='lat' dir='ltr'><strong>Quid</strong></span> <span class='ocrx_word' id='word_1_144' title='bbox 764 1461 836 1523; x_wconf 85' lang='lat' dir='ltr'><strong>ergo?</strong></span> 
     </span>
     <span class='ocr_line' id='line_1_21' title="bbox 72 1524 838 1581; baseline -0.001 -11"><span class='ocrx_word' id='word_1_145' title='bbox 72 1525 126 1570; x_wconf 91' lang='lat' dir='ltr'><strong>Non</strong></span> <span class='ocrx_word' id='word_1_146' title='bbox 138 1525 224 1571; x_wconf 86' lang='lat' dir='ltr'><strong>destitit</strong></span> <span class='ocrx_word' id='word_1_147' title='bbox 235 1525 339 1570; x_wconf 88' lang='lat' dir='ltr'><strong>inimicus</strong></span> <span class='ocrx_word' id='word_1_148' title='bbox 350 1524 411 1570; x_wconf 89' lang='lat' dir='ltr'><strong>aliud</strong></span> <span class='ocrx_word' id='word_1_149' title='bbox 422 1524 504 1569; x_wconf 89' lang='lat' dir='ltr'><strong>inferre</strong></span> <span class='ocrx_word' id='word_1_150' title='bbox 516 1535 632 1570; x_wconf 88' lang='lat' dir='ltr'><strong>certamen.</strong></span> <span class='ocrx_word' id='word_1_151' title='bbox 661 1525 759 1570; x_wconf 88' lang='lat' dir='ltr'><strong>Cernens</strong></span> <span class='ocrx_word' id='word_1_152' title='bbox 770 1526 838 1581; x_wconf 86' lang='lat' dir='ltr'><strong>enim,</strong></span> 
     </span>
     <span class='ocr_line' id='line_1_22' title="bbox 72 1589 837 1652; baseline 0 -16"><span class='ocrx_word' id='word_1_153' title='bbox 72 1590 133 1651; x_wconf 86' lang='lat' dir='ltr'><strong>quod</strong></span> <span class='ocrx_word' id='word_1_154' title='bbox 155 1591 262 1651; x_wconf 88' lang='lat' dir='ltr'><strong>laqueum</strong></span> <span class='ocrx_word' id='word_1_155' title='bbox 285 1590 315 1635; x_wconf 83' lang='lat' dir='ltr'><strong>sic</strong></span> <span class='ocrx_word' id='word_1_156' title='bbox 337 1591 447 1635; x_wconf 89' lang='lat' dir='ltr'><strong>occultare</strong></span> <span class='ocrx_word' id='word_1_157' title='bbox 469 1606 514 1634; x_wconf 90' lang='lat' dir='ltr'><strong>non</strong></span> <span class='ocrx_word' id='word_1_158' title='bbox 535 1589 618 1650; x_wconf 89' lang='lat' dir='ltr'><strong>potuit,</strong></span> <span class='ocrx_word' id='word_1_159' title='bbox 640 1589 709 1635; x_wconf 86' lang='lat' dir='ltr'><strong>aliurn</strong></span> <span class='ocrx_word' id='word_1_160' title='bbox 730 1590 837 1652; x_wconf 90' lang='lat' dir='ltr'><strong>laqueum</strong></span> 
     </span>
     <span class='ocr_line' id='line_1_23' title="bbox 72 1653 837 1714; baseline -0.001 -16"><span class='ocrx_word' id='word_1_161' title='bbox 72 1665 178 1714; x_wconf 84' lang='lat' dir='ltr'><strong>preparat,</strong></span> <span class='ocrx_word' id='word_1_162' title='bbox 209 1653 279 1698; x_wconf 86' lang='lat' dir='ltr'><strong>carnis</strong></span> <span class='ocrx_word' id='word_1_163' title='bbox 311 1653 414 1699; x_wconf 91' lang='lat' dir='ltr'><strong>videlicet</strong></span> <span class='ocrx_word' id='word_1_164' title='bbox 447 1653 603 1707; x_wconf 82' lang='lat' dir='ltr'><strong>incentivum3</strong></span> <span class='ocrx_word' id='word_1_165' title='bbox 639 1653 723 1698; x_wconf 89' lang='lat' dir='ltr'><strong>frustra</strong></span> <span class='ocrx_word' id='word_1_166' title='bbox 755 1664 837 1709; x_wconf 87' lang='lat' dir='ltr'><strong>tamen,</strong></span> 
     </span>
     <span class='ocr_line' id='line_1_24' title="bbox 72 1716 837 1781; baseline -0.001 -17"><span class='ocrx_word' id='word_1_167' title='bbox 72 1717 179 1781; x_wconf 91' lang='lat' dir='ltr'><strong>quoniam</strong></span> <span class='ocrx_word' id='word_1_168' title='bbox 194 1717 233 1781; x_wconf 91' lang='lat' dir='ltr'><strong>qui</strong></span> <span class='ocrx_word' id='word_1_169' title='bbox 251 1717 342 1779; x_wconf 90' lang='lat' dir='ltr'><strong>spiritus</strong></span> <span class='ocrx_word' id='word_1_170' title='bbox 360 1716 506 1780; x_wconf 87' lang='lat' dir='ltr'><strong>deprehendit</strong></span> <span class='ocrx_word' id='word_1_171' title='bbox 524 1717 651 1773; x_wconf 88' lang='lat' dir='ltr'><strong>versutiam,</strong></span> <span class='ocrx_word' id='word_1_172' title='bbox 669 1733 733 1763; x_wconf 89' lang='lat' dir='ltr'><strong>carne</strong></span> <span class='ocrx_word' id='word_1_173' title='bbox 750 1718 837 1780; x_wconf 91' lang='lat' dir='ltr'><strong>sophis-</strong></span> 
     </span>
     <span class='ocr_line' id='line_1_25' title="bbox 71 1782 838 1845; baseline 0 -17"><span class='ocrx_word' id='word_1_174' title='bbox 71 1784 133 1829; x_wconf 86' lang='lat' dir='ltr'><strong>ticari</strong></span> <span class='ocrx_word' id='word_1_175' title='bbox 145 1800 191 1828; x_wconf 91' lang='lat' dir='ltr'><strong>non</strong></span> <span class='ocrx_word' id='word_1_176' title='bbox 202 1783 283 1844; x_wconf 86' lang='lat' dir='ltr'><strong>potuit.</strong></span> <span class='ocrx_word' id='word_1_177' title='bbox 318 1782 427 1828; x_wconf 85' lang='lat' dir='ltr'><strong>lmmictit</strong></span> <span class='ocrx_word' id='word_1_178' title='bbox 437 1798 491 1844; x_wconf 86' lang='lat' dir='ltr'><strong>ergo</strong></span> <span class='ocrx_word' id='word_1_179' title='bbox 502 1783 525 1828; x_wconf 89' lang='lat' dir='ltr'><strong>in</strong></span> <span class='ocrx_word' id='word_1_180' title='bbox 537 1782 601 1829; x_wconf 92' lang='lat' dir='ltr'><strong>illum</strong></span> <span class='ocrx_word' id='word_1_181' title='bbox 613 1782 721 1843; x_wconf 85' lang='lat' dir='ltr'><strong>dyabolus</strong></span> <span class='ocrx_word' id='word_1_182' title='bbox 733 1783 838 1845; x_wconf 80' lang='lat' dir='ltr'><strong>gravissi-</strong></span> 
     </span>
     <span class='ocr_line' id='line_1_26' title="bbox 73 1845 837 1909; baseline 0 -16"><span class='ocrx_word' id='word_1_183' title='bbox 73 1864 138 1893; x_wconf 90' lang='lat' dir='ltr'><strong>mam·</strong></span> <span class='ocrx_word' id='word_1_184' title='bbox 154 1848 324 1907; x_wconf 86' lang='lat' dir='ltr'><strong>temptationem</strong></span> <span class='ocrx_word' id='word_1_185' title='bbox 345 1847 449 1903; x_wconf 83' lang='lat' dir='ltr'><strong>luxurie;</strong></span> <span class='ocrx_word' id='word_1_186' title='bbox 477 1857 499 1892; x_wconf 89' lang='lat' dir='ltr'><strong>at</strong></span> <span class='ocrx_word' id='word_1_187' title='bbox 521 1845 598 1893; x_wconf 87' lang='lat' dir='ltr'><strong>beatus</strong></span> <span class='ocrx_word' id='word_1_188' title='bbox 625 1857 687 1909; x_wconf 88' lang='lat' dir='ltr'><strong>pater</strong></span> <span class='ocrx_word' id='word_1_189' title='bbox 713 1847 789 1893; x_wconf 88' lang='lat' dir='ltr'><strong>statim</strong></span> <span class='ocrx_word' id='word_1_190' title='bbox 811 1858 837 1893; x_wconf 88' lang='lat' dir='ltr'><strong>ut</strong></span> 
     </span>
     <span class='ocr_line' id='line_1_27' title="bbox 72 1910 837 1973; baseline 0 -16"><span class='ocrx_word' id='word_1_191' title='bbox 72 1911 173 1973; x_wconf 84' lang='lat' dir='ltr'><strong>percipit,</strong></span> <span class='ocrx_word' id='word_1_192' title='bbox 190 1921 251 1956; x_wconf 87' lang='lat' dir='ltr'><strong>veste</strong></span> <span class='ocrx_word' id='word_1_193' title='bbox 268 1911 374 1971; x_wconf 87' lang='lat' dir='ltr'><strong>deposita,</strong></span> <span class='ocrx_word' id='word_1_194' title='bbox 392 1910 483 1956; x_wconf 85' lang='lat' dir='ltr'><strong>cordula</strong></span> <span class='ocrx_word' id='word_1_195' title='bbox 500 1910 617 1956; x_wconf 89' lang='lat' dir='ltr'><strong>durissime</strong></span> <span class='ocrx_word' id='word_1_196' title='bbox 634 1911 736 1957; x_wconf 83' lang='lat' dir='ltr'><strong>verberat</strong></span> <span class='ocrx_word' id='word_1_197' title='bbox 753 1912 837 1958; x_wconf 86' lang='lat' dir='ltr'><strong>dicens:</strong></span> 
     </span>
     <span class='ocr_line' id='line_1_28' title="bbox 74 1974 836 2038; baseline 0 -17"><span class='ocrx_word' id='word_1_198' title='bbox 74 1976 123 2032; x_wconf 79' lang='lat' dir='ltr'><strong>Eia,</strong></span> <span class='ocrx_word' id='word_1_199' title='bbox 135 1975 203 2021; x_wconf 88' lang='lat' dir='ltr'><strong>frater</strong></span> <span class='ocrx_word' id='word_1_200' title='bbox 218 1976 283 2031; x_wconf 86' lang='lat' dir='ltr'><strong>asine,</strong></span> <span class='ocrx_word' id='word_1_201' title='bbox 295 1975 325 2019; x_wconf 92' lang='lat' dir='ltr'><strong>sic</strong></span> <span class='ocrx_word' id='word_1_202' title='bbox 343 1985 365 2020; x_wconf 91' lang='lat' dir='ltr'><strong>te</strong></span> <span class='ocrx_word' id='word_1_203' title='bbox 383 1992 473 2020; x_wconf 90' lang='lat' dir='ltr'><strong>manere</strong></span> <span class='ocrx_word' id='word_1_204' title='bbox 490 1976 560 2031; x_wconf 89' lang='lat' dir='ltr'><strong>decet,</strong></span> <span class='ocrx_word' id='word_1_205' title='bbox 572 1975 602 2019; x_wconf 88' lang='lat' dir='ltr'><strong>sic</strong></span> <span class='ocrx_word' id='word_1_206' title='bbox 617 1974 692 2020; x_wconf 85' lang='lat' dir='ltr'><strong>subire</strong></span> <span class='ocrx_word' id='word_1_207' title='bbox 706 1975 836 2038; x_wconf 84' lang='lat' dir='ltr'><strong>flagellum:</strong></span> 
     </span>
     <span class='ocr_line' id='line_1_29' title="bbox 74 2038 837 2106; baseline 0 -20"><span class='ocrx_word' id='word_1_208' title='bbox 74 2041 149 2086; x_wconf 86' lang='lat' dir='ltr'><strong>tunica</strong></span> <span class='ocrx_word' id='word_1_209' title='bbox 166 2039 279 2101; x_wconf 86' lang='lat' dir='ltr'><strong>religionis</strong></span> <span class='ocrx_word' id='word_1_210' title='bbox 298 2049 337 2097; x_wconf 89' lang='lat' dir='ltr'><strong>est,</strong></span> <span class='ocrx_word' id='word_1_211' title='bbox 355 2038 426 2085; x_wconf 86' lang='lat' dir='ltr'><strong>furari</strong></span> <span class='ocrx_word' id='word_1_212' title='bbox 444 2057 522 2085; x_wconf 85' lang='lat' dir='ltr'><strong>noni</strong></span> <span class='ocrx_word' id='word_1_213' title='bbox 507 2039 572 2086; x_wconf 85' lang='lat' dir='ltr'><strong>licet:</strong></span> <span class='ocrx_word' id='word_1_214' title='bbox 590 2039 608 2085; x_wconf 87' lang='lat' dir='ltr'><strong>s&#39;r</strong></span> <span class='ocrx_word' id='word_1_215' title='bbox 625 2057 672 2106; x_wconf 90' lang='lat' dir='ltr'><strong>quo</strong></span> <span class='ocrx_word' id='word_1_216' title='bbox 688 2040 722 2086; x_wconf 88' lang='lat' dir='ltr'><strong>vis</strong></span> <span class='ocrx_word' id='word_1_217' title='bbox 739 2057 837 2104; x_wconf 85' lang='lat' dir='ltr'><strong>pergere,</strong></span> 
     </span>
     <span class='ocr_line' id='line_1_30' title="bbox 73 2122 466 2168; baseline 0.003 -19"><span class='ocrx_word' id='word_1_218' title='bbox 73 2122 146 2168; x_wconf 86' lang='lat' dir='ltr'><strong>perge</strong></span> <span class='ocrx_word' id='word_1_219' title='bbox 465 2123 466 2126; x_wconf 46' lang='lat'>¹</span> 
     </span>
    </p>

    <p class='ocr_par' dir='ltr' id='par_1_5' title="bbox 68 2153 927 2879">
     <span class='ocr_line' id='line_1_31' title="bbox 121 2153 838 2229; baseline 0.001 -15"><span class='ocrx_word' id='word_1_220' title='bbox 121 2169 207 2214; x_wconf 88' lang='lat' dir='ltr'><strong>Videns</strong></span> <span class='ocrx_word' id='word_1_221' title='bbox 228 2178 304 2214; x_wconf 88' lang='lat' dir='ltr'><strong>autem</strong></span> <span class='ocrx_word' id='word_1_222' title='bbox 327 2178 419 2229; x_wconf 87' lang='lat' dir='ltr'><strong>propter</strong></span> <span class='ocrx_word' id='word_1_223' title='bbox 440 2168 567 2229; x_wconf 87' lang='lat' dir='ltr'><strong>disciplinas</strong></span> <span class='ocrx_word' id='word_1_224' title='bbox 594 2153 765 2229; x_wconf 86' lang='lat' dir='ltr'><strong>temptationem</strong></span> <span class='ocrx_word' id='word_1_225' title='bbox 793 2186 838 2215; x_wconf 89' lang='lat' dir='ltr'><strong>non</strong></span> 
     </span>
     <span class='ocr_line' id='line_1_32' title="bbox 75 2232 839 2307; baseline 0 -27"><span class='ocrx_word' id='word_1_226' title='bbox 75 2234 194 2307; x_wconf 83' lang='lat' dir='ltr'><strong>discedere,</strong></span> <span class='ocrx_word' id='word_1_227' title='bbox 222 2249 274 2279; x_wconf 92' lang='lat' dir='ltr'><strong>cum</strong></span> <span class='ocrx_word' id='word_1_228' title='bbox 307 2242 381 2278; x_wconf 86' lang='lat' dir='ltr'><strong>tamen</strong></span> <span class='ocrx_word' id='word_1_229' title='bbox 413 2232 458 2278; x_wconf 90' lang='lat' dir='ltr'><strong>iam</strong></span> <span class='ocrx_word' id='word_1_230' title='bbox 487 2232 597 2279; x_wconf 87' lang='lat' dir='ltr'><strong>livoribus</strong></span> <span class='ocrx_word' id='word_1_231' title='bbox 627 2233 727 2279; x_wconf 89' lang='lat' dir='ltr'><strong>membra</strong></span> <span class='ocrx_word' id='word_1_232' title='bbox 759 2244 839 2280; x_wconf 87' lang='lat' dir='ltr'><strong>cuncta</strong></span> 
     </span>
     <span class='ocr_line' id='line_1_33' title="bbox 75 2296 839 2370; baseline 0.001 -27"><span class='ocrx_word' id='word_1_233' title='bbox 75 2299 198 2360; x_wconf 71' lang='lat' dir='ltr'><strong>pransisset,</strong></span> <span class='ocrx_word' id='word_1_234' title='bbox 222 2308 298 2370; x_wconf 84' lang='lat' dir='ltr'><strong>aperta</strong></span> <span class='ocrx_word' id='word_1_235' title='bbox 324 2296 408 2352; x_wconf 87' lang='lat' dir='ltr'><strong>cellula,</strong></span> <span class='ocrx_word' id='word_1_236' title='bbox 435 2297 494 2343; x_wconf 87' lang='lat' dir='ltr'><strong>foras</strong></span> <span class='ocrx_word' id='word_1_237' title='bbox 521 2298 574 2343; x_wconf 86' lang='lat' dir='ltr'><strong>exiit</strong></span> <span class='ocrx_word' id='word_1_238' title='bbox 599 2298 622 2342; x_wconf 90' lang='lat' dir='ltr'><strong>in</strong></span> <span class='ocrx_word' id='word_1_239' title='bbox 647 2298 740 2343; x_wconf 90' lang='lat' dir='ltr'><strong>hortum</strong></span> <span class='ocrx_word' id='word_1_240' title='bbox 767 2310 789 2344; x_wconf 88' lang='lat' dir='ltr'><strong>et</strong></span> <span class='ocrx_word' id='word_1_241' title='bbox 816 2299 839 2344; x_wconf 86' lang='lat' dir='ltr'><strong>in</strong></span> 
     </span>
     <span class='ocr_line' id='line_1_34' title="bbox 76 2360 839 2433; baseline 0 -25"><span class='ocrx_word' id='word_1_242' title='bbox 76 2379 180 2424; x_wconf 86' lang='lat' dir='ltr'><strong>magnam</strong></span> <span class='ocrx_word' id='word_1_243' title='bbox 210 2362 286 2420; x_wconf 85' lang='lat' dir='ltr'><strong>nivem</strong></span> <span class='ocrx_word' id='word_1_244' title='bbox 315 2360 426 2422; x_wconf 86' lang='lat' dir='ltr'><strong>demergit</strong></span> <span class='ocrx_word' id='word_1_245' title='bbox 456 2378 478 2406; x_wconf 84' lang='lat' dir='ltr'><strong>se</strong></span> <span class='ocrx_word' id='word_1_246' title='bbox 508 2363 603 2408; x_wconf 87' lang='lat' dir='ltr'><strong>nudum</strong></span> <span class='ocrx_word' id='word_1_247' title='bbox 647 2361 734 2433; x_wconf 87' lang='lat' dir='ltr'><strong>Recipit</strong></span> <span class='ocrx_word' id='word_1_248' title='bbox 764 2373 839 2408; x_wconf 90' lang='lat' dir='ltr'><strong>autem</strong></span> 
     </span>
     <span class='ocr_line' id='line_1_35' title="bbox 76 2425 839 2490; baseline 0 -16"><span class='ocrx_word' id='word_1_249' title='bbox 76 2427 151 2475; x_wconf 78' lang='lat' dir='ltr'><strong>nivem</strong></span> <span class='ocrx_word' id='word_1_250' title='bbox 179 2425 250 2490; x_wconf 90' lang='lat' dir='ltr'><strong>plenis</strong></span> <span class='ocrx_word' id='word_1_251' title='bbox 280 2425 369 2472; x_wconf 88' lang='lat' dir='ltr'><strong>conficit</strong></span> <span class='ocrx_word' id='word_1_252' title='bbox 400 2425 504 2472; x_wconf 86' lang='lat' dir='ltr'><strong>manibus</strong></span> <span class='ocrx_word' id='word_1_253' title='bbox 533 2436 556 2472; x_wconf 90' lang='lat' dir='ltr'><strong>et</strong></span> <span class='ocrx_word' id='word_1_254' title='bbox 588 2442 615 2472; x_wconf 85' lang='lat' dir='ltr'><strong>ex</strong></span> <span class='ocrx_word' id='word_1_255' title='bbox 640 2441 699 2471; x_wconf 89' lang='lat' dir='ltr'><strong>ear</strong></span> <span class='ocrx_word' id='word_1_256' title='bbox 700 2428 839 2474; x_wconf 89' lang='lat' dir='ltr'><strong>nmodum</strong></span> 
     </span>
     <span class='ocr_line' id='line_1_36' title="bbox 76 2491 840 2554; baseline 0.003 -17"><span class='ocrx_word' id='word_1_257' title='bbox 76 2492 120 2554; x_wconf 89' lang='lat' dir='ltr'><strong>pile</strong></span> <span class='ocrx_word' id='word_1_258' title='bbox 142 2503 261 2554; x_wconf 88' lang='lat' dir='ltr'><strong>septem</strong></span> <span class='ocrx_word' id='word_1_259' title='bbox 248 2491 321 2536; x_wconf 67' lang='lat' dir='ltr'><strong>alebas</strong></span> <span class='ocrx_word' id='word_1_260' title='bbox 342 2491 474 2553; x_wconf 82' lang='lat' dir='ltr'><strong>compingit,</strong></span> <span class='ocrx_word' id='word_1_261' title='bbox 493 2508 548 2553; x_wconf 92' lang='lat' dir='ltr'><strong>quas</strong></span> <span class='ocrx_word' id='word_1_262' title='bbox 570 2491 611 2536; x_wconf 88' lang='lat' dir='ltr'><strong>sibi</strong></span> <span class='ocrx_word' id='word_1_263' title='bbox 632 2508 763 2552; x_wconf 87' lang='lat' dir='ltr'><strong>preponens,</strong></span> <span class='ocrx_word' id='word_1_264' title='bbox 783 2494 840 2554; x_wconf 92' lang='lat' dir='ltr'><strong>cepit</strong></span> 
     </span>
     <span class='ocr_line' id='line_1_37' title="bbox 76 2555 838 2620; baseline 0 -17"><span class='ocrx_word' id='word_1_265' title='bbox 76 2557 160 2620; x_wconf 90' lang='lat' dir='ltr'><strong>alloqui</strong></span> <span class='ocrx_word' id='word_1_266' title='bbox 182 2572 278 2619; x_wconf 85' lang='lat' dir='ltr'><strong>corpus:</strong></span> <span class='ocrx_word' id='word_1_267' title='bbox 303 2556 368 2611; x_wconf 89' lang='lat' dir='ltr'><strong>Ecce,</strong></span> <span class='ocrx_word' id='word_1_268' title='bbox 388 2555 476 2617; x_wconf 89' lang='lat' dir='ltr'><strong>inquid,</strong></span> <span class='ocrx_word' id='word_1_269' title='bbox 495 2557 536 2602; x_wconf 89' lang='lat' dir='ltr'><strong>hec</strong></span> <span class='ocrx_word' id='word_1_270' title='bbox 558 2556 628 2601; x_wconf 89' lang='lat' dir='ltr'><strong>maior</strong></span> <span class='ocrx_word' id='word_1_271' title='bbox 650 2573 707 2602; x_wconf 85' lang='lat' dir='ltr'><strong>uxor</strong></span> <span class='ocrx_word' id='word_1_272' title='bbox 728 2567 768 2603; x_wconf 88' lang='lat' dir='ltr'><strong>tua</strong></span> <span class='ocrx_word' id='word_1_273' title='bbox 789 2568 838 2604; x_wconf 86' lang='lat' dir='ltr'><strong>est:</strong></span> 
     </span>
     <span class='ocr_line' id='line_1_38' title="bbox 76 2619 840 2683; baseline 0 -17"><span class='ocrx_word' id='word_1_274' title='bbox 76 2638 145 2681; x_wconf 87' lang='lat' dir='ltr'><strong>porro</strong></span> <span class='ocrx_word' id='word_1_275' title='bbox 160 2621 203 2666; x_wconf 88' lang='lat' dir='ltr'><strong>iste</strong></span> <span class='ocrx_word' id='word_1_276' title='bbox 220 2630 317 2682; x_wconf 88' lang='lat' dir='ltr'><strong>quatuor</strong></span> <span class='ocrx_word' id='word_1_277' title='bbox 334 2620 381 2664; x_wconf 89' lang='lat' dir='ltr'><strong>duo</strong></span> <span class='ocrx_word' id='word_1_278' title='bbox 397 2630 451 2663; x_wconf 87' lang='lat' dir='ltr'><strong>sunt</strong></span> <span class='ocrx_word' id='word_1_279' title='bbox 466 2620 505 2683; x_wconf 87' lang='lat' dir='ltr'><strong>filij</strong></span> <span class='ocrx_word' id='word_1_280' title='bbox 523 2630 546 2664; x_wconf 92' lang='lat' dir='ltr'><strong>et</strong></span> <span class='ocrx_word' id='word_1_281' title='bbox 561 2620 605 2664; x_wconf 89' lang='lat' dir='ltr'><strong>due</strong></span> <span class='ocrx_word' id='word_1_282' title='bbox 621 2619 665 2663; x_wconf 89' lang='lat' dir='ltr'><strong>filie</strong></span> <span class='ocrx_word' id='word_1_283' title='bbox 681 2630 737 2665; x_wconf 90' lang='lat' dir='ltr'><strong>tue:</strong></span> <span class='ocrx_word' id='word_1_284' title='bbox 755 2623 787 2666; x_wconf 91' lang='lat' dir='ltr'><strong>rel</strong></span> <span class='ocrx_word' id='word_1_285' title='bbox 788 2623 840 2683; x_wconf 92' lang='lat' dir='ltr'><strong>ique</strong></span> 
     </span>
     <span class='ocr_line' id='line_1_39' title="bbox 68 2683 927 2759; baseline 0 -28"><span class='ocrx_word' id='word_1_286' title='bbox 68 2686 122 2731; x_wconf 64' lang='lat' dir='ltr'><strong>&gt;due</strong></span> <span class='ocrx_word' id='word_1_287' title='bbox 144 2700 222 2731; x_wconf 82' lang='lat' dir='ltr'><strong>servus</strong></span> <span class='ocrx_word' id='word_1_288' title='bbox 244 2694 296 2730; x_wconf 90' lang='lat' dir='ltr'><strong>sunt</strong></span> <span class='ocrx_word' id='word_1_289' title='bbox 317 2694 339 2729; x_wconf 91' lang='lat' dir='ltr'><strong>et</strong></span> <span class='ocrx_word' id='word_1_290' title='bbox 360 2683 437 2727; x_wconf 82' lang='lat' dir='ltr'><strong>ancila</strong></span> <span class='ocrx_word' id='word_1_291' title='bbox 439 2699 524 2746; x_wconf 93' lang='lat' dir='ltr'><strong>,quos</strong></span> <span class='ocrx_word' id='word_1_292' title='bbox 546 2684 573 2729; x_wconf 89' lang='lat' dir='ltr'><strong>ad</strong></span> <span class='ocrx_word' id='word_1_293' title='bbox 595 2684 738 2731; x_wconf 87' lang='lat' dir='ltr'><strong>serviendum</strong></span> <span class='ocrx_word' id='word_1_294' title='bbox 760 2685 882 2759; x_wconf 57' lang='lat' dir='ltr'><strong>haberem]</strong></span> <span class='ocrx_word' id='word_1_295' title='bbox 890 2704 927 2736; x_wconf 70' lang='lat'><strong>22⁰</strong></span> 
     </span>
     <span class='ocr_line' id='line_1_40' title="bbox 78 2720 840 2813; baseline -0.003 -16"><span class='ocrx_word' id='word_1_296' title='bbox 78 2760 185 2812; x_wconf 81' lang='lat' dir='ltr'><strong>oportet3</strong></span> <span class='ocrx_word' id='word_1_297' title='bbox 216 2760 239 2796; x_wconf 89' lang='lat' dir='ltr'><strong>et</strong></span> <span class='ocrx_word' id='word_1_298' title='bbox 267 2748 388 2804; x_wconf 68' lang='lat' dir='ltr'><strong>festinat</strong></span> <span class='ocrx_word' id='word_1_299' title='bbox 381 2720 469 2810; x_wconf 85' lang='lat' dir='ltr'><strong>inquid,</strong></span> <span class='ocrx_word' id='word_1_300' title='bbox 497 2765 574 2795; x_wconf 91' lang='lat' dir='ltr'><strong>omnes</strong></span> <span class='ocrx_word' id='word_1_301' title='bbox 605 2748 706 2805; x_wconf 89' lang='lat' dir='ltr'><strong>induere,</strong></span> <span class='ocrx_word' id='word_1_302' title='bbox 733 2750 840 2813; x_wconf 89' lang='lat' dir='ltr'><strong>quoniam</strong></span> 
     </span>
     <span class='ocr_line' id='line_1_41' title="bbox 77 2812 841 2879; baseline 0 -17"><span class='ocrx_word' id='word_1_303' title='bbox 77 2815 161 2879; x_wconf 84' lang='lat' dir='ltr'><strong>frigore</strong></span> <span class='ocrx_word' id='word_1_304' title='bbox 178 2815 313 2862; x_wconf 89' lang='lat' dir='ltr'><strong>moriuntur.</strong></span> <span class='ocrx_word' id='word_1_305' title='bbox 348 2812 369 2860; x_wconf 87' lang='lat' dir='ltr'><strong>Si</strong></span> <span class='ocrx_word' id='word_1_306' title='bbox 386 2823 462 2860; x_wconf 89' lang='lat' dir='ltr'><strong>autem</strong></span> <span class='ocrx_word' id='word_1_307' title='bbox 479 2830 558 2860; x_wconf 90' lang='lat' dir='ltr'><strong>eorum</strong></span> <span class='ocrx_word' id='word_1_308' title='bbox 575 2813 633 2860; x_wconf 92' lang='lat' dir='ltr'><strong>mult</strong></span> <span class='ocrx_word' id='word_1_309' title='bbox 625 2814 694 2875; x_wconf 81' lang='lat' dir='ltr'><strong>tiplex</strong></span> <span class='ocrx_word' id='word_1_310' title='bbox 713 2815 782 2862; x_wconf 81' lang='lat' dir='ltr'><strong>sollici</strong></span> <span class='ocrx_word' id='word_1_311' title='bbox 784 2815 841 2862; x_wconf 91' lang='lat' dir='ltr'><strong>tudo</strong></span> 
     </span>
    </p>
   </div>
   <div class='ocr_carea' id='block_1_5' title="bbox 0 0 978 3169">
    <p class='ocr_par' dir='ltr' id='par_1_6' title="bbox 0 0 978 3169">
     <span class='ocr_line' id='line_1_42' title="bbox 0 0 978 3169; baseline 0 0"><span class='ocrx_word' id='word_1_312' title='bbox 0 0 978 3169; x_wconf 95' lang='lat' dir='ltr'><strong> </strong></span> 
     </span>
    </p>
   </div>
  </div>
 </body>
</html>
