1919 3169
82 109 110 155 52
266 90 469 138 TRACTATUS
488 91 661 139 SECUNDUS

80 192 170 237 infirma
186 190 305 237 dulcedine
321 189 423 234 absortus
439 188 514 237 fuerit.
548 189 621 236 Asino
638 190 735 253 quodam
746 199 848 251 tempore

81 255 217 313 vectabatur,
251 269 302 299 cum
335 269 374 314 per
414 253 512 315 burgum
551 255 619 299 sancti
658 255 768 316 sepulchri
795 268 848 298 curn

82 331 196 383 oporteret
222 319 326 374 transire;
352 327 374 363 et
401 316 456 362 dum
484 318 596 382 quiescere
615 317 683 365 vellet
704 319 727 363 in
750 318 848 381 quodam

82 385 198 432 domicilio
219 384 368 446 leprosorum,
390 383 489 428 innotuit
510 384 586 429 multis
613 384 719 429 transitus
741 384 784 429 viri
806 382 847 428 dei.

83 452 214 497 Accurrunt
231 449 338 510 undique,
348 447 392 494 viri
409 458 431 493 et
448 447 559 506 mulieres,
571 448 647 495 videre
658 449 732 511 ipsum
745 458 768 493 et
784 447 850 494 solita

84 516 204 562 devotione
231 513 360 575 contingere
382 513 501 573 cupientes.
544 513 609 564 Quid
630 514 707 559 enim?
732 520 853 570 attrectant

84 581 147 624 illum
158 589 181 623 et
190 579 284 623 trahunt
295 588 317 620 et
328 578 356 621 dc
365 578 439 621 tunica
450 594 489 621 sua
499 578 592 622 succidit
601 579 693 639 petiolas
700 588 723 622 et
729 586 848 638 reponunt.

85 642 222 690 lnsensibilis
248 642 339 691 videtur
366 642 435 687 homo
454 642 481 688 ad
504 642 621 698 universa3
639 652 662 688 et
682 642 751 690 velud
772 657 852 703 corpus

85 709 185 754 exanime
214 707 242 754 de
271 706 321 765 hiis,
350 722 393 769 que
426 707 492 765 fiunt,
514 708 582 754 nichil
609 709 697 754 avertit.
729 706 852 769 Applicant

86 775 176 821 tandem
198 773 226 819 ad
247 773 323 819 locum
340 781 362 816 et
381 771 421 818 diu
437 772 481 818 iam
499 773 571 836 burgo
588 773 673 830 relicto,
684 773 747 835 quasi
763 771 853 818 aliunde

85 839 213 902 regrediens
234 838 349 884 celestium
367 837 530 898 contemplator
547 837 641 884 sollicite
659 838 741 900 querit,
764 836 854 898 quando

86 903 267 966 appropinquent
283 902 311 946 ad
328 900 432 964 burgum.

0 1070 84 1111 ,Lxffl
263 1053 358 1106 Qualem
368 1055 421 1104 post
430 1053 555 1094 orationem
564 1052 678 1104 prebebat.

137 1144 254 1232 Quando
265 1185 277 1214 a
287 1169 380 1229 privatis
396 1167 482 1214 redibat
499 1167 645 1226 orationibus,
660 1167 742 1231 quibus
759 1184 815 1230 pene
832 1167 856 1213 in

89 1233 164 1280 virum
175 1234 268 1280 alterum
282 1232 418 1289 mutabatur,
429 1250 518 1279 summo
536 1251 602 1296 opere
619 1233 722 1280 studebat
738 1250 761 1278 se
778 1232 856 1278 ceteris

90 1298 237 1355 conformare,
249 1316 276 1344 ne
287 1298 371 1360 ignitus
384 1314 492 1359 apparens
509 1315 562 1344 aura
579 1297 663 1344 favoris
680 1298 741 1361 quod
758 1298 857 1343 lucratus

90 1374 137 1409 erat
153 1365 272 1409 amitteret.
306 1365 362 1423 Sepe
373 1364 440 1408 etiam
451 1363 503 1408 talia
511 1362 656 1409 familiaribus
667 1364 723 1409 dixit
734 1382 738 1409 :
757 1362 857 1413 Quando

90 1428 211 1474 servusdei
222 1443 295 1485 orans,
306 1428 381 1491 aliqua
391 1444 449 1474 nova
459 1428 609 1473 consolatione
620 1427 723 1473 visitatur
734 1444 746 1472 a
757 1427 855 1483 domino,

91 1502 211 1555 antequam
221 1502 284 1538 exeat
294 1492 321 1537 ab
334 1492 442 1549 oratione,
451 1492 525 1550 debet,
533 1494 561 1538 ad
573 1492 644 1538 celum
656 1493 732 1537 oculos
743 1491 858 1538 sublevare

91 1568 113 1603 et
124 1558 207 1604 iunctis
223 1555 332 1614 manibus,
346 1557 439 1603 domino
455 1557 543 1603 dicere:
561 1558 629 1603 Istam
647 1557 820 1603 consolationem
836 1566 858 1602 et

92 1623 233 1668 dulcedinem
244 1623 299 1668 mihi
306 1623 415 1683 peccatori
426 1632 448 1667 et
455 1623 548 1684 indigno
559 1623 587 1668 de
598 1622 645 1667 celo
656 1622 743 1679 misisti,
751 1622 857 1677 domine3

92 1696 114 1731 et
125 1703 167 1749 ego
178 1687 269 1732 remitto
280 1685 341 1731 illam
352 1686 402 1741 tibi,
413 1696 439 1732 ut
452 1686 507 1731 mihi
524 1702 622 1731 reserves
632 1701 687 1742 eam,
699 1687 805 1747 quoniam
816 1701 859 1746 ego

92 1768 142 1797 sum
159 1751 217 1798 latro
234 1749 332 1797 thesauri
350 1750 390 1798 tui.
425 1750 456 1796 Et
473 1750 570 1796 iterum:
591 1750 698 1808 Domine,
715 1749 777 1796 aufer
794 1768 806 1795 a
823 1766 859 1794 me

80 1827 81 1830 ’
92 1816 178 1862 bonum
195 1827 261 1862 tuum
277 1816 300 1861 in
313 1816 356 1861 hoc
367 1817 449 1870 seculo,
461 1826 486 1862 ut
497 1833 595 1863 reserves
603 1816 658 1862 mihi
669 1816 727 1861 illud
738 1817 761 1861 in
772 1814 858 1861 futuro,

94 1882 133 1939 lta,
151 1882 239 1945 inquid,
257 1880 339 1938 debet3
365 1891 387 1926 et
406 1898 458 1927 cum
477 1882 523 1926 exit
541 1881 568 1927 ab
588 1882 696 1938 oratione,
715 1882 746 1927 sic
765 1896 860 1943 pauper-

93 1947 169 1990 culum
181 1958 203 1991 et
214 1956 352 2006 peccatorem
368 1945 416 1989 aliis
427 1962 449 1989 se
460 1946 563 1991 ostendat
573 1963 598 1990 ac
609 1947 627 1991 si
643 1948 727 1991 nullam
738 1947 766 1990 sit
778 1962 859 1991 novam

93 2010 187 2072 gratiam
196 2019 336 2055 consecutus.
362 2009 457 2054 Dicebat
464 2009 537 2055 enim:
550 2009 607 2055 Levi
616 2009 717 2055 mercede
724 2026 771 2054 rem
778 2008 861 2070 impre-

94 2074 193 2121 tiabilem
204 2073 315 2136 contingit
328 2074 429 2120 amittere
440 2084 462 2119 et
476 2074 548 2132 illum,
556 2075 595 2138 qui
605 2075 676 2132 dedit,
687 2075 715 2120 ad
722 2075 803 2120 iterum
815 2090 861 2119 non

95 2140 194 2186 dandum
203 2140 267 2185 facile
274 2139 400 2201 provocari.
424 2139 529 2202 Denique
538 2141 571 2185 sui
581 2140 650 2185 moris
659 2150 705 2185 erat
713 2150 759 2185 tam
768 2138 861 2195 furtive,

95 2213 140 2248 tam
157 2204 244 2261 leviter,
257 2204 285 2248 ad
303 2204 426 2248 orationem
437 2220 557 2264 assurgere,
568 2214 595 2247 ut
611 2205 722 2248 sotiorum
734 2204 809 2247 nullus
826 2203 862 2246 vel

1 2278 43 2318 Fol.
54 2278 224 2331 18v⁰surgentem
236 2267 342 2330 percipet,
354 2267 389 2312 vel
401 2277 500 2313 orantem
511 2283 516 2324 ;
534 2283 583 2313 sero
594 2278 669 2314 tamen
681 2284 731 2313 cum
740 2267 767 2313 ad
778 2266 861 2312 lectum

96 2330 188 2389 veniret,
209 2334 317 2379 somitum
335 2341 358 2377 et
377 2333 438 2395 quasi
459 2333 579 2396 strepitum
600 2332 700 2388 faciebat,
720 2343 746 2379 ut
762 2348 815 2378 suus
834 2331 861 2377 ab

96 2397 201 2445 omnibus
212 2399 332 2445 sentiretur
342 2396 455 2444 accubitus

2 2557 93 2602 aranu]
126 2547 255 2645 'Qimlo
278 2547 400 2599 episcopus
419 2548 536 2590 inveniens
555 2548 631 2600 ipsum
650 2551 753 2591 orantem
773 2547 863 2600 loquela

98 2611 200 2652 privans
213 2614 239 2644 es
251 2633 254 2641 .

146 2683 250 2755 Oronte
263 2719 338 2754 sancto
350 2708 482 2754 Francischo
495 2710 518 2754 in
534 2708 585 2755 loco
601 2711 629 2757 dc
645 2709 799 2766 Portiuncula‚
811 2727 865 2755 con-

97 2774 151 2837 tigit
167 2775 296 2836 episcopum
313 2772 392 2817 Assisii
410 2772 485 2818 venire
502 2773 530 2819 ad
547 2791 599 2819 eum
617 2774 762 2830 familiariter,
776 2785 802 2820 ut
819 2785 865 2820 erat

98 2840 185 2899 solitus,
197 2837 348 2893 visitandum;
365 2836 405 2900 qui
416 2853 469 2883 mox
480 2848 507 2883 ut
518 2838 591 2884 locum
604 2838 735 2902 ingreditur,
748 2838 775 2884 ad
787 2838 865 2903 cellam
