<?xml version="1.0" encoding="UTF-8"?>
<!DOCTYPE html PUBLIC "-//W3C//DTD XHTML 1.0 Transitional//EN"
    "http://www.w3.org/TR/xhtml1/DTD/xhtml1-transitional.dtd">
<html xmlns="http://www.w3.org/1999/xhtml" xml:lang="en" lang="en">
 <head>
  <title>
</title>
<meta http-equiv="Content-Type" content="text/html;charset=utf-8" />
  <meta name='ocr-system' content='tesseract 3.04.00' />
  <meta name='ocr-capabilities' content='ocr_page ocr_carea ocr_par ocr_line ocrx_word'/>
</head>
<body>
  <div class='ocr_page' id='page_1' title='image "./MN5146ucmf_4_0397.png"; bbox 0 0 1919 3169; ppageno 0'>
   <div class='ocr_carea' id='block_1_1' title="bbox 351 113 818 170">
    <p class='ocr_par' dir='ltr' id='par_1_1' title="bbox 351 113 818 170">
     <span class='ocr_line' id='line_1_1' title="bbox 351 113 818 170; baseline -0.011 -8"><span class='ocrx_word' id='word_1_1' title='bbox 351 113 530 162; x_wconf 86' lang='lat' dir='ltr'><strong>MIRACULA</strong></span> <span class='ocrx_word' id='word_1_2' title='bbox 556 148 557 151; x_wconf 18' lang='grc' dir='ltr'>η</span> <span class='ocrx_word' id='word_1_3' title='bbox 775 126 818 170; x_wconf 81' lang='lat'>119</span> 
     </span>
    </p>
   </div>
   <div class='ocr_carea' id='block_1_2' title="bbox 38 207 912 2909">
    <p class='ocr_par' dir='ltr' id='par_1_2' title="bbox 53 207 912 1348">
     <span class='ocr_line' id='line_1_2' title="bbox 53 207 818 274; baseline -0.004 -16"><span class='ocrx_word' id='word_1_4' title='bbox 53 221 75 258; x_wconf 86' lang='lat' dir='ltr'>et</span> <span class='ocrx_word' id='word_1_5' title='bbox 102 228 137 259; x_wconf 89' lang='lat' dir='ltr'>eas</span> <span class='ocrx_word' id='word_1_6' title='bbox 163 213 232 262; x_wconf 90' lang='lat' dir='ltr'>velud</span> <span class='ocrx_word' id='word_1_7' title='bbox 258 213 351 261; x_wconf 87' lang='lat' dir='ltr'>rationis</span> <span class='ocrx_word' id='word_1_8' title='bbox 378 211 496 274; x_wconf 81' lang='lat' dir='ltr'>participes</span> <span class='ocrx_word' id='word_1_9' title='bbox 523 225 585 255; x_wconf 88' lang='lat' dir='ltr'>more</span> <span class='ocrx_word' id='word_1_10' title='bbox 612 207 680 253; x_wconf 87' lang='lat' dir='ltr'>solito</span> <span class='ocrx_word' id='word_1_11' title='bbox 707 207 818 255; x_wconf 82' lang='lat' dir='ltr'>salutavit.</span> 
     </span>
     <span class='ocr_line' id='line_1_3' title="bbox 55 271 818 339; baseline -0.005 -19"><span class='ocrx_word' id='word_1_12' title='bbox 55 276 158 339; x_wconf 81' lang='lat' dir='ltr'>Cumque</span> <span class='ocrx_word' id='word_1_13' title='bbox 180 295 231 324; x_wconf 88' lang='lat' dir='ltr'>aves</span> <span class='ocrx_word' id='word_1_14' title='bbox 253 294 298 322; x_wconf 91' lang='lat' dir='ltr'>non</span> <span class='ocrx_word' id='word_1_15' title='bbox 320 286 444 338; x_wconf 81' lang='lat' dir='ltr'>surgerent,</span> <span class='ocrx_word' id='word_1_16' title='bbox 467 290 538 336; x_wconf 90' lang='lat' dir='ltr'>usque</span> <span class='ocrx_word' id='word_1_17' title='bbox 560 273 589 318; x_wconf 91' lang='lat' dir='ltr'>ad</span> <span class='ocrx_word' id='word_1_18' title='bbox 610 288 645 315; x_wconf 87' lang='lat' dir='ltr'>eas</span> <span class='ocrx_word' id='word_1_19' title='bbox 665 271 770 325; x_wconf 82' lang='lat' dir='ltr'>accessit3</span> <span class='ocrx_word' id='word_1_20' title='bbox 795 282 818 316; x_wconf 89' lang='lat' dir='ltr'>et</span> 
     </span>
     <span class='ocr_line' id='line_1_4' title="bbox 55 336 819 396; baseline -0.003 -13"><span class='ocrx_word' id='word_1_21' title='bbox 55 339 161 389; x_wconf 89' lang='lat' dir='ltr'>intereas</span> <span class='ocrx_word' id='word_1_22' title='bbox 178 343 261 389; x_wconf 88' lang='lat' dir='ltr'>vadens</span> <span class='ocrx_word' id='word_1_23' title='bbox 277 341 313 390; x_wconf 91' lang='lat' dir='ltr'>vel</span> <span class='ocrx_word' id='word_1_24' title='bbox 329 340 429 396; x_wconf 87' lang='lat' dir='ltr'>veniens,</span> <span class='ocrx_word' id='word_1_25' title='bbox 441 355 492 385; x_wconf 91' lang='lat' dir='ltr'>cum</span> <span class='ocrx_word' id='word_1_26' title='bbox 508 337 584 384; x_wconf 88' lang='lat' dir='ltr'>tunica</span> <span class='ocrx_word' id='word_1_27' title='bbox 601 351 641 381; x_wconf 86' lang='lat' dir='ltr'>sua</span> <span class='ocrx_word' id='word_1_28' title='bbox 657 336 727 396; x_wconf 88' lang='lat' dir='ltr'>capita</span> <span class='ocrx_word' id='word_1_29' title='bbox 743 350 819 381; x_wconf 89' lang='lat' dir='ltr'>earum</span> 
     </span>
     <span class='ocr_line' id='line_1_5' title="bbox 54 398 819 467; baseline -0.004 -19"><span class='ocrx_word' id='word_1_30' title='bbox 54 404 158 466; x_wconf 83' lang='lat' dir='ltr'>tangebat</span> <span class='ocrx_word' id='word_1_31' title='bbox 166 417 295 467; x_wconf 87' lang='lat' dir='ltr'>etcorpora.</span> <span class='ocrx_word' id='word_1_32' title='bbox 328 403 422 450; x_wconf 90' lang='lat' dir='ltr'>Interim</span> <span class='ocrx_word' id='word_1_33' title='bbox 430 403 512 466; x_wconf 81' lang='lat' dir='ltr'>gaudio</span> <span class='ocrx_word' id='word_1_34' title='bbox 520 412 542 447; x_wconf 91' lang='lat' dir='ltr'>et</span> <span class='ocrx_word' id='word_1_35' title='bbox 550 399 704 447; x_wconf 90' lang='lat' dir='ltr'>ammiratione</span> <span class='ocrx_word' id='word_1_36' title='bbox 712 398 819 460; x_wconf 82' lang='lat' dir='ltr'>repletus,</span> 
     </span>
     <span class='ocr_line' id='line_1_6' title="bbox 55 464 819 522; baseline -0.007 -9"><span class='ocrx_word' id='word_1_37' title='bbox 55 478 81 514; x_wconf 88' lang='lat' dir='ltr'>ut</span> <span class='ocrx_word' id='word_1_38' title='bbox 92 470 186 516; x_wconf 91' lang='lat' dir='ltr'>verbum</span> <span class='ocrx_word' id='word_1_39' title='bbox 198 471 242 516; x_wconf 91' lang='lat' dir='ltr'>Dei</span> <span class='ocrx_word' id='word_1_40' title='bbox 254 470 359 517; x_wconf 82' lang='lat' dir='ltr'>audirent</span> <span class='ocrx_word' id='word_1_41' title='bbox 370 468 464 514; x_wconf 81' lang='lat' dir='ltr'>sollicite</span> <span class='ocrx_word' id='word_1_42' title='bbox 475 467 609 522; x_wconf 81' lang='lat' dir='ltr'>ammonuit,</span> <span class='ocrx_word' id='word_1_43' title='bbox 621 465 712 512; x_wconf 87' lang='lat' dir='ltr'>dicens:</span> <span class='ocrx_word' id='word_1_44' title='bbox 731 464 819 509; x_wconf 86' lang='lat' dir='ltr'>Fratres</span> 
     </span>
     <span class='ocr_line' id='line_1_7' title="bbox 55 532 819 589; baseline -0.005 -13"><span class='ocrx_word' id='word_1_45' title='bbox 55 534 97 577; x_wconf 91' lang='lat' dir='ltr'>mei</span> <span class='ocrx_word' id='word_1_46' title='bbox 114 535 224 589; x_wconf 88' lang='lat' dir='ltr'>volucres,</span> <span class='ocrx_word' id='word_1_47' title='bbox 243 534 339 579; x_wconf 89' lang='lat' dir='ltr'>multum</span> <span class='ocrx_word' id='word_1_48' title='bbox 357 533 442 577; x_wconf 87' lang='lat' dir='ltr'>debetis</span> <span class='ocrx_word' id='word_1_49' title='bbox 461 532 551 577; x_wconf 90' lang='lat' dir='ltr'>laudare</span> <span class='ocrx_word' id='word_1_50' title='bbox 570 532 701 576; x_wconf 85' lang='lat' dir='ltr'>Creatorem</span> <span class='ocrx_word' id='word_1_51' title='bbox 717 538 819 574; x_wconf 89' lang='lat' dir='ltr'>vestrum</span> 
     </span>
     <span class='ocr_line' id='line_1_8' title="bbox 54 592 819 659; baseline -0.003 -19"><span class='ocrx_word' id='word_1_52' title='bbox 54 606 76 641; x_wconf 90' lang='lat' dir='ltr'>et</span> <span class='ocrx_word' id='word_1_53' title='bbox 104 596 177 656; x_wconf 91' lang='lat' dir='ltr'>ipsum</span> <span class='ocrx_word' id='word_1_54' title='bbox 205 598 298 659; x_wconf 83' lang='lat' dir='ltr'>diligere</span> <span class='ocrx_word' id='word_1_55' title='bbox 324 611 420 656; x_wconf 88' lang='lat' dir='ltr'>semper,</span> <span class='ocrx_word' id='word_1_56' title='bbox 447 597 486 656; x_wconf 90' lang='lat' dir='ltr'>qui</span> <span class='ocrx_word' id='word_1_57' title='bbox 513 594 595 655; x_wconf 89' lang='lat' dir='ltr'>plumis</span> <span class='ocrx_word' id='word_1_58' title='bbox 622 609 664 641; x_wconf 90' lang='lat' dir='ltr'>vos</span> <span class='ocrx_word' id='word_1_59' title='bbox 690 592 765 638; x_wconf 90' lang='lat' dir='ltr'>induit</span> <span class='ocrx_word' id='word_1_60' title='bbox 797 602 819 638; x_wconf 87' lang='lat' dir='ltr'>et</span> 
     </span>
     <span class='ocr_line' id='line_1_9' title="bbox 54 658 819 720; baseline -0.003 -17"><span class='ocrx_word' id='word_1_61' title='bbox 54 676 138 720; x_wconf 90' lang='lat' dir='ltr'>pennas</span> <span class='ocrx_word' id='word_1_62' title='bbox 168 659 247 706; x_wconf 83' lang='lat' dir='ltr'>tribuit</span> <span class='ocrx_word' id='word_1_63' title='bbox 281 661 309 706; x_wconf 91' lang='lat' dir='ltr'>ad</span> <span class='ocrx_word' id='word_1_64' title='bbox 342 659 472 706; x_wconf 88' lang='lat' dir='ltr'>volandum.</span> <span class='ocrx_word' id='word_1_65' title='bbox 522 658 582 704; x_wconf 92' lang='lat' dir='ltr'>Nam</span> <span class='ocrx_word' id='word_1_66' title='bbox 616 658 674 702; x_wconf 90' lang='lat' dir='ltr'>inter</span> <span class='ocrx_word' id='word_1_67' title='bbox 707 667 819 702; x_wconf 89' lang='lat' dir='ltr'>creaturas</span> 
     </span>
     <span class='ocr_line' id='line_1_10' title="bbox 55 721 817 783; baseline 0 -14"><span class='ocrx_word' id='word_1_68' title='bbox 55 739 131 769; x_wconf 92' lang='lat' dir='ltr'>omnes</span> <span class='ocrx_word' id='word_1_69' title='bbox 150 724 230 770; x_wconf 88' lang='lat' dir='ltr'>liberas</span> <span class='ocrx_word' id='word_1_70' title='bbox 248 742 289 771; x_wconf 91' lang='lat' dir='ltr'>vos</span> <span class='ocrx_word' id='word_1_71' title='bbox 305 724 359 770; x_wconf 82' lang='lat' dir='ltr'>fecit</span> <span class='ocrx_word' id='word_1_72' title='bbox 375 734 397 769; x_wconf 91' lang='lat' dir='ltr'>et</span> <span class='ocrx_word' id='word_1_73' title='bbox 416 725 472 769; x_wconf 89' lang='lat' dir='ltr'>aeris</span> <span class='ocrx_word' id='word_1_74' title='bbox 491 722 555 768; x_wconf 88' lang='lat' dir='ltr'>vobis</span> <span class='ocrx_word' id='word_1_75' title='bbox 574 722 671 769; x_wconf 89' lang='lat' dir='ltr'>contulit</span> <span class='ocrx_word' id='word_1_76' title='bbox 689 721 817 783; x_wconf 90' lang='lat' dir='ltr'>puritatem.</span> 
     </span>
     <span class='ocr_line' id='line_1_11' title="bbox 55 786 818 842; baseline -0.003 -10"><span class='ocrx_word' id='word_1_77' title='bbox 55 788 108 832; x_wconf 91' lang='lat' dir='ltr'>Non</span> <span class='ocrx_word' id='word_1_78' title='bbox 136 788 249 833; x_wconf 88' lang='lat' dir='ltr'>seminatis</span> <span class='ocrx_word' id='word_1_79' title='bbox 275 805 315 833; x_wconf 90' lang='lat' dir='ltr'>nec</span> <span class='ocrx_word' id='word_1_80' title='bbox 336 789 428 842; x_wconf 83' lang='lat' dir='ltr'>metitis,</span> <span class='ocrx_word' id='word_1_81' title='bbox 450 800 472 834; x_wconf 94' lang='lat' dir='ltr'>et</span> <span class='ocrx_word' id='word_1_82' title='bbox 494 788 540 832; x_wconf 90' lang='lat' dir='ltr'>sine</span> <span class='ocrx_word' id='word_1_83' title='bbox 567 796 640 831; x_wconf 84' lang='lat' dir='ltr'>vestra</span> <span class='ocrx_word' id='word_1_84' title='bbox 667 786 818 831; x_wconf 89' lang='lat' dir='ltr'>sollicitudine</span> 
     </span>
     <span class='ocr_line' id='line_1_12' title="bbox 54 850 818 912; baseline -0.003 -17"><span class='ocrx_word' id='word_1_85' title='bbox 54 865 94 895; x_wconf 86' lang='lat' dir='ltr'>vos</span> <span class='ocrx_word' id='word_1_86' title='bbox 111 850 227 912; x_wconf 83' lang='lat' dir='ltr'>gubernat.</span> <span class='ocrx_word' id='word_1_87' title='bbox 260 852 298 897; x_wconf 90' lang='lat' dir='ltr'>Ad</span> <span class='ocrx_word' id='word_1_88' title='bbox 315 852 354 896; x_wconf 96' lang='lat' dir='ltr'>hec</span> <span class='ocrx_word' id='word_1_89' title='bbox 373 850 458 897; x_wconf 89' lang='lat' dir='ltr'>avicule</span> <span class='ocrx_word' id='word_1_90' title='bbox 476 866 517 896; x_wconf 91' lang='lat' dir='ltr'>suo</span> <span class='ocrx_word' id='word_1_91' title='bbox 535 851 604 895; x_wconf 92' lang='lat' dir='ltr'>modo</span> <span class='ocrx_word' id='word_1_92' title='bbox 621 850 748 911; x_wconf 90' lang='lat' dir='ltr'>plurimum</span> <span class='ocrx_word' id='word_1_93' title='bbox 766 865 818 911; x_wconf 80' lang='lat' dir='ltr'>ges-</span> 
     </span>
     <span class='ocr_line' id='line_1_13' title="bbox 55 914 819 976; baseline 0.001 -18"><span class='ocrx_word' id='word_1_94' title='bbox 55 914 135 960; x_wconf 88' lang='lat' dir='ltr'>tientes</span> <span class='ocrx_word' id='word_1_95' title='bbox 154 925 262 976; x_wconf 90' lang='lat' dir='ltr'>ceperunt</span> <span class='ocrx_word' id='word_1_96' title='bbox 283 916 403 962; x_wconf 83' lang='lat' dir='ltr'>extendere</span> <span class='ocrx_word' id='word_1_97' title='bbox 424 914 487 971; x_wconf 86' lang='lat' dir='ltr'>colla,</span> <span class='ocrx_word' id='word_1_98' title='bbox 509 916 643 976; x_wconf 88' lang='lat' dir='ltr'>protendere</span> <span class='ocrx_word' id='word_1_99' title='bbox 662 915 713 969; x_wconf 82' lang='lat' dir='ltr'>alas,</span> <span class='ocrx_word' id='word_1_100' title='bbox 734 914 819 976; x_wconf 90' lang='lat' dir='ltr'>aperire</span> 
     </span>
     <span class='ocr_line' id='line_1_14' title="bbox 54 978 817 1042; baseline 0.003 -18"><span class='ocrx_word' id='word_1_101' title='bbox 54 995 92 1024; x_wconf 90' lang='lat' dir='ltr'>ora</span> <span class='ocrx_word' id='word_1_102' title='bbox 103 989 125 1024; x_wconf 89' lang='lat' dir='ltr'>et</span> <span class='ocrx_word' id='word_1_103' title='bbox 136 980 159 1025; x_wconf 89' lang='lat' dir='ltr'>in</span> <span class='ocrx_word' id='word_1_104' title='bbox 176 979 240 1025; x_wconf 86' lang='lat' dir='ltr'>illurn</span> <span class='ocrx_word' id='word_1_105' title='bbox 253 990 336 1026; x_wconf 89' lang='lat' dir='ltr'>attente</span> <span class='ocrx_word' id='word_1_106' title='bbox 352 980 466 1042; x_wconf 85' lang='lat' dir='ltr'>respicere.</span> <span class='ocrx_word' id='word_1_107' title='bbox 500 979 554 1025; x_wconf 90' lang='lat' dir='ltr'>Non</span> <span class='ocrx_word' id='word_1_108' title='bbox 569 988 622 1025; x_wconf 88' lang='lat' dir='ltr'>sunt</span> <span class='ocrx_word' id='word_1_109' title='bbox 637 989 699 1025; x_wconf 89' lang='lat' dir='ltr'>mote</span> <span class='ocrx_word' id='word_1_110' title='bbox 716 978 743 1024; x_wconf 91' lang='lat' dir='ltr'>de</span> <span class='ocrx_word' id='word_1_111' title='bbox 759 979 817 1038; x_wconf 85' lang='lat' dir='ltr'>loco,</span> 
     </span>
     <span class='ocr_line' id='line_1_15' title="bbox 54 1043 817 1105; baseline 0.001 -17"><span class='ocrx_word' id='word_1_112' title='bbox 54 1045 124 1089; x_wconf 92' lang='lat' dir='ltr'>donec</span> <span class='ocrx_word' id='word_1_113' title='bbox 142 1045 208 1105; x_wconf 87' lang='lat' dir='ltr'>signo</span> <span class='ocrx_word' id='word_1_114' title='bbox 228 1046 296 1089; x_wconf 91' lang='lat' dir='ltr'>crucis</span> <span class='ocrx_word' id='word_1_115' title='bbox 315 1044 374 1089; x_wconf 90' lang='lat' dir='ltr'>facto</span> <span class='ocrx_word' id='word_1_116' title='bbox 393 1044 446 1104; x_wconf 93' lang='lat' dir='ltr'>ipsis</span> <span class='ocrx_word' id='word_1_117' title='bbox 464 1044 576 1089; x_wconf 85' lang='lat' dir='ltr'>licentiam</span> <span class='ocrx_word' id='word_1_118' title='bbox 595 1054 618 1089; x_wconf 92' lang='lat' dir='ltr'>et</span> <span class='ocrx_word' id='word_1_119' title='bbox 639 1043 817 1090; x_wconf 86' lang='lat' dir='ltr'>benedictionem</span> 
     </span>
     <span class='ocr_line' id='line_1_16' title="bbox 54 1107 818 1170; baseline 0.003 -18"><span class='ocrx_word' id='word_1_120' title='bbox 54 1107 124 1152; x_wconf 83' lang='lat' dir='ltr'>dedit.</span> <span class='ocrx_word' id='word_1_121' title='bbox 158 1109 270 1154; x_wconf 87' lang='lat' dir='ltr'>Reversus</span> <span class='ocrx_word' id='word_1_122' title='bbox 289 1108 317 1154; x_wconf 89' lang='lat' dir='ltr'>ad</span> <span class='ocrx_word' id='word_1_123' title='bbox 335 1107 423 1163; x_wconf 84' lang='lat' dir='ltr'>fratres,</span> <span class='ocrx_word' id='word_1_124' title='bbox 445 1108 506 1170; x_wconf 88' lang='lat' dir='ltr'>quod</span> <span class='ocrx_word' id='word_1_125' title='bbox 526 1107 581 1154; x_wconf 91' lang='lat' dir='ltr'>olim</span> <span class='ocrx_word' id='word_1_126' title='bbox 600 1124 646 1153; x_wconf 87' lang='lat' dir='ltr'>non</span> <span class='ocrx_word' id='word_1_127' title='bbox 667 1107 818 1169; x_wconf 82' lang='lat' dir='ltr'>predicaverat</span> 
     </span>
     <span class='ocr_line' id='line_1_17' title="bbox 55 1171 912 1234; baseline 0.004 -18"><span class='ocrx_word' id='word_1_128' title='bbox 55 1171 132 1233; x_wconf 86' lang='lat' dir='ltr'>avibus</span> <span class='ocrx_word' id='word_1_129' title='bbox 144 1173 202 1233; x_wconf 90' lang='lat' dir='ltr'>cepit</span> <span class='ocrx_word' id='word_1_130' title='bbox 213 1188 235 1217; x_wconf 92' lang='lat' dir='ltr'>se</span> <span class='ocrx_word' id='word_1_131' title='bbox 247 1172 383 1234; x_wconf 82' lang='lat' dir='ltr'>negligentie</span> <span class='ocrx_word' id='word_1_132' title='bbox 394 1172 500 1218; x_wconf 89' lang='lat' dir='ltr'>incusare.</span> <span class='ocrx_word' id='word_1_133' title='bbox 533 1171 571 1217; x_wconf 86' lang='lat' dir='ltr'>Ab</span> <span class='ocrx_word' id='word_1_134' title='bbox 587 1172 626 1218; x_wconf 87' lang='lat' dir='ltr'>illo</span> <span class='ocrx_word' id='word_1_135' title='bbox 643 1188 697 1234; x_wconf 85' lang='lat' dir='ltr'>ergo</span> <span class='ocrx_word' id='word_1_136' title='bbox 714 1172 749 1218; x_wconf 90' lang='lat' dir='ltr'>die</span> <span class='ocrx_word' id='word_1_137' title='bbox 766 1189 817 1219; x_wconf 90' lang='lat' dir='ltr'>aves</span> <span class='ocrx_word' id='word_1_138' title='bbox 823 1175 863 1215; x_wconf 87' lang='lat' dir='ltr'>Fol.</span> <span class='ocrx_word' id='word_1_139' title='bbox 874 1177 912 1225; x_wconf 80' lang='lat'>46¹⁰</span> 
     </span>
     <span class='ocr_line' id='line_1_18' title="bbox 54 1235 817 1284; baseline 0.004 -3"><span class='ocrx_word' id='word_1_140' title='bbox 54 1246 77 1281; x_wconf 93' lang='lat' dir='ltr'>et</span> <span class='ocrx_word' id='word_1_141' title='bbox 99 1236 178 1282; x_wconf 87' lang='lat' dir='ltr'>bestias</span> <span class='ocrx_word' id='word_1_142' title='bbox 200 1246 222 1281; x_wconf 89' lang='lat' dir='ltr'>et</span> <span class='ocrx_word' id='word_1_143' title='bbox 245 1237 313 1282; x_wconf 90' lang='lat' dir='ltr'>etiam</span> <span class='ocrx_word' id='word_1_144' title='bbox 336 1235 473 1282; x_wconf 78' lang='lat' dir='ltr'>insensibiles</span> <span class='ocrx_word' id='word_1_145' title='bbox 500 1246 611 1283; x_wconf 86' lang='lat' dir='ltr'>creaturas</span> <span class='ocrx_word' id='word_1_146' title='bbox 633 1237 661 1283; x_wconf 91' lang='lat' dir='ltr'>ad</span> <span class='ocrx_word' id='word_1_147' title='bbox 683 1236 773 1283; x_wconf 87' lang='lat' dir='ltr'>laudem</span> <span class='ocrx_word' id='word_1_148' title='bbox 795 1249 817 1284; x_wconf 91' lang='lat' dir='ltr'>et</span> 
     </span>
     <span class='ocr_line' id='line_1_19' title="bbox 56 1300 561 1348; baseline 0.004 -2"><span class='ocrx_word' id='word_1_149' title='bbox 56 1300 168 1346; x_wconf 89' lang='lat' dir='ltr'>Creatoris</span> <span class='ocrx_word' id='word_1_150' title='bbox 184 1317 284 1347; x_wconf 91' lang='lat' dir='ltr'>amorem</span> <span class='ocrx_word' id='word_1_151' title='bbox 301 1301 409 1347; x_wconf 89' lang='lat' dir='ltr'>sollicitus</span> <span class='ocrx_word' id='word_1_152' title='bbox 425 1301 561 1348; x_wconf 90' lang='lat' dir='ltr'>hortabatur.</span> 
     </span>
    </p>

    <p class='ocr_par' dir='ltr' id='par_1_3' title="bbox 55 1364 820 2069">
     <span class='ocr_line' id='line_1_20' title="bbox 102 1364 818 1426; baseline 0.003 -18"><span class='ocrx_word' id='word_1_153' title='bbox 102 1364 141 1409; x_wconf 90' lang='lat' dir='ltr'>Ad</span> <span class='ocrx_word' id='word_1_154' title='bbox 165 1365 279 1426; x_wconf 88' lang='lat' dir='ltr'>quoddam</span> <span class='ocrx_word' id='word_1_155' title='bbox 302 1375 399 1409; x_wconf 90' lang='lat' dir='ltr'>castrum</span> <span class='ocrx_word' id='word_1_156' title='bbox 422 1365 513 1421; x_wconf 87' lang='lat' dir='ltr'>nomine</span> <span class='ocrx_word' id='word_1_157' title='bbox 534 1366 658 1410; x_wconf 84' lang='lat' dir='ltr'>Alvianum</span> <span class='ocrx_word' id='word_1_158' title='bbox 679 1364 747 1409; x_wconf 89' lang='lat' dir='ltr'>semel</span> <span class='ocrx_word' id='word_1_159' title='bbox 768 1380 818 1425; x_wconf 83' lang='lat' dir='ltr'>pre-</span> 
     </span>
     <span class='ocr_line' id='line_1_21' title="bbox 55 1427 818 1491; baseline 0 -16"><span class='ocrx_word' id='word_1_160' title='bbox 55 1428 169 1475; x_wconf 87' lang='lat' dir='ltr'>dicaturus</span> <span class='ocrx_word' id='word_1_161' title='bbox 181 1429 279 1481; x_wconf 84' lang='lat' dir='ltr'>accessit.</span> <span class='ocrx_word' id='word_1_162' title='bbox 315 1428 459 1491; x_wconf 85' lang='lat' dir='ltr'>Congregato</span> <span class='ocrx_word' id='word_1_163' title='bbox 476 1427 562 1490; x_wconf 90' lang='lat' dir='ltr'>populo</span> <span class='ocrx_word' id='word_1_164' title='bbox 580 1439 601 1475; x_wconf 91' lang='lat' dir='ltr'>et</span> <span class='ocrx_word' id='word_1_165' title='bbox 619 1428 704 1475; x_wconf 89' lang='lat' dir='ltr'>indicto</span> <span class='ocrx_word' id='word_1_166' title='bbox 721 1428 818 1486; x_wconf 89' lang='lat' dir='ltr'>silentio,</span> 
     </span>
     <span class='ocr_line' id='line_1_22' title="bbox 56 1493 818 1556; baseline 0.003 -19"><span class='ocrx_word' id='word_1_167' title='bbox 56 1502 147 1554; x_wconf 91' lang='lat' dir='ltr'>propter</span> <span class='ocrx_word' id='word_1_168' title='bbox 164 1494 288 1554; x_wconf 91' lang='lat' dir='ltr'>yrundines</span> <span class='ocrx_word' id='word_1_169' title='bbox 305 1493 443 1540; x_wconf 90' lang='lat' dir='ltr'>nidificantes</span> <span class='ocrx_word' id='word_1_170' title='bbox 461 1493 484 1537; x_wconf 90' lang='lat' dir='ltr'>in</span> <span class='ocrx_word' id='word_1_171' title='bbox 502 1493 581 1538; x_wconf 90' lang='lat' dir='ltr'>eodem</span> <span class='ocrx_word' id='word_1_172' title='bbox 602 1493 653 1539; x_wconf 92' lang='lat' dir='ltr'>loco</span> <span class='ocrx_word' id='word_1_173' title='bbox 675 1493 818 1556; x_wconf 88' lang='lat' dir='ltr'>multumque</span> 
     </span>
     <span class='ocr_line' id='line_1_23' title="bbox 56 1557 819 1620; baseline 0.003 -18"><span class='ocrx_word' id='word_1_174' title='bbox 56 1566 220 1619; x_wconf 88' lang='lat' dir='ltr'>perstrepentes</span> <span class='ocrx_word' id='word_1_175' title='bbox 242 1558 330 1620; x_wconf 90' lang='lat' dir='ltr'>penitus</span> <span class='ocrx_word' id='word_1_176' title='bbox 352 1557 424 1604; x_wconf 88' lang='lat' dir='ltr'>audiri</span> <span class='ocrx_word' id='word_1_177' title='bbox 451 1574 497 1603; x_wconf 90' lang='lat' dir='ltr'>non</span> <span class='ocrx_word' id='word_1_178' title='bbox 523 1567 629 1619; x_wconf 65' lang='lat' dir='ltr'>poterat.</span> <span class='ocrx_word' id='word_1_179' title='bbox 667 1557 819 1605; x_wconf 86' lang='lat' dir='ltr'>Audientibus</span> 
     </span>
     <span class='ocr_line' id='line_1_24' title="bbox 56 1621 818 1684; baseline 0.003 -19"><span class='ocrx_word' id='word_1_180' title='bbox 56 1621 169 1676; x_wconf 90' lang='lat' dir='ltr'>omnibus,</span> <span class='ocrx_word' id='word_1_181' title='bbox 188 1621 276 1667; x_wconf 91' lang='lat' dir='ltr'>locutus</span> <span class='ocrx_word' id='word_1_182' title='bbox 294 1632 327 1667; x_wconf 89' lang='lat' dir='ltr'>est</span> <span class='ocrx_word' id='word_1_183' title='bbox 345 1624 376 1666; x_wconf 87' lang='lat' dir='ltr'>eis</span> <span class='ocrx_word' id='word_1_184' title='bbox 395 1622 487 1667; x_wconf 89' lang='lat' dir='ltr'>dicens:</span> <span class='ocrx_word' id='word_1_185' title='bbox 505 1622 596 1667; x_wconf 85' lang='lat' dir='ltr'>Sorores</span> <span class='ocrx_word' id='word_1_186' title='bbox 618 1637 666 1667; x_wconf 89' lang='lat' dir='ltr'>mee</span> <span class='ocrx_word' id='word_1_187' title='bbox 689 1623 818 1684; x_wconf 86' lang='lat' dir='ltr'>yrundines,</span> 
     </span>
     <span class='ocr_line' id='line_1_25' title="bbox 56 1685 819 1750; baseline 0.005 -21"><span class='ocrx_word' id='word_1_188' title='bbox 56 1686 99 1729; x_wconf 90' lang='lat' dir='ltr'>iam</span> <span class='ocrx_word' id='word_1_189' title='bbox 119 1695 208 1748; x_wconf 89' lang='lat' dir='ltr'>tempus</span> <span class='ocrx_word' id='word_1_190' title='bbox 227 1695 260 1730; x_wconf 92' lang='lat' dir='ltr'>est</span> <span class='ocrx_word' id='word_1_191' title='bbox 279 1694 305 1729; x_wconf 91' lang='lat' dir='ltr'>ut</span> <span class='ocrx_word' id='word_1_192' title='bbox 322 1685 401 1748; x_wconf 88' lang='lat' dir='ltr'>loquar</span> <span class='ocrx_word' id='word_1_193' title='bbox 421 1694 443 1730; x_wconf 93' lang='lat' dir='ltr'>et</span> <span class='ocrx_word' id='word_1_194' title='bbox 462 1701 511 1748; x_wconf 84' lang='lat' dir='ltr'>ego,</span> <span class='ocrx_word' id='word_1_195' title='bbox 530 1686 581 1749; x_wconf 89' lang='lat' dir='ltr'>quia</span> <span class='ocrx_word' id='word_1_196' title='bbox 600 1703 640 1732; x_wconf 88' lang='lat' dir='ltr'>vos</span> <span class='ocrx_word' id='word_1_197' title='bbox 659 1703 730 1750; x_wconf 90' lang='lat' dir='ltr'>usque</span> <span class='ocrx_word' id='word_1_198' title='bbox 749 1687 819 1733; x_wconf 91' lang='lat' dir='ltr'>modo</span> 
     </span>
     <span class='ocr_line' id='line_1_26' title="bbox 56 1749 818 1808; baseline 0.001 -13"><span class='ocrx_word' id='word_1_199' title='bbox 56 1749 108 1795; x_wconf 89' lang='lat' dir='ltr'>satis</span> <span class='ocrx_word' id='word_1_200' title='bbox 129 1751 223 1797; x_wconf 85' lang='lat' dir='ltr'>dixistis.</span> <span class='ocrx_word' id='word_1_201' title='bbox 266 1750 352 1796; x_wconf 90' lang='lat' dir='ltr'>Audite</span> <span class='ocrx_word' id='word_1_202' title='bbox 373 1749 468 1797; x_wconf 88' lang='lat' dir='ltr'>verbum</span> <span class='ocrx_word' id='word_1_203' title='bbox 496 1751 548 1808; x_wconf 88' lang='lat' dir='ltr'>Dei,</span> <span class='ocrx_word' id='word_1_204' title='bbox 570 1761 671 1797; x_wconf 89' lang='lat' dir='ltr'>tenentes</span> <span class='ocrx_word' id='word_1_205' title='bbox 698 1750 818 1808; x_wconf 85' lang='lat' dir='ltr'>silentium,</span> 
     </span>
     <span class='ocr_line' id='line_1_27' title="bbox 57 1813 819 1876; baseline 0.001 -17"><span class='ocrx_word' id='word_1_206' title='bbox 57 1815 127 1859; x_wconf 90' lang='lat' dir='ltr'>donec</span> <span class='ocrx_word' id='word_1_207' title='bbox 138 1830 211 1859; x_wconf 91' lang='lat' dir='ltr'>sermo</span> <span class='ocrx_word' id='word_1_208' title='bbox 222 1813 315 1859; x_wconf 89' lang='lat' dir='ltr'>Domini</span> <span class='ocrx_word' id='word_1_209' title='bbox 327 1814 473 1874; x_wconf 86' lang='lat' dir='ltr'>compleatur.</span> <span class='ocrx_word' id='word_1_210' title='bbox 505 1816 539 1858; x_wconf 89' lang='lat' dir='ltr'>At</span> <span class='ocrx_word' id='word_1_211' title='bbox 550 1815 593 1870; x_wconf 83' lang='lat' dir='ltr'>ille,</span> <span class='ocrx_word' id='word_1_212' title='bbox 604 1826 712 1876; x_wconf 87' lang='lat' dir='ltr'>tanquam</span> <span class='ocrx_word' id='word_1_213' title='bbox 727 1816 819 1860; x_wconf 88' lang='lat' dir='ltr'>rationis</span> 
     </span>
     <span class='ocr_line' id='line_1_28' title="bbox 58 1877 820 1938; baseline 0.004 -17"><span class='ocrx_word' id='word_1_214' title='bbox 58 1893 151 1938; x_wconf 87' lang='lat' dir='ltr'>capaces,</span> <span class='ocrx_word' id='word_1_215' title='bbox 164 1877 239 1922; x_wconf 89' lang='lat' dir='ltr'>subito</span> <span class='ocrx_word' id='word_1_216' title='bbox 249 1887 375 1932; x_wconf 88' lang='lat' dir='ltr'>tacuerunt,</span> <span class='ocrx_word' id='word_1_217' title='bbox 387 1894 427 1922; x_wconf 91' lang='lat' dir='ltr'>nec</span> <span class='ocrx_word' id='word_1_218' title='bbox 438 1886 500 1925; x_wconf 84' lang='lat' dir='ltr'>more</span> <span class='ocrx_word' id='word_1_219' title='bbox 511 1888 563 1923; x_wconf 90' lang='lat' dir='ltr'>sunt</span> <span class='ocrx_word' id='word_1_220' title='bbox 574 1879 602 1924; x_wconf 88' lang='lat' dir='ltr'>de</span> <span class='ocrx_word' id='word_1_221' title='bbox 617 1878 674 1936; x_wconf 85' lang='lat' dir='ltr'>loco,</span> <span class='ocrx_word' id='word_1_222' title='bbox 687 1879 758 1924; x_wconf 92' lang='lat' dir='ltr'>donec</span> <span class='ocrx_word' id='word_1_223' title='bbox 774 1878 820 1925; x_wconf 84' lang='lat' dir='ltr'>fuir</span> 
     </span>
     <span class='ocr_line' id='line_1_29' title="bbox 57 1941 819 2006; baseline 0.005 -20"><span class='ocrx_word' id='word_1_224' title='bbox 57 1941 130 1987; x_wconf 90' lang='lat' dir='ltr'>omnis</span> <span class='ocrx_word' id='word_1_225' title='bbox 141 1942 263 2004; x_wconf 88' lang='lat' dir='ltr'>predicatio</span> <span class='ocrx_word' id='word_1_226' title='bbox 275 1952 410 1989; x_wconf 90' lang='lat' dir='ltr'>consumata.</span> <span class='ocrx_word' id='word_1_227' title='bbox 445 1942 532 1988; x_wconf 89' lang='lat' dir='ltr'>Omnes</span> <span class='ocrx_word' id='word_1_228' title='bbox 548 1944 586 2006; x_wconf 88' lang='lat' dir='ltr'>qui</span> <span class='ocrx_word' id='word_1_229' title='bbox 603 1943 716 2001; x_wconf 85' lang='lat' dir='ltr'>viderunt,</span> <span class='ocrx_word' id='word_1_230' title='bbox 728 1953 819 2005; x_wconf 89' lang='lat' dir='ltr'>stupore</span> 
     </span>
     <span class='ocr_line' id='line_1_30' title="bbox 58 2007 421 2069; baseline 0.003 -18"><span class='ocrx_word' id='word_1_231' title='bbox 58 2007 136 2067; x_wconf 90' lang='lat' dir='ltr'>repleti</span> <span class='ocrx_word' id='word_1_232' title='bbox 147 2007 328 2069; x_wconf 87' lang='lat' dir='ltr'>glorificaverunt</span> <span class='ocrx_word' id='word_1_233' title='bbox 338 2008 421 2053; x_wconf 83' lang='lat' dir='ltr'>Deum.</span> 
     </span>
    </p>

    <p class='ocr_par' dir='ltr' id='par_1_4' title="bbox 58 2071 820 2715">
     <span class='ocr_line' id='line_1_31' title="bbox 107 2071 819 2133; baseline 0.004 -17"><span class='ocrx_word' id='word_1_234' title='bbox 107 2071 134 2116; x_wconf 92' lang='lat' dir='ltr'>ln</span> <span class='ocrx_word' id='word_1_235' title='bbox 159 2073 248 2118; x_wconf 88' lang='lat' dir='ltr'>civitate</span> <span class='ocrx_word' id='word_1_236' title='bbox 274 2073 388 2117; x_wconf 90' lang='lat' dir='ltr'>Parmensi</span> <span class='ocrx_word' id='word_1_237' title='bbox 410 2072 500 2117; x_wconf 89' lang='lat' dir='ltr'>scolaris</span> <span class='ocrx_word' id='word_1_238' title='bbox 521 2073 613 2133; x_wconf 90' lang='lat' dir='ltr'>quidam</span> <span class='ocrx_word' id='word_1_239' title='bbox 634 2073 753 2133; x_wconf 87' lang='lat' dir='ltr'>yrundinis</span> <span class='ocrx_word' id='word_1_240' title='bbox 773 2084 819 2119; x_wconf 88' lang='lat' dir='ltr'>tam</span> 
     </span>
     <span class='ocr_line' id='line_1_32' title="bbox 58 2133 820 2199; baseline 0.005 -20"><span class='ocrx_word' id='word_1_241' title='bbox 58 2135 188 2196; x_wconf 89' lang='lat' dir='ltr'>importuna</span> <span class='ocrx_word' id='word_1_242' title='bbox 212 2136 343 2199; x_wconf 87' lang='lat' dir='ltr'>garrulitate</span> <span class='ocrx_word' id='word_1_243' title='bbox 370 2133 522 2188; x_wconf 78' lang='lat' dir='ltr'>infestabatur,</span> <span class='ocrx_word' id='word_1_244' title='bbox 544 2145 570 2181; x_wconf 90' lang='lat' dir='ltr'>ut</span> <span class='ocrx_word' id='word_1_245' title='bbox 597 2136 620 2180; x_wconf 90' lang='lat' dir='ltr'>in</span> <span class='ocrx_word' id='word_1_246' title='bbox 647 2135 697 2182; x_wconf 92' lang='lat' dir='ltr'>loco</span> <span class='ocrx_word' id='word_1_247' title='bbox 723 2135 765 2182; x_wconf 89' lang='lat' dir='ltr'>sibi</span> <span class='ocrx_word' id='word_1_248' title='bbox 792 2136 820 2183; x_wconf 88' lang='lat' dir='ltr'>ad</span> 
     </span>
     <span class='ocr_line' id='line_1_33' title="bbox 59 2200 820 2263; baseline 0.005 -19"><span class='ocrx_word' id='word_1_249' title='bbox 59 2200 215 2247; x_wconf 88' lang='lat' dir='ltr'>meditandum</span> <span class='ocrx_word' id='word_1_250' title='bbox 243 2200 365 2246; x_wconf 90' lang='lat' dir='ltr'>necessario</span> <span class='ocrx_word' id='word_1_251' title='bbox 392 2201 481 2261; x_wconf 85' lang='lat' dir='ltr'>penitus</span> <span class='ocrx_word' id='word_1_252' title='bbox 508 2215 554 2246; x_wconf 92' lang='lat' dir='ltr'>esse</span> <span class='ocrx_word' id='word_1_253' title='bbox 580 2215 626 2246; x_wconf 91' lang='lat' dir='ltr'>non</span> <span class='ocrx_word' id='word_1_254' title='bbox 647 2210 728 2262; x_wconf 88' lang='lat' dir='ltr'>posset.</span> <span class='ocrx_word' id='word_1_255' title='bbox 773 2202 820 2263; x_wconf 77' lang='lat' dir='ltr'>Qui</span> 
     </span>
     <span class='ocr_line' id='line_1_34' title="bbox 58 2263 820 2328; baseline 0.005 -19"><span class='ocrx_word' id='word_1_256' title='bbox 58 2263 222 2328; x_wconf 87' lang='lat' dir='ltr'>aliquantulum</span> <span class='ocrx_word' id='word_1_257' title='bbox 242 2276 325 2321; x_wconf 86' lang='lat' dir='ltr'>motus,</span> <span class='ocrx_word' id='word_1_258' title='bbox 344 2264 417 2311; x_wconf 91' lang='lat' dir='ltr'>dicere</span> <span class='ocrx_word' id='word_1_259' title='bbox 440 2265 512 2328; x_wconf 91' lang='lat' dir='ltr'>cepit:</span> <span class='ocrx_word' id='word_1_260' title='bbox 541 2264 593 2312; x_wconf 92' lang='lat' dir='ltr'>Hec</span> <span class='ocrx_word' id='word_1_261' title='bbox 614 2267 704 2327; x_wconf 86' lang='lat' dir='ltr'>yrundo</span> <span class='ocrx_word' id='word_1_262' title='bbox 726 2283 771 2313; x_wconf 91' lang='lat' dir='ltr'>una</span> <span class='ocrx_word' id='word_1_263' title='bbox 793 2268 820 2314; x_wconf 88' lang='lat' dir='ltr'>de</span> 
     </span>
     <span class='ocr_line' id='line_1_35' title="bbox 58 2328 820 2391; baseline 0.005 -17"><span class='ocrx_word' id='word_1_264' title='bbox 58 2328 102 2374; x_wconf 90' lang='lat' dir='ltr'>illis</span> <span class='ocrx_word' id='word_1_265' title='bbox 124 2330 167 2376; x_wconf 89' lang='lat' dir='ltr'>fuit</span> <span class='ocrx_word' id='word_1_266' title='bbox 189 2346 240 2391; x_wconf 92' lang='lat' dir='ltr'>que,</span> <span class='ocrx_word' id='word_1_267' title='bbox 262 2341 288 2376; x_wconf 91' lang='lat' dir='ltr'>ut</span> <span class='ocrx_word' id='word_1_268' title='bbox 309 2330 399 2390; x_wconf 84' lang='lat' dir='ltr'>legitur,</span> <span class='ocrx_word' id='word_1_269' title='bbox 422 2340 523 2376; x_wconf 87' lang='lat' dir='ltr'>sanctum</span> <span class='ocrx_word' id='word_1_270' title='bbox 545 2331 686 2376; x_wconf 87' lang='lat' dir='ltr'>Franciscum</span> <span class='ocrx_word' id='word_1_271' title='bbox 708 2332 820 2391; x_wconf 88' lang='lat' dir='ltr'>predicare</span> 
     </span>
     <span class='ocr_line' id='line_1_36' title="bbox 59 2392 820 2455; baseline 0.007 -19"><span class='ocrx_word' id='word_1_272' title='bbox 59 2392 185 2455; x_wconf 87' lang='lat' dir='ltr'>aliquando,</span> <span class='ocrx_word' id='word_1_273' title='bbox 197 2394 268 2439; x_wconf 91' lang='lat' dir='ltr'>donec</span> <span class='ocrx_word' id='word_1_274' title='bbox 278 2393 298 2438; x_wconf 89' lang='lat' dir='ltr'>ei</span> <span class='ocrx_word' id='word_1_275' title='bbox 310 2393 424 2438; x_wconf 87' lang='lat' dir='ltr'>silentium</span> <span class='ocrx_word' id='word_1_276' title='bbox 440 2394 574 2455; x_wconf 82' lang='lat' dir='ltr'>imponeret,</span> <span class='ocrx_word' id='word_1_277' title='bbox 585 2409 630 2438; x_wconf 92' lang='lat' dir='ltr'>non</span> <span class='ocrx_word' id='word_1_278' title='bbox 646 2395 754 2455; x_wconf 86' lang='lat' dir='ltr'>permisit.</span> <span class='ocrx_word' id='word_1_279' title='bbox 788 2396 820 2441; x_wconf 90' lang='lat' dir='ltr'>Et</span> 
     </span>
     <span class='ocr_line' id='line_1_37' title="bbox 60 2458 819 2520; baseline 0.007 -18"><span class='ocrx_word' id='word_1_280' title='bbox 60 2472 178 2505; x_wconf 87' lang='lat' dir='ltr'>conversus</span> <span class='ocrx_word' id='word_1_281' title='bbox 197 2459 225 2505; x_wconf 91' lang='lat' dir='ltr'>ad</span> <span class='ocrx_word' id='word_1_282' title='bbox 244 2458 386 2520; x_wconf 72' lang='lat' dir='ltr'>yrundinem</span> <span class='ocrx_word' id='word_1_283' title='bbox 404 2458 450 2504; x_wconf 89' lang='lat' dir='ltr'>ait:</span> <span class='ocrx_word' id='word_1_284' title='bbox 470 2459 497 2505; x_wconf 91' lang='lat' dir='ltr'>ln</span> <span class='ocrx_word' id='word_1_285' title='bbox 515 2460 605 2504; x_wconf 88' lang='lat' dir='ltr'>nomine</span> <span class='ocrx_word' id='word_1_286' title='bbox 621 2460 691 2505; x_wconf 86' lang='lat' dir='ltr'>sancti</span> <span class='ocrx_word' id='word_1_287' title='bbox 709 2460 819 2507; x_wconf 89' lang='lat' dir='ltr'>Francisci</span> 
     </span>
     <span class='ocr_line' id='line_1_38' title="bbox 59 2523 819 2585; baseline 0.008 -19"><span class='ocrx_word' id='word_1_288' title='bbox 59 2523 157 2585; x_wconf 91' lang='lat' dir='ltr'>precipio</span> <span class='ocrx_word' id='word_1_289' title='bbox 168 2523 209 2570; x_wconf 89' lang='lat' dir='ltr'>tibi</span> <span class='ocrx_word' id='word_1_290' title='bbox 221 2533 246 2569; x_wconf 92' lang='lat' dir='ltr'>ut</span> <span class='ocrx_word' id='word_1_291' title='bbox 257 2541 270 2569; x_wconf 91' lang='lat' dir='ltr'>a</span> <span class='ocrx_word' id='word_1_292' title='bbox 281 2539 316 2569; x_wconf 86' lang='lat' dir='ltr'>me</span> <span class='ocrx_word' id='word_1_293' title='bbox 328 2532 349 2568; x_wconf 89' lang='lat' dir='ltr'>te</span> <span class='ocrx_word' id='word_1_294' title='bbox 362 2523 409 2584; x_wconf 91' lang='lat' dir='ltr'>capi</span> <span class='ocrx_word' id='word_1_295' title='bbox 426 2524 551 2584; x_wconf 88' lang='lat' dir='ltr'>permictas.</span> <span class='ocrx_word' id='word_1_296' title='bbox 585 2523 638 2575; x_wconf 90' lang='lat' dir='ltr'>Que</span> <span class='ocrx_word' id='word_1_297' title='bbox 655 2524 677 2570; x_wconf 93' lang='lat' dir='ltr'>in</span> <span class='ocrx_word' id='word_1_298' title='bbox 695 2525 819 2572; x_wconf 87' lang='lat' dir='ltr'>continenti</span> 
     </span>
     <span class='ocr_line' id='line_1_39' title="bbox 59 2586 820 2651; baseline 0.007 -20"><span class='ocrx_word' id='word_1_299' title='bbox 59 2588 82 2631; x_wconf 90' lang='lat' dir='ltr'>in</span> <span class='ocrx_word' id='word_1_300' title='bbox 99 2587 169 2648; x_wconf 88' lang='lat' dir='ltr'>ipsius</span> <span class='ocrx_word' id='word_1_301' title='bbox 186 2589 288 2634; x_wconf 90' lang='lat' dir='ltr'>manibus</span> <span class='ocrx_word' id='word_1_302' title='bbox 309 2586 413 2634; x_wconf 80' lang='lat' dir='ltr'>avolavit.</span> <span class='ocrx_word' id='word_1_303' title='bbox 457 2587 599 2649; x_wconf 87' lang='lat' dir='ltr'>Stupefactus</span> <span class='ocrx_word' id='word_1_304' title='bbox 617 2588 705 2634; x_wconf 89' lang='lat' dir='ltr'>scolaris</span> <span class='ocrx_word' id='word_1_305' title='bbox 727 2590 820 2651; x_wconf 87' lang='lat' dir='ltr'>pristine</span> 
     </span>
     <span class='ocr_line' id='line_1_40' title="bbox 59 2650 819 2715; baseline 0.007 -20"><span class='ocrx_word' id='word_1_306' title='bbox 59 2650 155 2698; x_wconf 87' lang='lat' dir='ltr'>libertati</span> <span class='ocrx_word' id='word_1_307' title='bbox 177 2670 225 2698; x_wconf 91' lang='lat' dir='ltr'>eam</span> <span class='ocrx_word' id='word_1_308' title='bbox 247 2652 347 2698; x_wconf 89' lang='lat' dir='ltr'>restituit</span> <span class='ocrx_word' id='word_1_309' title='bbox 368 2663 391 2697; x_wconf 89' lang='lat' dir='ltr'>et</span> <span class='ocrx_word' id='word_1_310' title='bbox 418 2653 466 2698; x_wconf 91' lang='lat' dir='ltr'>eius</span> <span class='ocrx_word' id='word_1_311' title='bbox 493 2653 601 2715; x_wconf 84' lang='lat' dir='ltr'>garritum</span> <span class='ocrx_word' id='word_1_312' title='bbox 629 2652 657 2697; x_wconf 90' lang='lat' dir='ltr'>de</span> <span class='ocrx_word' id='word_1_313' title='bbox 678 2664 753 2699; x_wconf 91' lang='lat' dir='ltr'>cetero</span> <span class='ocrx_word' id='word_1_314' title='bbox 775 2672 819 2700; x_wconf 88' lang='lat' dir='ltr'>non</span> 
     </span>
    </p>

    <p class='ocr_par' dir='ltr' id='par_1_5' title="bbox 38 2716 152 2763">
     <span class='ocr_line' id='line_1_41' title="bbox 38 2716 152 2763; baseline 0.026 -3"><span class='ocrx_word' id='word_1_315' title='bbox 38 2723 39 2726; x_wconf 77' lang='grc'>’</span> <span class='ocrx_word' id='word_1_316' title='bbox 60 2716 152 2763; x_wconf 86' lang='lat' dir='ltr'>audivit.</span> 
     </span>
    </p>

    <p class='ocr_par' dir='ltr' id='par_1_6' title="bbox 108 2780 820 2829">
     <span class='ocr_line' id='line_1_42' title="bbox 108 2780 820 2829; baseline 0.003 -2"><span class='ocrx_word' id='word_1_317' title='bbox 108 2781 151 2827; x_wconf 85' lang='lat' dir='ltr'>Per</span> <span class='ocrx_word' id='word_1_318' title='bbox 161 2781 235 2827; x_wconf 92' lang='lat' dir='ltr'>lacum</span> <span class='ocrx_word' id='word_1_319' title='bbox 247 2781 367 2827; x_wconf 87' lang='lat' dir='ltr'>Reatinum</span> <span class='ocrx_word' id='word_1_320' title='bbox 379 2780 457 2826; x_wconf 87' lang='lat' dir='ltr'>beatus</span> <span class='ocrx_word' id='word_1_321' title='bbox 472 2781 600 2827; x_wconf 87' lang='lat' dir='ltr'>Franciscus</span> <span class='ocrx_word' id='word_1_322' title='bbox 616 2781 643 2826; x_wconf 88' lang='lat' dir='ltr'>ad</span> <span class='ocrx_word' id='word_1_323' title='bbox 660 2781 775 2828; x_wconf 90' lang='lat' dir='ltr'>heremum</span> <span class='ocrx_word' id='word_1_324' title='bbox 792 2784 820 2829; x_wconf 90' lang='lat' dir='ltr'>de</span> 
     </span>
    </p>

    <p class='ocr_par' dir='ltr' id='par_1_7' title="bbox 61 2844 821 2909">
     <span class='ocr_line' id='line_1_43' title="bbox 61 2844 821 2909; baseline 0.003 -17"><span class='ocrx_word' id='word_1_325' title='bbox 61 2844 142 2893; x_wconf 86' lang='lat' dir='ltr'>Grecio</span> <span class='ocrx_word' id='word_1_326' title='bbox 152 2846 253 2904; x_wconf 88' lang='lat' dir='ltr'>tendens,</span> <span class='ocrx_word' id='word_1_327' title='bbox 266 2847 288 2892; x_wconf 93' lang='lat' dir='ltr'>in</span> <span class='ocrx_word' id='word_1_328' title='bbox 300 2846 396 2909; x_wconf 90' lang='lat' dir='ltr'>quadarn</span> <span class='ocrx_word' id='word_1_329' title='bbox 409 2846 510 2894; x_wconf 87' lang='lat' dir='ltr'>navicula</span> <span class='ocrx_word' id='word_1_330' title='bbox 521 2846 634 2894; x_wconf 87' lang='lat' dir='ltr'>residebat.</span> <span class='ocrx_word' id='word_1_331' title='bbox 648 2880 650 2882; x_wconf 28' lang='grc' dir='ltr'>ψ</span> <span class='ocrx_word' id='word_1_332' title='bbox 670 2847 715 2895; x_wconf 92' lang='lat' dir='ltr'>Cui</span> <span class='ocrx_word' id='word_1_333' title='bbox 726 2848 821 2909; x_wconf 86' lang='lat' dir='ltr'>piscator</span> 
     </span>
    </p>
   </div>
   <div class='ocr_carea' id='block_1_3' title="bbox 0 0 969 3169">
    <p class='ocr_par' dir='ltr' id='par_1_8' title="bbox 0 0 969 3169">
     <span class='ocr_line' id='line_1_44' title="bbox 0 0 969 3169; baseline 0 0"><span class='ocrx_word' id='word_1_334' title='bbox 0 0 969 3169; x_wconf 95' lang='lat' dir='ltr'> </span> 
     </span>
    </p>
   </div>
  </div>
 </body>
</html>
