1919 3169
131 80 159 125 62
342 76 503 124 LEGENDA
521 77 680 125 GREGORl'l

179 176 248 223 Unde
259 174 344 231 accidit,
354 184 381 221 ut
392 172 460 219 frater
472 174 565 237 quidam
572 182 588 200 ²⁰
598 174 687 220 cuidam
698 175 790 237 pauperi
802 173 896 221 eleemo-

131 257 210 303 synam
227 239 350 303 postulanti
366 238 462 286 verbum
475 240 608 285 invectionis
623 238 717 285 inferret
728 240 820 285 dicens:
838 239 897 285 Vide

131 322 160 351 ne
172 305 230 351 forte
238 311 255 330 ²¹
270 303 299 349 sis
311 304 373 349 dives
389 312 411 348 et
423 302 514 349 simules
524 312 683 365 paupertatem.
718 303 789 354 Quod
803 304 897 349 audiens

131 379 193 432 pater
220 384 346 432 pauperum
373 376 462 412 sanctus
489 365 610 415 franciscus
636 367 733 431 graviter
760 366 852 424 doluit3
874 377 897 414 et

131 435 223 480 fratrem
234 434 287 478 talia
298 432 450 494 proferentem
456 441 472 458 ²²
483 433 603 479 durissime
617 433 740 494 increpavit
752 433 897 494 precepitque

132 501 152 543 ei
164 509 191 544 ut
202 513 277 542 coram
287 513 385 557 paupere
396 513 418 541 se
430 496 553 542 denudaret
570 514 594 542 ac
605 497 672 558 pedes
683 497 731 542 eius
739 505 755 528 ²³
766 496 897 543 deosculans

132 563 221 609 veniam
232 559 361 622 postularet.
394 559 475 605 Aiebat
486 576 583 623 namque
594 578 598 605 :
617 561 662 620 Qui
673 560 765 622 pauperi
777 559 896 619 maledicit,

132 627 214 673 christo
226 625 331 672 iniuriam
343 623 402 682 facit,
414 625 478 672 cuius
490 634 564 688 portat
575 624 650 671 nobile
662 625 760 688 signum,
772 625 811 688 qui
823 642 846 672 se
855 640 896 688 pro

130 693 195 737 nobis
211 689 264 737 fecit
280 706 400 752 pauperem
417 691 440 734 in
457 690 500 736 hoc
516 691 609 738 mundo.
645 691 784 752 Frequenter
800 691 897 751 proinde

130 757 246 804 inveniens
270 772 377 817 pauperes
401 754 476 817 lignis,
497 756 534 801 vel
556 755 604 800 aliis
625 754 715 801 sarcinis
737 764 847 811 oneratos
869 755 897 801 ad

130 822 283 867 adiuvandum
302 820 352 865 illos
369 820 473 880 proprios
490 820 604 877 humeros,
622 820 672 866 licet
689 820 785 865 nimium
805 820 896 877 debiles,

131 882 277 947 supponebat.
321 881 434 927 Affluebat
456 883 535 945 spiritu
563 882 681 939 charitatis,
704 883 794 945 pietatis
815 883 897 928 viscera

131 959 218 1013 gestans
240 963 287 993 non
309 947 382 992 solum
404 962 456 1009 erga
477 947 580 993 homines
605 948 757 993 necessitatem
780 949 897 1010 patientes,

130 1030 212 1061 verum
239 1013 330 1058 etiam²⁴
358 1027 410 1072 erga
418 1019 433 1043 ²⁵
458 1022 522 1056 muta
543 1012 654 1074 brutaque
676 1012 783 1069 animalia,
803 1013 897 1074 reptilia,

131 1078 231 1125 volatilia
241 1087 263 1122 et
275 1086 357 1122 ceteras
369 1074 482 1120 sensibiles
493 1086 515 1120 et
526 1074 663 1122 insensibiles
674 1086 791 1122 creaturas.

180 1143 223 1189 Sed
239 1142 263 1186 in
280 1141 343 1187 omui
360 1157 441 1202 genere
462 1140 600 1199 animalium,
622 1141 710 1202 speciali
732 1141 852 1187 dilectione
873 1158 898 1187 ac

111 1211 113 1214 ’
131 1206 265 1269 promptiori
276 1205 359 1252 affectu
369 1204 484 1265 agniculos
496 1204 609 1267 diligebat,
618 1221 645 1251 eo
657 1206 719 1267 quod
728 1206 815 1252 domini
827 1208 897 1252 nostri

132 1273 180 1317 iesu
200 1269 275 1316 christi
293 1267 408 1314 humilitas
425 1268 447 1313 in
465 1269 581 1330 scripturis
602 1270 668 1314 sacris
684 1285 743 1330 agno
765 1270 898 1315 assimilatur

132 1334 272 1399 frequentius
291 1342 313 1379 et
336 1332 504 1379 convenientius
521 1341 643 1396 coaptatur.
685 1334 720 1379 Sic
726 1331 742 1358 ²⁶
759 1333 836 1381 omnia
853 1333 897 1390 illa,

132 1402 237 1463 precipue
248 1399 272 1444 in
283 1397 366 1461 quibus
378 1396 416 1443 filii
428 1398 463 1443 dei
475 1408 550 1459 posset
561 1398 633 1460 aliqua
644 1398 769 1444 similitudo
780 1398 898 1462 allegorica

132 1465 232 1527 reperiri,
253 1461 419 1525 amplexabatur
440 1463 510 1507 carius
532 1472 554 1507 et
571 1461 661 1508 videbat
682 1462 795 1508 libentius.
837 1464 897 1509 Nam

133 1547 186 1575 cum
198 1538 300 1588 ternpore
313 1526 412 1588 quodam
423 1526 466 1571 iter
476 1525 559 1572 faceret
570 1543 608 1587 per
625 1527 745 1573 marchiam
762 1528 790 1574 de
806 1544 898 1587 ancona,

134 1602 156 1637 et
171 1593 195 1637 in
211 1591 288 1636 eadem
311 1590 399 1634 civitate
415 1588 510 1636 verbum
527 1590 563 1635 dei
580 1590 713 1651 predicasset
724 1599 753 1646 3²⁷
775 1606 799 1636 ac
819 1607 899 1638 versus

133 1658 249 1703 auximum
259 1656 274 1679 ²⁸
296 1670 348 1699 cum
370 1652 487 1698 domino²⁹
509 1652 584 1716 paulo,
606 1670 675 1716 quem
694 1654 824 1701 ministrum
846 1673 898 1702 cou-

135 1723 237 1769 stituerat
245 1721 269 1766 in
278 1720 355 1766 eadem
367 1720 481 1780 provincia
490 1720 593 1765 omnium
602 1719 705 1778 fratrum,
713 1721 754 1766 iter
765 1721 899 1782 arripuisset,

133 1787 220 1834 invenit
231 1786 254 1830 in
266 1784 349 1846 campis
359 1792 470 1846 pastorem
483 1784 603 1846 quemdam
617 1800 733 1846 caprarum
750 1796 772 1830 et
783 1786 898 1832 hircorum

133 1869 225 1914 gregem
234 1858 250 1882 ³⁰
268 1857 420 1910 pascentem-³⁰
462 1849 562 1910 Eratque
570 1857 586 1881 ³⁰
607 1848 665 1895 inter
687 1866 801 1911 caprarum
811 1859 825 1883 ³¹
853 1861 876 1897 et
884 1861 898 1885 ³¹

133 1921 263 1976 yrcorum,³¹
282 1912 432 1974 pluralitatem
442 1919 457 1941 ³²
474 1912 562 1957 ovicula
578 1929 623 1957 una
639 1929 734 1974 pergens
750 1913 859 1959 humilius
877 1925 900 1960 et

134 1979 233 2042 quietius
254 1991 352 2040 pascens.
385 1975 460 2035 Quam
483 1990 535 2021 cum
551 1976 661 2021 videret³³
677 1976 755 2022 beatus
771 1977 900 2035 franciscus,

134 2045 207 2090 fixitrr
218 2042 312 2106 gradum
324 2050 346 2086 et
363 2049 435 2086 tactus
451 2039 529 2086 dolore
545 2041 624 2097 cordis,
637 2042 768 2088 intrinsecus
784 2041 850 2088 altius
866 2043 900 2089 in-

134 2109 266 2171 gemiscens,
278 2106 335 2152 dixit
345 2105 372 2152 ad
384 2103 474 2151 fratrem
487 2104 525 2166 qui
537 2104 685 2152 comitabatur
695 2122 761 2153 eum:
779 2107 900 2170 Numquid

136 2191 182 2220 non
203 2187 270 2219 ovem
288 2170 344 2215 hanc
361 2170 440 2227 cernis,
457 2185 502 2232 que
517 2168 576 2215 inter
593 2170 631 2215 has
650 2186 725 2233 capras
746 2181 769 2217 et
788 2188 852 2234 yrcos
869 2173 900 2218 sic

134 2237 234 2284 ambulat
242 2235 373 2281 mansueta?
397 2234 433 2281 lta
443 2234 494 2279 dico
506 2233 553 2292 tibi,
563 2235 615 2296 quia
620 2242 635 2267 ³⁵
643 2236 749 2282 dominus
758 2246 834 2282 noster
841 2238 899 2284 iesus

136 2303 232 2348 christus
254 2300 312 2345 inter
328 2298 441 2359 phariseos
458 2308 480 2343 et
502 2299 611 2359 principes
633 2301 773 2346 sacerdotum
789 2301 850 2345 mitis
878 2312 900 2346 et

135 2364 228 2413 humilis
244 2361 376 2409 ambulabat.
410 2363 478 2425 Rogo
492 2370 513 2407 te
528 2373 651 2426 propterea,
663 2363 701 2422 fili,
713 2380 753 2426 per
770 2364 899 2411 charitatem

137 2433 213 2494 ipsius,
241 2440 267 2475 ut
289 2444 378 2475 mecum
404 2428 457 2474 huic
482 2428 622 2489 compatiaris
645 2430 748 2485 ovicule3
776 2440 798 2475 et
824 2429 900 2477 soluto

162 2562 178 2579 ²⁰
187 2557 215 2594 H.
225 2556 259 2593 and
267 2556 296 2593 M.
306 2557 354 2593 omit.
406 2558 421 2577 ²¹
431 2555 456 2590 L.
465 2554 499 2589 and
509 2552 547 2591 Ox.
556 2555 606 2590 omit.
683 2558 699 2575 ²²
709 2557 741 2591 Os.
749 2554 853 2605 loquentem.

162 2613 178 2638 ²3
188 2611 221 2645 Os.
230 2608 287 2644 omits.
415 2609 431 2634 24
441 2605 465 2643 L.
475 2613 498 2642 et.
627 2607 642 2632 ²⁵
652 2607 685 2644 Os.
694 2608 762 2653 segites,

162 2659 178 2684 2⁶
188 2658 216 2698 M.
226 2660 246 2696 si.
272 2659 310 2695 Ox.
320 2658 384 2708 sicque.
411 2657 442 2702 E„
452 2656 483 2703 L.,
494 2657 526 2694 Os.
535 2657 569 2694 and
578 2656 616 2702 W.‚
626 2657 681 2694 siciet.

162 2716 178 2742 ²7
188 2712 221 2750 Os.
230 2711 334 2762 predicabat.
386 2707 401 2732 ²⁸
411 2710 436 2747 L.
445 2709 533 2747 euxinum.
561 2710 598 2747 Ox.
608 2710 703 2748 auxinium.
755 2712 771 2740 ²⁹
782 2709 819 2748 Ox.
829 2711 887 2750 fraere,

162 2771 177 2795 ³⁰
187 2767 218 2803 Os.
228 2765 286 2802 omits.
337 2766 352 2791 ³1
363 2765 395 2800 Os.
404 2762 448 2800 adds
457 2775 535 2812 quorum.
585 2766 601 2790 ³²
610 2761 639 2798 M.
648 2764 705 2800 omits.
732 2764 765 2801 Os.
776 2763 862 2814 pluritate.

162 2823 177 2849 33
187 2820 225 2858 Ox.
235 2816 303 2854 vidisse.
355 2818 370 2845 34
379 2813 411 2853 W.
421 2813 482 2852 fixum.
534 2815 549 2842 35
559 2813 599 2853 Bor.
609 2814 652 2852 adds
661 2816 691 2852 sic.
