1919 3169
103 81 131 139 58
293 80 494 128 TRACTATUS
511 80 683 127 SECUNDUS

11 176 202 223 r01.20v⁰efficitur.
236 176 337 223 Perfecte
358 177 394 222 hic
415 177 474 239 cepit
496 177 518 223 in
535 178 614 224 ordine
630 177 756 225 conversari
778 187 801 223 et
817 192 867 240 pcr-

102 239 221 288 fectissime
237 242 321 289 Christi
337 242 408 304 gratia
425 242 572 289 consumavit.

23 360 99 402 [n-ch]
129 360 164 402 De
177 360 275 413 quodam
288 359 358 402 fratre
371 359 400 402 ab
413 360 610 412 impugnationem
623 360 727 403 demonis
740 359 841 403 liberato.

147 444 329 541 &emptatione
340 477 440 539 spiritua,
452 496 496 542 que
507 478 576 524 carnis
586 477 700 524 incentivo
717 478 822 525 subtilior
834 488 868 525 est

102 551 125 587 et
142 542 211 602 peior,
229 543 308 588 accidit
325 542 416 588 fratrem
439 544 560 605 quemdam
578 543 664 589 diutius
682 559 729 589 esse
745 553 867 598 vexatum

102 604 141 668 qui
152 605 243 651 tandem
254 607 282 653 ad
294 616 397 652 sanctum
413 607 571 652 Francischum
582 606 680 662 veniens,
692 607 720 652 ad
736 607 804 668 pedes
819 606 868 651 eius

102 685 125 715 se
136 670 230 731 proiecit
241 670 372 726 humiliter3
390 671 532 716 amarissimis
546 682 621 717 autem
638 670 750 717 inundans
765 670 869 732 lacrymis

103 734 135 779 nil
146 734 218 781 dicere
229 735 355 797 prevalebat
365 735 416 781 altis
426 736 577 798 singularibus
588 736 725 797 prepeditus.
758 736 870 781 Moretur

103 799 173 860 pietas
194 800 262 861 patris
283 801 307 844 in
328 816 381 845 eum
403 810 425 846 et
447 800 551 862 malignis
570 800 704 861 impulsibus
726 802 869 846 molestatum

104 877 246 923 cognoscens,
259 865 304 907 ait:
322 864 426 923 Precipio
442 865 512 918 vobis,
527 864 641 919 demones,
652 864 675 907 in
686 864 773 908 virtute
789 865 832 919 dei,
845 874 871 907 ut

104 926 202 971 admodo
223 926 316 972 fratrem
338 942 415 973 meum
438 942 483 972 non
511 927 656 989 impugnetiS,
678 927 736 974 sicut
763 928 870 974 hactenus

104 991 275 1053 presumpsistis.
309 992 366 1036 Mox
392 991 490 1037 discussa
517 991 661 1038 tenebrarum
688 990 787 1054 caligine,
813 989 870 1037 liber

103 1054 171 1102 frater
181 1057 279 1120 exurgit,
289 1072 329 1102 nec
340 1055 390 1118 plus
399 1057 540 1103 vexationem
552 1056 628 1113 sentit,
636 1073 704 1119 quam
713 1057 730 1103 si
742 1056 871 1104 nullatenus

103 1120 222 1168 habuisset.

17 1240 101 1283 [arcu]
212 1238 247 1280 De
260 1249 329 1290 porca
342 1238 445 1281 malefica
457 1249 502 1290 que
515 1239 660 1282 manducavit
673 1250 765 1290 agnum.

149 1335 225 1425 fid
252 1362 319 1408 bruta
342 1379 434 1424 quoque
460 1362 555 1409 verbum
582 1379 649 1408 suum
678 1362 778 1409 mirande
802 1362 871 1410 fuisse

103 1427 195 1475 virtutis
215 1427 267 1473 alibi
293 1426 346 1473 satis
373 1426 458 1482 elucet;
484 1437 575 1489 tangam
604 1437 679 1471 tamen
706 1444 786 1484 unum,
808 1429 871 1490 quod

103 1492 131 1538 ad
147 1508 241 1539 manum
262 1500 302 1537 est.
336 1490 462 1551 Hospitato
484 1491 581 1552 quadam
606 1500 670 1537 nocte
693 1506 757 1537 servo
782 1491 870 1538 Excelsi

102 1558 163 1619 apud
179 1556 341 1604 monasterium
352 1556 422 1602 sancti
433 1555 569 1614 verecundii,
580 1554 608 1602 de
618 1555 747 1618 episcopatu
760 1555 869 1618 Eugubii,

103 1623 191 1668 ovicula
207 1622 305 1686 quedam
321 1621 451 1683 agniculum
470 1622 556 1682 peperit
571 1621 609 1666 illa
625 1631 697 1667 nocte.
730 1621 815 1667 Aderat
832 1638 870 1667 sus

103 1687 256 1732 crudelissima
273 1702 317 1747 que
333 1686 380 1729 vite
399 1685 524 1729 innocentis
545 1701 590 1729 non
608 1701 706 1745 parcens,
725 1685 797 1746 rapaci
816 1702 869 1731 eum

103 1765 180 1797 morsu
191 1749 284 1796 necavit.
317 1749 436 1812 Surgentes
451 1748 553 1794 homines
570 1764 641 1804 mane,
655 1749 789 1795 invenerunt
806 1749 870 1811 agni-

103 1816 179 1862 culum
201 1825 324 1870 mortuum,
347 1824 503 1876 cognoscentes
524 1830 577 1860 vere
598 1829 662 1859 suem
686 1813 747 1860 illius
771 1813 870 1859 malefitii

102 1896 170 1926 ream.
219 1880 274 1925 Hoc
312 1878 398 1935 audit0,
435 1878 491 1924 mira
530 1879 683 1939 compassione
720 1879 771 1940 pius
808 1889 871 1940 pater

103 1955 224 2000 movetur3
248 1953 270 1988 et
288 1943 340 2003 agni
360 1942 476 1987 cuiusdam
495 1941 586 1988 alterius
604 1943 733 1987 recordatus
752 1953 870 1988 mortuum

102 2007 238 2054 lamentatur
252 2005 390 2071 agniculum,
404 2022 478 2051 coram
495 2005 600 2052 omnibus
617 2007 708 2052 dicens:
726 2007 791 2062 Heu,
802 2005 871 2052 frater

102 2074 212 2137 agnicule,
229 2071 311 2119 animal
331 2071 444 2128 innocens,
462 2070 518 2118 utile
537 2087 625 2133 semper
643 2070 773 2118 hominibus
795 2088 871 2135 repre-

102 2139 201 2185 sentans!
237 2136 360 2183 Maledicta
377 2137 406 2181 sit
423 2137 497 2198 impia,
514 2154 557 2200 que
572 2147 594 2182 te
607 2136 731 2192 interfecit3
747 2136 869 2200 nullusque

102 2221 130 2250 ex
146 2221 171 2249 ea
188 2204 291 2250 comedat
306 2201 383 2258 homo,
395 2200 431 2248 vel
448 2200 524 2248 bestia.
557 2201 661 2248 Mirabile
677 2201 755 2249 dictu!
790 2202 870 2249 Statim

102 2269 191 2313 infirma
215 2268 274 2328 cepit
299 2282 367 2325 porca
394 2265 491 2310 malefica
515 2276 538 2310 et
562 2266 636 2310 tribus
659 2266 738 2310 diebus
760 2283 870 2327 penarum

102 2341 215 2378 tormenta
241 2329 379 2393 persolvens
407 2328 511 2375 ultricem
539 2330 630 2376 tandem
660 2329 754 2391 pertulit
787 2345 869 2379 necem.

103 2398 206 2443 Proiecta
222 2406 256 2442 est
271 2404 347 2441 autem
362 2393 386 2439 in
402 2392 461 2439 vallo
478 2394 615 2450 monasterii,
627 2393 666 2440 ubi
683 2394 753 2456 longo
769 2405 871 2457 tempore

103 2462 175 2509 iacens
186 2462 209 2508 in
221 2461 317 2508 modum
327 2458 403 2506 tabule
415 2459 522 2506 desiccata
534 2459 589 2505 nulli
601 2458 646 2506 fuit
661 2475 710 2505 esca
720 2459 830 2507 famelico.

7 2586 112 2682 [ΜΕΠΙ]1
145 2587 186 2681 Deb
192 2584 300 2681 ipgienda
317 2584 469 2626 familiaritate
487 2584 607 2626 mulierum
625 2588 648 2626 et
661 2584 758 2636 qualiter
771 2596 823 2626 cum
837 2585 870 2627 eis

112 2652 172 2692 oque
187 2652 201 2681 a
212 2651 245 2681 ur.

149 2728 263 2806 mellita
280 2753 366 2808 tossica,
383 2751 544 2799 familiaritates
562 2753 666 2799 videlicet
683 2754 814 2808 mulierum,
826 2770 871 2815 que

104 2820 127 2865 in
138 2835 236 2866 errorem
248 2818 361 2864 inducunt
371 2817 438 2862 etiam
449 2818 559 2878 sapientes
570 2828 593 2863 et
604 2818 664 2863 viros
675 2828 768 2874 sanctos,
779 2816 871 2865 iubebat
