1919 3169
141 86 168 132 16
351 85 512 132 LEGENDA
528 86 687 133 GREGORII

137 200 149 226 a
161 199 203 228 suo
214 182 330 246 proposito
340 197 445 226 revocare
456 197 502 225 non
513 192 597 243 posset,
609 191 722 226 commota
737 192 792 227 sunt
803 193 902 228 materna

137 247 221 293 viscera
241 262 308 309 super
325 261 396 301 eum3
417 254 440 291 et
459 244 578 292 confractis
596 245 700 303 vinculis,
720 263 772 292 eum
790 246 902 293 liberumt

137 311 196 358 abire
207 311 325 374 permisit.⁵
357 312 390 356 At
408 310 456 373 ipse
467 311 547 374 gratias
563 310 715 374 omnipotenti
732 311 776 357 deo
795 309 901 370 referens,

138 377 165 424 ad
177 377 261 433 locum,
273 376 312 423 in⁶
322 375 384 438 quo⁶
395 375 467 422 fuerat
479 377 540 437 prius
551 377 653 423 concitus
664 386 698 423 est
709 385 827 424 reversus.⁷

409 554 520 584 PROBATA
538 555 630 585 VIRTUS.

186 660 335 707 Maiorienim
346 659 448 706 libertate
459 660 503 706 iam
515 660 588 712 utitur
598 660 749 706 tentationum
760 661 902 707 documentis

137 727 244 788 probatus
260 736 283 771 et
298 734 390 784 propter
411 723 545 785 multiplicia
566 723 623 770 bella
644 725 781 786 imaginem8
798 726 903 772 induerat

136 790 246 835 letiorem.
290 788 430 833 Securiorem
452 804 480 832 ex
501 787 589 832 iniuriis
616 798 727 849 receperat
753 789 855 834 animum
880 799 903 833 et

136 852 207 900 liber9
218 851 303 917 ubique
321 866 416 914 pergens
433 852 598 914 magnanimior
614 852 735 900 incedebat.
770 854 902 900 Revertitur

137 921 220 965 interea
226 927 243 944 ¹⁰
253 927 330 979 pater;
346 927 369 962 et
380 933 407 962 eo
419 933 465 962 non
477 917 578 974 invento,
590 927 680 979 peccato
691 918 786 980 peccatis
797 935 902 965 accumu-

137 984 184 1028 lans
201 983 229 1029 ad
248 980 348 1028 convicia
369 980 446 1027 uxoris
462 982 609 1027 convertitur.
649 982 754 1027 Cucurrit
776 983 858 1028 deinde
874 984 902 1028 ad

136 1049 212 1093 locum
229 1047 326 1091 fremens
345 1056 368 1090 et
383 1053 547 1105 perstrepens‚¹¹
565 1056 598 1102 ut,
619 1045 638 1091 si
660 1063 713 1093 eum
730 1063 833 1092 revocare
856 1064 900 1092 non

137 1121 220 1174 posset,
237 1111 315 1157 saltem
323 1117 339 1134 ¹²
355 1109 384 1155 de
400 1109 515 1171 provincia
531 1107 646 1172 effugaret.

183 1175 270 1223 Verum
290 1174 343 1236 quia
360 1174 428 1219 timor
450 1173 509 1219 dei¹³
531 1174 612 1219 fiducia
634 1183 668 1219 est
688 1173 855 1230 fortitudinis‚¹⁴
876 1185 903 1221 ut

137 1241 224 1287 audivit
245 1239 355 1286 carnalem
377 1248 463 1299 patrem
484 1238 555 1299 gratie
577 1237 637 1283 filius
664 1239 692 1284 ad
720 1255 743 1284 se
765 1240 901 1297 venientem,

137 1322 228 1351 securus
238 1315 261 1350 er
272 1304 330 1349 letus
341 1301 402 1348 ultro
419 1319 442 1348 se
458 1301 549 1358 obtulit,
560 1301 630 1348 libera
640 1320 696 1350 voce
712 1303 815 1361 clamans,
827 1321 850 1349 se
861 1322 902 1366 pro

136 1369 208 1414 nihilo
219 1369 302 1414 ducere
321 1365 410 1411 vincula
426 1375 449 1410 et
464 1366 555 1411 verbera
571 1367 628 1411 eius.
669 1367 765 1427 Insuper
778 1377 902 1424 attestatur,

136 1450 159 1479 se
176 1449 218 1495 pro
236 1430 312 1478 christi
333 1430 425 1475 nomine
447 1430 571 1493 gaudenter
588 1428 646 1475 mala
667 1431 743 1475 omnia
764 1431 899 1478 subiturum.

135 1498 222 1544 Videris
233 1506 310 1543 autem
321 1504 390 1557 pater,
402 1495 464 1557 quod
476 1494 502 1539 ab
514 1495 605 1556 incepto
622 1495 702 1540 itinere
713 1511 764 1540 eum
773 1503 787 1527 ¹⁵
799 1512 902 1543 revocare

137 1579 183 1607 non
194 1571 276 1623 posset,
288 1570 349 1604 totus
361 1560 389 1605 ad
399 1559 575 1619 extorquendam
587 1560 704 1620 pecuniam
716 1560 843 1622 instigatur.

184 1625 356 1672 Desideraverat
366 1623 402 1671 vir
416 1623 452 1669 dei
469 1640 517 1669 eam
536 1623 559 1668 in
577 1639 701 1685 pauperum
720 1624 782 1670 victu
802 1635 824 1671 et
842 1625 902 1671 illius

135 1692 179 1737 loci
206 1690 300 1737 edificiis
326 1698 398 1735 totam
425 1689 550 1750 expendere
576 1704 600 1734 ac
627 1688 725 1750 prebere.
769 1690 811 1735 Sed
838 1692 900 1752 qui16

136 1756 252 1819 pecuniam
275 1769 321 1800 non
342 1752 436 1809 amabat,
458 1752 519 1798 nulla
541 1753 569 1798 de
591 1754 638 1813 ipsa
659 1753 732 1814 specie
755 1752 807 1800 boni
827 1755 900 1816 decipi

136 1830 226 1882 potest3
245 1830 267 1864 et
278 1818 316 1878 qui
328 1817 391 1862 nullo
402 1815 473 1878 ipsius
484 1816 624 1863 detinebatur
635 1816 725 1873 affectu,
736 1817 764 1863 ad
775 1818 823 1864 eius
836 1820 900 1865 amis-

137 1884 224 1929 sionem
235 1882 259 1927 in
270 1881 345 1943 aliquo
357 1897 403 1925 non
415 1879 524 1926 turbatur.

184 1949 280 1995 Inventa
289 1946 366 2008 itaque
377 1944 477 2007 pecunia,
488 1960 557 2007 quam
572 1943 682 1990 maximus
695 1954 836 1991 terrenorum
848 1962 901 1993 con-

136 2023 237 2075 temptor
251 2023 274 2058 et
291 2010 406 2056 celestium
428 2009 560 2055 divitiarum
578 2009 645 2056 nimis
662 2010 758 2070 cupidus
777 2011 902 2073 exquisitor

136 2080 160 2125 in
186 2077 303 2139 pulverem
335 2084 357 2120 et
383 2072 501 2120 fenestram
530 2083 663 2131 excusserat,
695 2074 800 2122 sevientis
832 2076 902 2136 patris

135 2139 298 2204 aliquantulum
313 2138 455 2199 extinguitur
471 2136 535 2183 furor
552 2147 574 2183 et
594 2137 686 2184 avaritie
700 2138 748 2184 sitis
764 2139 902 2186 inventionis

135 2222 219 2268 vapore
240 2215 364 2265 utcumque
384 2201 537 2264 restinguitur.
571 2201 641 2257 Ducit
661 2218 714 2246 eum
731 2201 812 2247 deinde
828 2219 902 2249 coram

136 2271 240 2334 episcopo
251 2268 352 2325 civitatis,
363 2276 390 2313 ut
400 2266 424 2312 in
437 2266 506 2329 ipsius
521 2265 623 2312 manibus
636 2265 741 2312 omnibus
757 2267 805 2312 eius
821 2284 902 2315 renun-

136 2338 193 2382 tians
210 2332 359 2388 facultatibus,
370 2331 446 2377 omnia
461 2331 556 2388 rederet,
571 2347 615 2392 que
632 2330 731 2377 habebat.
773 2332 843 2383 Quod
856 2350 902 2379 non

137 2399 211 2446 solum
225 2399 271 2461 ipse
285 2412 330 2441 non
343 2395 426 2453 renuit,
443 2394 482 2440 sed
499 2404 521 2439 et
528 2402 543 2426 ¹⁷
562 2394 661 2440 multum
678 2395 779 2457 gaudens
795 2408 902 2461 prompto

138 2464 214 2512 animo
225 2460 351 2510 acceleravit
361 2460 434 2507 facere
445 2458 562 2521 postulata.

177 2624 185 2649 a
196 2616 234 2654 Ox.
244 2615 340 2653 liberatum.
392 2615 399 2641 ⁵
410 2613 433 2649 E.
444 2612 477 2649 and
489 2611 529 2648 Ox.
540 2624 622 2649 rxoanrn
631 2624 700 2650 vrxrus.
764 2612 772 2635 ⁶
786 2613 819 2652 Os.
828 2616 863 2653 ubi.

175 2675 182 2699 7
193 2670 232 2705 Bol.
243 2667 327 2704 conditus.
404 2665 412 2688 3
422 2664 455 2701 Os.
466 2666 527 2701 inserts
537 2678 580 2701 eam.
641 2669 650 2693 9
663 2666 695 2702 Os.
705 2666 765 2701 inserts
774 2680 851 2715 pergens,

177 2725 192 2743 1⁰
202 2719 229 2757 M.
239 2720 314 2767 inquam.
417 2718 431 2737 Π
442 2715 470 2752 M.
479 2724 571 2763 astrepens.
675 2719 689 2737 1²
698 2714 730 2752 W.
740 2715 803 2754 saltim.

176 2778 190 2800 1³
201 2771 239 2810 Ox.
249 2769 283 2807 and
291 2766 322 2805 W.
333 2767 404 2803 domini.
457 2769 472 2796 ¹4
481 2764 514 2803 Os.
523 2766 584 2802 inserts
592 2766 634 2802 eius.
688 2768 702 2795 ¹5
712 2765 744 2803 Os.
753 2767 814 2816 ipsum.

178 2824 192 2850 ¹⁶
202 2826 235 2873 L.‚
246 2822 274 2861 M.
284 2822 318 2860 and
328 2823 366 2859 Ox.
376 2821 424 2858 omit.
569 2820 583 2845 ¹7
594 2820 618 2855 L.
629 2819 686 2856 omits.
