1919 3169
141 123 170 181 84
324 120 525 168 TRACTATUS
543 120 719 170 SECUNDUS

139 235 197 273 caro,
219 236 264 282 que
285 219 330 264 iam
345 228 425 279 sponte
440 218 530 280 spiritui
549 235 572 263 se
593 218 709 275 subdebat,
729 218 793 264 nullo
814 228 907 280 propter

139 282 232 329 offensas
253 291 328 345 egeret
346 282 441 344 flagello,
461 292 536 328 tamen
552 282 647 344 exempli
666 299 730 329 causa
746 283 868 329 renovabat
883 282 907 328 in

139 364 254 410 capenas,
269 348 343 393 solum
357 357 448 409 propter
464 347 519 393 alios
531 347 659 394 custodiens
673 348 720 393 vias
731 347 804 393 duras.
838 348 907 393 Recte

140 413 239 477 quidem,
246 413 352 477 quoniam
363 412 414 474 plus
425 412 453 459 ad
459 430 559 472 manum,
568 429 634 477 quam
646 412 674 458 ad
681 412 782 476 linguam
789 412 907 474 respicitur

140 479 283 539 prelatorum.
328 478 402 524 Manu
423 488 486 540 pater
507 478 624 541 perorabas
648 478 744 534 suavius,
766 477 907 540 persuasabas

50 542 234 599 F01·30'⁰faeilius‚
253 541 360 605 probabat
376 552 398 588 et
415 543 512 589 certius:
532 545 551 589 si
568 543 651 605 linguis
666 543 784 588 hominum
801 544 908 606 loquatur

140 619 162 653 et
181 607 320 671 angelorum,
338 607 435 653 caritatis
454 618 530 654 autem
547 607 647 670 exempla
666 624 711 654 non
728 617 861 665 monstrent,
883 608 906 654 in

138 689 225 732 parum,
237 673 278 719 sibi
296 672 363 717 nichil
375 689 417 733 pro
428 683 481 719 sunt
492 688 498 728 ;
515 690 594 719 verum
606 673 644 718 ubi
655 673 800 735 reprehensor
815 672 907 725 minime

139 734 274 782 formidatur
283 745 305 783 et
316 745 349 781 est
360 752 402 796 pro
412 738 498 782 ratione
508 737 620 791 voluntas,
629 737 680 782 satis
691 738 719 782 ad
730 738 824 782 salutem
836 737 908 799 sigilla

139 801 268 849 sufficiunt?
309 801 445 848 Faciendum
462 811 537 847 tamen
554 801 616 866 quod
635 801 753 858 intonant3
775 811 809 857 ut,
826 801 907 848 ieiunis

140 867 291 923 canalibus,ad
298 868 381 912 areolas
389 868 472 912 fluenta
481 878 638 928 pertranseant.
658 868 784 929 Colligatur
792 867 907 913 interdum

140 948 190 977 rosa
201 931 229 978 de
240 931 316 994 spinis,
328 941 353 977 ut
364 931 435 977 maior
446 932 528 977 minori
539 932 625 980 serviat.

49 1083 137 1123 [A-chj]
347 1074 381 1115 De
394 1074 541 1115 similitudine
554 1073 703 1117 subditorum.

186 1150 248 1243 ἔασι
269 1200 323 1230 vero
345 1184 396 1246 quis
418 1183 527 1229 Francisci
549 1183 724 1230 sollicitudinem
746 1201 788 1247 pro
812 1184 909 1232 subditis

141 1249 235 1297 induit?
277 1248 348 1295 Leuat
370 1248 407 1294 ille
429 1265 516 1310 semper
537 1249 564 1294 ad
592 1250 664 1295 celum
688 1266 767 1295 manus
788 1266 829 1313 pro
851 1251 909 1296 veris

140 1313 242 1359 israelitis
268 1322 291 1357 et
317 1312 351 1357 sui
376 1314 511 1376 quandoque
539 1313 609 1358 oblito
636 1314 707 1375 prima
730 1313 826 1360 fraterna
850 1315 909 1361 salus

141 1379 244 1426 occurrit.
273 1377 421 1425 Provoluitur
429 1378 524 1440 pedibus
536 1378 662 1435 maiestatis
673 1378 805 1425 sacrificium
818 1379 909 1441 spiritus

141 1460 182 1506 pro
194 1444 238 1489 suis
250 1443 323 1498 offert,
336 1444 396 1505 cogit
409 1444 437 1490 ad
454 1443 557 1488 benefitia
573 1443 699 1489 dominum.
733 1446 802 1507 Gregi
819 1444 907 1507 pusillo,

142 1526 209 1572 quem
223 1519 274 1570 post
291 1524 313 1553 se
331 1518 434 1565 traxerat,
445 1508 512 1570 pleno
530 1508 617 1555 timoris
634 1525 709 1555 amore
727 1510 869 1572 compatitur,
882 1526 909 1556 ne

142 1584 194 1633 post
201 1573 315 1634 perditum
323 1573 435 1618 mundum
443 1573 536 1635 perdere
547 1574 662 1635 contingat
670 1583 693 1619 et
701 1574 773 1619 celum
784 1592 788 1619 :
805 1573 909 1620 futurum

143 1653 165 1682 se
187 1636 279 1698 putabat
306 1636 436 1698 inglorium,
459 1652 487 1681 ne
510 1637 639 1682 commissos
664 1653 709 1682 una
732 1654 807 1683 secum
829 1638 910 1683 faceret

142 1701 258 1764 gloriosos,
278 1716 334 1764 quos
352 1700 483 1747 laboriosius
504 1701 551 1747 eius
572 1700 708 1764 parturiebat
727 1701 823 1764 spiritus,
843 1718 910 1765 quam

144 1777 243 1812 materna
253 1776 385 1828 pepererant
395 1766 484 1815 uiscera.
526 1784 528 1786 ·

44 1918 141 1959 [n-cxarJ]
345 1911 379 1952 De
392 1912 550 1962 compassione
563 1911 709 1954 infirmorum.

189 1991 290 2071 multa
305 2016 347 2062 sibi
366 2017 394 2063 ad
411 2016 511 2063 infirmos
529 2018 661 2079 compassio,
672 2018 744 2065 multa
760 2034 802 2081 pro
818 2019 910 2066 illorum

144 2084 309 2132 necessitatibus
333 2082 466 2129 sollicitudo.
512 2083 534 2129 Si
563 2083 654 2146 quando
682 2084 752 2145 pietas
777 2083 911 2130 secularium

144 2151 261 2195 electuaria
272 2146 377 2192 mittebat
385 2148 464 2201 eidem,
475 2163 525 2192 cum
535 2148 581 2209 ipse
593 2147 642 2208 plus
651 2148 698 2192 aliis
707 2149 824 2209 indigeret,
834 2151 912 2195 ceteris

144 2212 310 2260 infirmantibus
332 2211 404 2256 dabat.
447 2212 556 2255 Omnium
575 2212 730 2272 languentium
752 2212 775 2257 in
797 2230 820 2258 se
839 2224 911 2258 trans-

144 2277 255 2324 formabat
272 2275 371 2329 affectUS‚
384 2274 450 2320 verba
467 2274 561 2336 prebens
578 2276 743 2336 compassionis,
758 2275 797 2321 ubi
814 2276 911 2324 subven-

144 2343 212 2389 tionis
223 2359 268 2388 non
280 2349 373 2403 poterat.
408 2338 545 2385 Comedebat
555 2339 602 2402 ipse
610 2340 687 2386 diebus
698 2340 781 2396 ieiunii,
790 2356 818 2385 ne
828 2340 910 2387 infirmi

146 2408 261 2454 comedere
269 2414 385 2462 verentur,
393 2420 433 2449 nec
441 2405 633 2452 verecundabatur
644 2422 683 2467 per
694 2404 784 2467 publica
794 2405 912 2453 civitatum

146 2489 220 2518 carnes
232 2470 294 2517 fratri
307 2469 398 2514 infirmo
410 2470 547 2531 conquirere.
581 2469 691 2516 Monebat
701 2480 776 2515 tamen
787 2470 912 2533 languidos,

146 2537 257 2599 patienter
271 2533 328 2579 ferre
344 2532 452 2588 defectus
470 2549 510 2578 nec
526 2549 658 2594 consurgere
671 2534 694 2579 in
711 2534 849 2591 scandalum,
861 2532 912 2580 curn

148 2618 194 2648 non
205 2611 262 2646 esset
272 2599 303 2644 eis
314 2608 364 2660 pert
375 2597 450 2642 omnia
460 2597 611 2654 satisfactum3
628 2598 689 2645 unde
700 2598 723 2643 in
734 2599 830 2661 quadam
844 2616 913 2663 regna

148 2666 212 2712 scribi
227 2665 279 2711 iecit
292 2664 332 2709 hec
347 2661 428 2708 verba:
462 2663 528 2725 Rogo
544 2679 622 2708 omnes
636 2662 714 2708 fratres
729 2680 789 2709 meos
803 2663 912 2723 infirmos,

148 2742 174 2778 ut
193 2731 216 2777 in
235 2730 280 2777 suis
299 2725 466 2774 infirmitatibus
485 2744 530 2773 non
550 2728 679 2786 irascantur,
696 2727 732 2775 vel
752 2728 913 2776 conturbentur

149 2806 226 2843 contra
236 2796 312 2850 deum,
323 2792 359 2840 vel
371 2802 449 2838 eontra
459 2791 543 2840 fratres.

197 2860 252 2906 Non
270 2858 368 2905 multum
390 2856 483 2903 sollicite
504 2857 619 2920 postulent
640 2857 767 2914 medicinas,
786 2874 826 2903 nec
848 2860 914 2907 nimis
