1919 3169
153 63 183 108 26
339 63 540 109 TRACTATUS
556 63 728 110 SECUNDUS

22 167 132 211 [n-xxvtlJ]
191 164 312 217 Quomodo
327 164 486 215 perspiritum
502 164 609 216 cognovit
620 164 713 205 fratrem
728 165 767 215 qui
781 167 918 207 scandalirat

152 215 252 265 fratrem,
261 227 330 269 quem
340 215 472 268 religionem
482 217 597 259 exiturum
607 217 712 268 predixit.

198 301 280 390 Duo
288 332 367 380 fratres
374 343 486 380 venerunt
493 333 613 397 aliquando
622 334 650 380 de
658 344 716 380 terra
723 332 812 392 laboris,
819 351 918 398 quorum

152 401 264 461 antiquior
275 398 352 444 intulit
362 398 433 443 multa
447 400 547 445 scandala
560 399 652 461 juniori.
664 393 667 399 ¹
687 399 749 454 Erat,
761 400 860 461 inquam,
872 416 919 445 non

152 465 231 521 sotius,
240 462 279 508 sed
290 471 406 523 tyrannus.
435 462 517 521 junior
528 478 582 508 vero
593 463 668 507 omnia
679 472 769 523 propter
780 464 849 508 deum
860 464 918 508 miro

152 528 241 576 silentio
255 526 399 574 substinebat.
433 527 493 574 Cum
508 537 582 573 autem
596 527 698 574 venirent
715 525 827 573 Assisium
847 536 869 573 et
885 527 918 572 in-

151 603 231 639 trasset
246 592 323 654 junior
340 591 377 636 ille
393 592 421 637 ad
438 602 539 637 sanctum
559 592 722 648 Francischum,
741 602 788 638 erat
807 592 919 655 siquidem

151 655 265 702 familiaris
282 655 362 710 eidem,
378 654 434 700 dixit
451 656 509 701 inter
525 656 567 701 alia
583 665 685 701 sanctus:
709 656 811 716 Qualiter
828 672 880 718 erga
896 666 918 702 te

151 720 223 766 sotius
238 729 293 765 tuus
305 735 328 763 se
338 717 433 763 habuit?
466 719 514 780 Qui
530 718 661 779 respondit:
679 719 769 780 Utique
785 720 838 764 satis
854 721 918 775 bene,

151 793 214 846 pater
226 782 347 830 karissime.
381 782 424 827 Cui
438 792 542 829 sanctus:
564 783 630 839 Cave,
642 781 716 838 frater,
728 799 756 827 ne
771 782 812 828 sub
826 783 919 829 humili-

151 850 203 895 tatis
215 848 287 911 specie
301 846 414 893 mentiaris
424 862 430 902 ;
447 848 493 892 scio
506 848 573 903 enim,
585 848 681 910 qualiter
693 863 745 910 erga
755 857 779 894 te
789 864 812 893 se
823 847 916 894 habuit:

152 913 190 959 sed
202 922 293 974 expecta
303 912 419 956 modicum
430 921 453 956 et
463 912 556 958 videbis.

200 977 299 1023 Miratus
313 986 347 1021 est
360 973 524 1036 perplurimum
540 974 615 1031 frater,
626 976 744 1037 quomodo
759 986 805 1021 tam
821 975 919 1021 absentia

151 1058 189 1105 per
211 1040 316 1104 spiritum
337 1040 485 1102 cognovisset.
523 1040 596 1101 Igitur
617 1056 662 1085 uon
685 1049 736 1103 post
757 1038 842 1086 multos
864 1039 919 1096 dies,

150 1115 278 1168 contempta
299 1104 413 1168 religione,
430 1103 490 1150 foras
508 1104 616 1165 arripitur
631 1105 671 1167 qui
690 1105 819 1152 scandalum
838 1105 919 1152 fecerat

151 1170 215 1215 fratri
232 1186 281 1214 suo.

192 1297 226 1338 De
241 1297 328 1347 iuvene,
343 1296 382 1346 qui
397 1295 459 1337 venit
474 1295 504 1335 ad
518 1295 657 1346 religionem,
667 1307 735 1347 quem
751 1295 857 1346 cognovit
873 1307 918 1336 non

151 1350 232 1400 spiritu
246 1348 283 1390 dei
296 1348 396 1390 ductum.

197 1431 328 1517 hiisdem
347 1462 426 1507 diebus
447 1463 509 1507 venit
530 1463 631 1506 assisium
652 1462 744 1523 quidam
766 1462 846 1509 nobilis
863 1481 919 1525 puer

152 1529 181 1574 de
192 1528 248 1582 luca,
259 1526 338 1572 volens
349 1526 481 1586 religionem
493 1525 592 1582 intraret,
605 1526 651 1587 qui,
663 1536 826 1586 representatus
843 1537 919 1572 sancto

152 1590 295 1649 FrancischO,
307 1589 370 1637 flexis
381 1587 476 1652 genibus
487 1604 563 1651 preces
580 1604 630 1635 curn
647 1588 749 1653 lacrymis
765 1589 881 1649 offerebat,
893 1601 920 1637 ut

152 1675 205 1704 eum
227 1658 341 1717 reciperet.
389 1655 483 1700 intuens
510 1663 585 1700 autem
610 1654 633 1698 in
660 1669 711 1699 euru
736 1656 770 1701 vir
794 1656 835 1711 dei,
859 1666 919 1703 statu

152 1722 244 1784 agnovit
271 1736 310 1781 per
336 1719 448 1780 spiritum,
473 1718 552 1779 spiritu
580 1718 645 1763 illum
672 1735 718 1764 non
745 1720 788 1781 agi,
816 1720 919 1781 dixitque

151 1786 199 1831 illi:
224 1785 296 1829 Miser
307 1793 374 1844 atque
385 1781 484 1838 carnalis,
496 1782 591 1842 qualiter
608 1782 717 1842 Spiritum
733 1793 809 1828 sancto
825 1793 847 1829 et
863 1784 919 1828 mihi

152 1848 242 1895 mentiri
263 1863 328 1909 posse
349 1846 458 1891 confidis!
498 1844 621 1891 Carualiter
642 1845 728 1907 plangis
749 1856 772 1891 et
792 1863 831 1892 cor
852 1857 918 1892 tuum

152 1931 204 1960 curn
226 1913 276 1958 Deo
294 1927 339 1956 non
362 1919 410 1964 est;
433 1909 496 1965 vade,
515 1909 603 1971 inquid,
623 1910 730 1971 quoniam
743 1910 811 1956 nichil
827 1912 919 1972 spiritu-

152 1979 216 2025 aliter
227 1977 290 2039 sapis.
324 1975 371 2021 His
386 1975 457 2031 dictis,
469 1974 581 2030 nuntiant,
594 1974 621 2019 ad
635 1974 735 2020 hostium
747 1984 804 2021 stare
819 1986 919 2037 parentes

152 2053 269 2104 querentes
285 2040 357 2084 filium
375 2055 459 2099 capere,
478 2049 612 2100 captumque
631 2040 744 2085 reducere.
795 2041 826 2086 Et
845 2041 919 2086 exiens

152 2106 212 2153 foras
246 2105 274 2152 ad
309 2104 360 2150 illos
394 2102 485 2149 tandem
517 2102 645 2150 voluntarie
680 2103 753 2148 rediit.
803 2104 938 2149 Mirantur>

152 2171 248 2234 proinde
265 2168 351 2224 fratres,
369 2167 495 2225 dominum,
513 2168 537 2213 in
556 2183 604 2223 suo,
623 2178 698 2213 sancto
715 2169 838 2214 laudantes.

192 2300 227 2340 De
235 2297 334 2348 quodam
344 2296 424 2336 clerico
435 2296 463 2336 ab
474 2307 502 2336 eo
515 2298 602 2346 sanato,
613 2307 681 2346 quem
694 2300 787 2347 propter
800 2296 919 2348 peccatum

152 2363 221 2394 suurn
231 2350 307 2401 peiora
317 2358 438 2399 passurum
448 2346 553 2398 predixit.
595 2395 597 2397 ¹

199 2434 343 2526 &empore
355 2480 402 2524 quo
414 2473 503 2507 sanctus
514 2474 575 2523 pater
586 2461 670 2509 iacebat
680 2463 784 2509 infirmus
797 2464 821 2509 in
837 2465 919 2525 palatio

152 2531 250 2595 episcopi
277 2528 374 2583 Reatini,
397 2526 556 2588 prebendarius
583 2526 683 2589 quidam,
705 2527 796 2574 nomine
818 2528 919 2585 Gedeon,

152 2597 251 2643 lubricus
272 2605 295 2639 et
317 2591 451 2647 mundanus,
473 2591 600 2636 infirmitate
622 2601 733 2637 correctus
756 2604 778 2639 et
802 2593 919 2639 doloribus

154 2662 254 2723 undique
275 2659 442 2719 circumseptus
461 2656 546 2703 lectulo
567 2654 705 2714 decubabat;
730 2657 770 2721 qui
791 2656 874 2704 faciens
895 2674 919 2705 se

152 2726 234 2771 deferri
245 2733 295 2768 ante
305 2733 406 2768 sanctum
418 2721 437 2765 F
438 2720 576 2766 rancischurn
591 2732 656 2782 rogat
668 2738 720 2767 curn
730 2723 841 2783 lacrymis,
853 2733 879 2768 ut
892 2724 919 2768 ab

152 2807 179 2835 eo
198 2787 269 2834 crucis
286 2783 401 2848 signaculo
420 2784 580 2845 consignetur;
605 2786 633 2830 ad
652 2801 720 2846 quern
739 2796 839 2842 sanctus;
857 2788 917 2832 Cum
