1919 3169
162 92 191 135 ao
377 87 539 140 LEGENDA
556 88 714 150 nurrour

158 188 182 232 in
192 198 252 234 terra
262 196 387 248 prostratus
397 186 437 231 lesi
448 186 529 245 pedem
540 187 576 232 vel
587 186 652 232 inviti
664 186 732 232 beatis
746 187 831 234 obculis
842 188 930 234 demul-

159 261 224 297 ceret.
257 249 380 297 Exultabat
391 259 480 294 sanctus
491 249 514 294 in
526 249 614 307 talibus,
626 265 678 293 cum
689 265 741 294 suos
752 250 809 296 filios
825 251 928 297 audiebat

158 333 186 362 ex
196 333 219 362 se
230 318 283 378 ipsis
293 315 393 375 exempla
406 315 527 360 sanctitatis
543 316 645 369 educere,
658 314 850 362 benedictionibus
866 318 929 363 omni

158 383 286 443 acceptione
305 379 441 441 dignissimis
460 379 540 424 fratres
558 381 609 425 illos
627 380 775 436 accumulans,
793 382 832 443 qui
851 381 928 438 verbo,

158 446 194 492 vel
211 462 278 507 opere
294 444 322 490 ad
341 443 417 489 christi
436 460 536 490 amorem
556 444 687 491 inducerent
706 455 837 505 peccatores
871 446 928 492 Ani-

159 526 245 554 marum
262 508 319 562 zelo,
337 524 384 568 quo
402 507 500 567 perfecte
518 510 615 568 repletus
632 519 686 563 erat,
703 509 791 553 volebat
809 509 851 553 sibi
870 511 928 555 filios

158 590 211 620 vera
221 570 369 617 similitudine
380 571 520 632 respondere.

108 708 155 749 [V·J]
209 671 268 758 Sic
279 701 347 746 etiam
358 701 397 764 qui
409 718 493 747 sacram
503 702 598 748 violaret
609 700 741 764 religionem
756 702 838 765 iniquis
854 704 929 765 operi-

160 766 207 823 bus,
220 767 255 813 vel
266 765 381 827 exemplis,
392 766 556 812 maledictionis
570 767 618 811 eius
634 766 787 827 gravissimam
802 767 928 814 incurrebat

159 831 299 876 sententiam.
340 829 401 874 Nam
428 846 480 874 cum
502 830 538 875 die
565 847 610 875 una
631 829 717 875 dictum
739 840 795 875 esset
816 831 844 889 ei,
866 832 928 894 quod

160 896 282 943 Fundanus
292 894 409 956 episcopus
417 894 509 941 dixisset
517 895 605 942 duobus
613 893 719 941 fratribus
730 895 835 942 euntibus
846 912 928 954 coram,

159 961 199 1024 qui
218 961 260 1007 sub
279 960 351 1023 specie
370 960 460 1005 maioris
479 959 513 1005 sui
533 971 675 1021 contemptus
694 959 783 1005 barbam
802 961 928 1023 longiorem

159 1026 302 1070 nutriebant:
325 1024 407 1068 Cavete
419 1041 446 1068 ne
463 1024 578 1084 religionis
600 1024 744 1085 pulchritudo
761 1027 928 1086 presumptione

158 1089 286 1134 novitatum
305 1087 459 1131 huiuscemodi
478 1087 624 1147 deturpetur;
647 1087 743 1132 surrexit
765 1099 853 1133 sanctus
874 1106 929 1134 con-

157 1153 222 1200 tinuo
238 1164 261 1199 et
279 1152 307 1198 ad
324 1150 396 1197 celum
413 1152 524 1214 protensis
543 1152 647 1197 manibus
665 1152 768 1214 lacrymis
784 1153 888 1215 perfusus
904 1155 927 1200 in

158 1217 287 1265 huiusmodi
304 1217 412 1263 orationis
428 1217 502 1272 verba,
517 1217 553 1263 vel
569 1216 644 1278 potius
660 1216 825 1279 imprecationis
842 1219 926 1281 erupit:

158 1285 256 1329 Domine
271 1283 321 1327 Iesu
336 1282 424 1338 christe,
436 1282 475 1343 qui
492 1283 623 1328 duodenum
638 1282 793 1342 apostolorum
808 1299 927 1330 numerum

157 1347 251 1409 elegisti,
274 1346 302 1391 de
327 1361 373 1406 quo
397 1345 449 1391 licet
471 1362 518 1391 uno
541 1346 639 1400 cadente,
662 1346 728 1390 ceteri
751 1356 826 1391 tamen
848 1348 929 1393 adher-

157 1422 219 1456 entes
252 1409 294 1455 tibi
334 1419 435 1454 sanctum
470 1409 611 1471 evangelium
649 1425 695 1454 uno
730 1410 808 1471 repleti
845 1412 928 1473 spiritu

158 1476 308 1537 predicarunt,
335 1484 367 1530 tu,
395 1472 493 1530 domine,
520 1474 544 1519 in
573 1474 613 1520 hac
642 1473 697 1519 hora
724 1474 845 1522 novissima
868 1473 928 1523 ¹anti-

158 1558 202 1603 que
234 1538 342 1586 memorie
369 1554 496 1583 memorans
531 1536 627 1584 fratrum
659 1539 764 1599 plantasti
795 1541 928 1602 religionem

159 1606 182 1649 in
207 1615 245 1649 tue
270 1603 321 1647 fidei
346 1601 504 1647 fulcimentum
531 1612 553 1646 et
581 1613 607 1648 ut
634 1603 743 1663 evangelii
768 1604 802 1648 tui
826 1620 866 1664 per
890 1622 928 1651 eos

160 1668 311 1713 ministerium
333 1666 472 1726 impleretur.
516 1665 576 1716 Quis
598 1681 652 1726 ergo
674 1682 716 1726 pro
738 1667 790 1727 ipsis
812 1683 886 1713 coram
908 1679 930 1714 te

84 1734 123 1771 F01·
132 1732 285 1790 75satisfaciet‚
297 1730 315 1776 si
327 1730 355 1777 ad
367 1730 429 1792 quod
446 1729 507 1775 missi
524 1741 584 1788 sunt,
597 1746 642 1775 non
660 1730 733 1776 solum
752 1731 856 1778 omnibus
872 1733 929 1779 lucis

160 1798 262 1860 exempla
280 1811 325 1841 non
344 1805 476 1853 monstrant,
493 1796 532 1841 sed
549 1796 625 1855 potius
643 1796 765 1841 ostendunt
783 1813 850 1857 opera
867 1808 930 1844 tene-

161 1862 269 1909 brarum?
301 1861 325 1904 A
342 1870 371 1915 te,
382 1860 520 1905 sanctissime
535 1860 626 1905 domine
643 1869 665 1904 et
683 1877 695 1905 a
711 1871 760 1906 tota
777 1861 851 1907 celesti
869 1864 930 1910 curia

160 1936 183 1972 et
198 1944 210 1972 a
223 1943 259 1971 me
275 1925 371 1986 parvulo
387 1933 429 1968 tuo
445 1924 490 1968 sint
506 1924 619 1969 maledicti
634 1923 672 1984 qui
690 1940 732 1969 suo
750 1925 809 1970 malo
826 1928 929 1988 exemplo

160 1990 304 2036 confundunt
314 1998 337 2033 et
347 1988 467 2033 destruunt
475 1988 538 2050 quod
546 1988 601 2033 olim
609 2003 649 2049 per
660 1999 748 2034 sanctos
756 1988 836 2035 fratres
845 1992 930 2037 ordinis

160 2056 227 2102 huius
246 2054 368 2101 hedificasti
387 2064 410 2099 et
429 2053 546 2098 hedificare
566 2070 611 2099 non
630 2069 706 2099 cessas.
752 2054 800 2100 Ubi
818 2066 871 2102 sunt
890 2058 929 2119 qui

160 2137 200 2166 sua
215 2118 370 2165 benedictione
387 2117 462 2162 felices
479 2133 502 2161 se
519 2118 634 2178 predicant
651 2127 674 2162 et
692 2117 842 2164 familiaritate
859 2120 929 2181 ipsius

160 2200 182 2229 se
193 2184 275 2229 iactant
286 2197 328 2244 pro
339 2181 397 2227 velle
414 2180 516 2241 potitos?
550 2181 578 2235 Si,
591 2180 653 2242 quod
670 2180 734 2237 absit,
746 2182 832 2228 inventi
844 2183 929 2230 fuerint

160 2247 243 2310 absque
254 2245 385 2310 penitudine
396 2245 420 2289 in
431 2244 526 2289 aliorum
537 2244 638 2306 periculo
649 2244 672 2289 in
683 2262 705 2289 se
717 2258 851 2293 monstrasse
862 2265 929 2311 opera

159 2312 308 2367 tenebrarum,
321 2327 348 2355 ve
359 2309 410 2366 illis,
421 2326 449 2355 ve
460 2308 609 2355 damnationis
620 2320 702 2355 eterne.

208 2375 395 2432 Confunduntur,
407 2373 485 2430 aiebat,
496 2375 576 2436 optimi
587 2374 666 2421 fratres
676 2375 700 2420 in
711 2376 821 2422 malorum
832 2376 928 2425 fratrum

159 2443 264 2504 operibus
282 2450 305 2487 et
324 2439 362 2485 ubi
380 2456 425 2485 non
447 2449 594 2500 peccaverunt
616 2439 665 2500 ipsi,
682 2457 803 2500 pravorum
825 2444 929 2504 exemplo

160 2516 250 2568 portant
263 2504 377 2551 iudicium.
413 2504 479 2548 Duro
496 2513 613 2564 propterea
630 2504 706 2564 gladio
723 2519 759 2548 me
775 2505 928 2553 transfodiunt

159 2582 182 2618 et
193 2571 304 2618 reducunt
314 2567 371 2615 illud
383 2584 422 2630 per
437 2584 486 2613 mea
503 2568 586 2614 viscera
602 2577 649 2614 tota
665 2567 708 2614 die.
742 2568 889 2618 Subtrahebat
905 2590 928 2619 se

160 2647 252 2699 propter
263 2636 305 2681 hoc
316 2634 413 2679 maxime
424 2648 436 2677 a
447 2633 559 2678 consortio
572 2632 674 2688 fratrum,
686 2649 714 2677 ne
725 2634 864 2697 contingeret
874 2653 927 2683 eum

159 2702 237 2747 audire
247 2698 332 2761 aliquid
342 2697 426 2742 sinistri
437 2697 465 2741 de
476 2713 589 2759 quoquam
600 2698 624 2742 in
635 2698 669 2742 sui
680 2699 832 2756 renovatione,
843 2701 929 2747 doloris

159 2775 182 2811 et
199 2763 302 2810 dicebat:
319 2761 401 2807 Veniet
417 2769 512 2822 tempus,
524 2777 571 2823 quo
588 2761 652 2806 malis
671 2761 777 2822 exemplis
794 2763 876 2809 dilecta
891 2765 927 2810 dei

160 2829 239 2893 religio
257 2826 384 2875 diffametur
401 2825 438 2881 ita,
450 2835 476 2870 ut
494 2826 577 2888 pudeat
594 2825 653 2871 exire
672 2825 694 2870 in
714 2825 837 2887 publicum.
879 2830 927 2882 Qui
