1919 3169
129 75 158 133 γε
341 70 502 118 aucarum
519 70 679 118 enuconn

127 169 224 216 exterior
240 177 401 231 corrumpatur,
419 167 473 214 licet
483 169 533 226 hiis,
542 176 558 202 ¹⁹
574 169 614 233 qui
630 167 691 214 intus
708 176 749 224 est,
766 176 894 225 renovetur,

128 233 186 282 illud
207 234 393 296 pretiosissimum
412 234 538 292 vasculum,
558 234 582 280 in
604 250 651 296 quo
670 231 757 278 celestis
776 233 893 278 thesaurus

128 308 175 345 erat
198 298 347 357 absconditus,
355 305 372 323 ²⁰
393 298 452 359 cepit
473 299 575 362 undique
597 296 739 360 conquassari
766 307 788 343 et
809 297 893 343 virium

129 363 232 408 omnium
249 362 294 423 pati
311 361 431 406 defectum.

177 426 261 472 Verum
273 425 324 486 quia
341 440 392 469 cum
404 435 548 471 consumatus
559 425 627 471 fuerit
640 424 718 481 homo,
730 433 785 471 tunc
802 424 894 484 incipiet

130 502 215 538 etcum
227 489 341 537 finietur.²¹
374 488 440 536 Tunc
450 488 584 552 operabitur,
593 489 617 536 in
628 505 693 536 carne
704 487 792 535 infirma
804 488 895 551 spiritus

129 557 254 618 promptior
265 554 407 602 efficiebatur.
442 556 544 602 Tantum
553 572 644 617 quoque
655 554 780 600 animarum
789 553 895 616 diligebat

129 622 226 666 salutem
248 628 270 664 et
292 619 448 680 proximorum
470 619 559 665 sitiebat
580 620 648 674 lucra,
671 629 697 665 ut
719 626 795 664 cum²²
812 634 851 679 per
872 634 895 663 se

73 710 75 712 v
129 684 241 731 ambulare
264 699 310 728 non
332 693 415 744 posset,
431 684 500 729 asello
516 693 595 730 vectus
614 684 716 728 circuiret
731 683 809 729 terras.
842 682 895 727 Fre·

129 758 225 811 quenter
236 763 289 796 eum
309 746 431 794 monebant
447 746 535 805 fratres,
552 748 584 794 illi
601 748 664 794 omni
680 763 772 809 precum
789 747 896 794 instantia

130 822 283 876 suggerantes,
306 822 332 859 ut
360 812 475 858 infirmum
504 829 585 875 corpus
615 822 637 859 et
664 811 729 859 valde
752 810 895 859 debilitatum

129 879 270 925 medicorum
297 876 380 923 auxilio
407 888 531 940 utcumque
559 894 655 924 recreare
663 886 679 909 ²³
701 876 798 924 deberet.
844 877 896 939 lpse

129 953 205 989 autem
224 941 264 987 illo
276 958 317 987 suo
333 940 404 987 nobili
425 942 505 1003 spiritu
527 943 550 987 in
572 943 646 987 celum
665 942 759 1000 directo,
778 941 817 1004 qui
838 942 895 987 solvi

130 1006 275 1052 solummodo
286 1005 390 1067 cupiebat
406 1016 492 1051 etcum
504 1006 587 1051 christo
598 1022 653 1063 esse,
665 1007 707 1051 hoc
719 1005 790 1051 facere
804 1007 897 1067 penitus

130 1070 249 1117 recusabat.

177 1136 263 1182 Verum
285 1135 338 1197 quia
360 1135 462 1182 nondum
485 1133 639 1197 impleverat²⁴
656 1152 687 1193 ea,
705 1151 750 1197 que
766 1135 896 1197 passionum

130 1201 207 1247 christi
224 1202 315 1247 deerant
331 1201 355 1246 in
371 1216 436 1247 carne
450 1216 496 1257 sua,
508 1200 561 1246 licet
572 1201 676 1263 stigmata
687 1201 734 1246 eius
745 1200 769 1246 in
780 1217 874 1263 corpore
881 1208 896 1232 ²⁵

130 1283 172 1311 suo
189 1275 296 1326 portaret,
312 1266 467 1311 infirmitatem
484 1265 603 1311 oculorum
626 1265 720 1310 incurrit
734 1265 897 1326 gravissimam,

131 1328 326 1392 quemadmodum
353 1327 512 1391 multiplicavit
534 1328 557 1373 in
585 1345 612 1374 eo
638 1328 695 1375 deus
722 1329 898 1375 misericordiam

132 1410 203 1440 suam.
237 1392 341 1456 Cumque
352 1393 380 1439 de
392 1393 428 1440 die
444 1393 467 1438 in
482 1394 542 1440 diem
558 1392 675 1439 infirmitas
686 1392 723 1439 illa
733 1403 898 1450 succresceret;

131 1469 153 1505 et
175 1475 203 1504 ne
211 1459 227 1484 ²⁶
248 1474 276 1502 ex
297 1457 385 1503 incuria
406 1458 521 1504 videretur
543 1457 646 1519 quotidie
667 1458 814 1519 augmentari,
831 1459 899 1504 frater

131 1523 200 1568 helias
217 1521 316 1580 tandem,
335 1538 405 1584 quem
422 1522 473 1568 loco
491 1522 568 1567 matris
588 1522 684 1584 elegerat
702 1520 744 1567 sibi
764 1532 786 1567 et
802 1522 898 1569 aliorum

131 1587 228 1633 fratrum
244 1585 326 1633 fecerat
343 1596 436 1648 patrem,
455 1585 564 1648 compulit
580 1601 640 1643 eum,
659 1596 685 1633 ut
702 1586 836 1633 medicinam
853 1603 899 1633 non

131 1651 259 1699 abhorreret
274 1651 314 1697 sed
330 1667 379 1697 eam
397 1650 503 1713 reciperet
518 1650 541 1696 in
557 1651 648 1696 nomine
660 1650 699 1696 filii
717 1650 760 1709 dei,
775 1668 814 1713 per
830 1669 898 1715 quem

132 1726 203 1762 creata
219 1725 273 1771 erat,
285 1715 344 1761 sicut
363 1716 472 1779 scriptum
489 1725 539 1761 est:
563 1715 694 1762 Altissimus
709 1715 737 1761 de
748 1726 806 1762 terra
817 1717 900 1764 creavit

132 1781 266 1827 medicinam
285 1791 308 1827 et
330 1780 364 1826 vir
383 1781 482 1841 prudens
500 1797 547 1827 non
565 1779 693 1827 abhorrebit
710 1797 765 1829 eam.
806 1781 899 1829 Sanctus

132 1854 195 1908 pater
206 1850 283 1891 ver0²⁷
294 1844 420 1907 acquievit;
432 1853 454 1889 et
462 1844 578 1889 humiliter
586 1843 750 1907 obtemperavit
759 1845 899 1891 sermonibus

133 1910 288 1958 semonentis

76 2221 237 2273 [a-v]Qualiter
250 2221 312 2271 apud
327 2219 448 2262 Reatinam
462 2219 576 2263 civitatem
594 2225 701 2273 receptus
718 2223 761 2265 fuit
778 2235 792 2265 a
810 2223 901 2265 domino

186 2274 278 2326 hugone
296 2273 404 2325 episcopo
422 2272 533 2314 hostiensi
539 2288 545 2322 3
566 2277 590 2317 et
608 2275 722 2326 quomodo
741 2278 836 2319 sanctus
849 2288 902 2319 eum

187 2327 362 2375 pronuntiabam
372 2327 487 2366 tuturum2
496 2327 629 2376 episcopum
638 2329 710 2369 totius
719 2329 805 2369 mundi.

176 2405 302 2496 Eactum
324 2441 358 2479 est
377 2441 461 2487 autem,
473 2448 524 2478 cum
546 2433 621 2494 plures
643 2435 772 2481 accederent
788 2436 834 2482 suis
851 2453 903 2483 eum

135 2496 320 2546 medicaminibus
337 2496 458 2555 adiuvare‚³
477 2513 522 2543 non
540 2497 634 2546 invento
652 2499 758 2557 remedio,
770 2502 861 2548 accessit
877 2503 905 2548 ad

163 2651 178 2676 ¹9
188 2648 221 2684 Os.
231 2648 252 2683 ia.
287 2648 303 2666 ²⁰
312 2644 348 2689 H„
358 2646 380 2681 L.
390 2645 424 2681 and
434 2646 472 2681 Ox·
482 2646 579 2683 absconsus.
615 2650 630 2668 ²¹
640 2645 675 2693 H.,
685 2648 709 2685 L.
718 2648 752 2684 and
762 2649 800 2685 Ox.
810 2647 879 2686 finierit.

161 2702 178 2720 ²²
187 2700 220 2735 Os.
230 2696 281 2734 omits
290 2709 336 2733 cum.
373 2699 388 2723 ²³
398 2698 420 2733 L.
430 2697 507 2733 recitare.
544 2701 561 2726 24
570 2700 602 2734 Os.
612 2699 725 2747 suppleverat.
763 2701 779 2726 ²⁵
788 2699 815 2736 H.
824 2714 880 2737 carne.

162 2748 178 2772 ²⁶
188 2749 223 2793 H„
232 2750 254 2786 L.
264 2748 298 2784 and
308 2750 346 2785 Ox.
356 2748 405 2785 omit.
479 2751 494 2777 ²⁷
504 2750 525 2784 L.
535 2749 569 2784 and
579 2751 612 2786 Os.
622 2750 657 2785 add
666 2760 707 2786 tunc
715 2751 794 2798 benigne.

164 2806 169 2825 ¹
180 2804 212 2841 Os.
222 2799 382 2856 pronuntiavit.
461 2802 468 2821 ²
479 2801 512 2839 Os.
522 2800 598 2845 omits»
676 2805 683 2830 3
693 2804 726 2841 Os.
736 2802 825 2842 accedere.
