1919 3169
108 132 139 171 44
327 114 485 159 areauna
502 113 658 173 numqua

108 209 206 257 dominis
222 210 304 257 mensis
320 218 377 257 esset
398 208 564 273 profusioribus
585 209 736 266 honorandus,
754 210 814 271 prius
836 224 875 272 per

108 276 247 350 propinquas
258 276 383 322 vicinorum
394 276 475 322 domos
486 291 570 338 panum
586 274 711 337 fragmenta
728 274 834 338 querebat
851 291 874 320 ac

109 340 217 388 deinde
202 359 231 388 sic
243 341 341 387 ditatus
336 341 411 401 inopia
419 340 537 387 festinabat
549 340 683 387 accumbere
719 339 875 402 Interrogatus

110 406 243 467 quandoque
254 419 294 449 cur
303 405 385 449 faceret
396 405 457 450 istud
459 405 619 466 ,respondebat
626 420 669 465 pro
677 402 747 448 feudo
758 404 786 449 ad
797 404 875 448 horam

109 484 213 515 concesso
224 467 371 514 hereditatem
380 442 482 514 stabilein
494 484 517 514 se
533 468 659 530 relinquere
676 467 743 512 nolle.
775 468 876 527 Pauper-

109 543 150 590 tas,
161 532 247 595 inquid,
259 542 299 587 est,
311 549 355 594 que
371 532 464 579 heredes
474 543 497 578 et
507 549 571 595 reges
582 532 645 594 regni
657 532 757 577 celorum
768 530 875 585 instituit,

110 613 156 644 non
167 595 220 644 false
231 607 304 643 vestre
316 596 399 646 divitie.

50 726 107 768 [G-IJ]
158 699 248 787 Qum,
267 731 392 778 venerande
412 731 525 787 memorie,
543 747 624 794 papam
642 729 787 793 Gregorium,
804 728 877 776 adhuc

109 796 133 841 in
169 795 251 842 minori
285 795 357 843 offitio
390 796 546 854 constitutum,
575 795 675 843 visitaret
703 794 798 859 quadam
828 794 876 841 vice

108 872 197 907 sanctus
229 860 381 916 Francischus,
411 862 507 907 instante
540 862 584 906 iam
615 862 670 907 hora
701 860 877 934 commestionis,

109 941 151 987 pro
178 924 340 998 heleemosynis
370 926 433 972 vadit
459 935 482 971 et
505 926 592 972 rediens
620 924 698 979 frusta,
728 924 788 987 nigri
814 924 877 985 panis

109 1004 177 1050 supra
201 990 300 1050 episcopi
331 1005 406 1035 mensa
434 990 566 1048 componit3
599 1005 644 1060 quo
669 990 725 1044 vis0‚
750 990 878 1051 aliquantu-

109 1051 157 1098 lum
200 1052 364 1099 verecundatur
401 1053 525 1114 episcopus,
563 1051 660 1097 maxime
697 1061 789 1113 propter
823 1068 877 1096 con-

110 1117 173 1163 vivas
205 1116 294 1164 noviter
315 1117 428 1165 invitatos.
473 1117 582 1179 Acceptas
610 1127 684 1164 autem
712 1116 878 1180 heleemosynas

35 1190 181 1244 Fol.42pater,
197 1181 308 1228 militibus
334 1191 357 1228 et
379 1182 513 1244 cappellanis
535 1181 749 1239 convescentibus‚l
750 1192 788 1228 eto
810 1181 877 1228 vultu

109 1246 233 1302 distribuit,
255 1263 310 1309 quas
337 1246 435 1290 universi
462 1246 519 1290 mira
545 1246 666 1291 devotione
687 1246 818 1307 suscipiunt,
840 1245 877 1290 alii

109 1311 258 1367 comedentes,
275 1310 312 1356 alii
328 1310 358 1355 ob
375 1311 523 1356 reverentiam
538 1320 683 1356 reservantes.

158 1376 233 1422 Finita
243 1376 388 1430 comestione,
397 1375 492 1421 surrexit
502 1376 619 1436 episcopus
635 1386 658 1421 et
668 1376 791 1421 introrsum
802 1375 878 1420 virum

110 1440 146 1486 dei
167 1456 287 1497 assumens,
309 1439 401 1486 elevatis
422 1439 517 1486 brachiis
538 1440 675 1502 amplexatus
696 1450 730 1485 est
751 1456 816 1486 eum:
841 1439 878 1483 Mi

110 1504 185 1560 frater,
203 1504 290 1565 inquid,
304 1521 344 1548 cur
361 1504 434 1548 fecisti
451 1504 507 1547 mihi
523 1504 682 1549 verecundiam
699 1505 723 1547 in
740 1504 817 1558 domo,
835 1519 878 1564 que

109 1577 150 1613 tua
160 1578 193 1613 est
212 1577 234 1612 et
249 1567 344 1613 fratrum
361 1577 462 1622 tuorum,
474 1578 501 1612 ut
515 1583 557 1629 pro
572 1567 733 1628 heleemosynis
750 1567 808 1613 ires?
840 1566 878 1611 Ad

110 1650 177 1695 quem
187 1642 288 1678 sanctus:
307 1631 428 1677 Honorem
439 1631 515 1693 potius
524 1631 588 1677 vobis
597 1631 695 1690 exhibui,
704 1632 759 1678 dum
770 1632 878 1677 maiorem

109 1698 228 1744 dominum
245 1696 366 1752 honoravi3
388 1697 498 1760 siquidem
514 1696 679 1757 beneplacitum
695 1706 728 1742 est
745 1697 839 1743 domino
855 1696 879 1741 in

109 1772 240 1822 paupertate
261 1771 293 1805 et
305 1777 330 1804 ea
351 1762 456 1815 maxime,
473 1776 517 1822 que
536 1761 667 1805 mendicitas
688 1761 816 1806 voluntaria
837 1769 876 1806 est.

110 1825 162 1889 Ego
181 1835 257 1871 autem
275 1823 371 1898 regalem
392 1823 462 1870 habeo
484 1823 617 1887 dignitatem
638 1834 661 1871 et
652 1823 821 1871 tnobilitatem
843 1824 878 1869 in-

110 1890 196 1953 signem
218 1888 289 1946 ilum
306 1889 369 1953 sequi
388 1890 516 1945 dominum,
536 1889 574 1953 qui
597 1905 649 1936 cum
670 1899 726 1935 esset
748 1889 818 1946 dives,
837 1905 879 1951 pro

111 1956 175 2001 nobis
186 1970 269 2018 egenus
285 1953 358 2000 factus
374 1966 414 2000 est
448 1954 480 1999 Et
496 1954 595 2000 addidit:
613 1954 694 2000 Plures
710 1954 797 2001 delitias
813 1971 879 2000 sumo

111 2020 138 2064 de
149 2035 246 2080 paupere
257 2035 340 2075 mensa,
351 2035 395 2080 que
406 2018 480 2078 parvis
493 2018 654 2078 heleemosynis
671 2029 799 2079 occupatur,
811 2034 879 2080 quam

110 2083 138 2128 de
160 2099 246 2145 magna,
266 2082 289 2127 in
311 2080 393 2144 quibus
415 2080 505 2138 fercula,
529 2098 627 2144 quorum
648 2081 686 2127 vix
708 2092 741 2127 est
763 2098 877 2128 numerus.

111 2147 208 2206 Exinde,
220 2146 344 2209 plurimum
360 2145 498 2201 hedificatuS,
510 2147 627 2209 episcopus
645 2146 702 2192 dixit
718 2147 746 2192 ad
762 2156 878 2193 sanctum:

111 2212 162 2267 Fili,
174 2212 235 2276 quod
248 2211 333 2257 bonum
344 2221 378 2257 est
389 2212 413 2257 in
424 2210 496 2256 oculis
507 2212 559 2269 tuis,
572 2211 613 2269 fac,
625 2212 677 2275 quia
687 2212 794 2258 dominus
805 2222 879 2258 tecum

110 2286 150 2323 est.

43 2416 109 2457 [c-nj]
158 2373 362 2466 nonnumquam
383 2418 439 2448 vero
460 2418 482 2446 se
501 2402 575 2464 ipsum
597 2403 717 2448 exercitans
739 2412 761 2447 et
782 2402 879 2448 fratrum

112 2468 244 2515 verecundie
265 2484 357 2529 parcens
378 2466 426 2529 ipse
447 2467 507 2514 solus
528 2468 552 2513 in
572 2467 684 2529 principio
705 2483 747 2529 pro
768 2468 880 2514 heleemo-

111 2532 172 2596 synis
189 2532 333 2579 discurrebat.
373 2531 458 2578 Videris
475 2541 549 2578 autern
567 2532 641 2595 plures
655 2531 797 2580 vocationem
815 2549 878 2579 suam

112 2613 158 2641 non
175 2598 249 2641 debite
270 2598 423 2650 attendentes,
442 2597 551 2641 semelal
531 2599 695 2658 aliquandor
672 2598 744 2642 dixit.
768 2598 879 2642 karissimi

111 2658 205 2706 fratres:
223 2660 259 2705 dei
274 2660 332 2705 filius
349 2657 447 2704 nobilior
460 2659 524 2705 nobis
535 2671 581 2705 erat
583 2660 640 2732 ‚qui
652 2676 693 2721 pro
705 2659 769 2705 nobis
786 2678 809 2706 se
826 2660 880 2706 fecit

112 2740 232 2787 pauperem
243 2725 266 2770 in
277 2725 320 2771 hoc
331 2724 426 2771 mundo.
459 2725 504 2770 Suo
520 2741 594 2772 amore
607 2725 667 2772 viam
684 2725 819 2798 paupertatis
836 2725 880 2771 ele-

111 2790 199 2853 gimus;
216 2806 262 2836 non
271 2790 379 2836 debemus
387 2787 497 2836 confundi
506 2805 547 2852 pro
555 2790 733 2851 heleemosynis
728 2806 772 2846 rre;
789 2791 879 2837 arrham

112 2854 198 2902 celestis
219 2853 349 2901 hereditatis
370 2853 498 2900 erubescere
520 2870 659 2917 nequaquam
678 2854 741 2917 regni
760 2826 879 2901 heredibus
