1919 3169
129 49 159 82 ao
342 34 504 82 LEGENDA
521 35 681 96 ANTIQUA

128 132 210 195 Incipit
225 132 312 195 primus
334 132 380 194 ipse
402 131 518 178 comedere
534 141 556 178 et
573 132 601 177 ad
619 131 731 178 charitatis
748 131 853 187 officium,
868 147 895 176 ne

127 196 224 243 tabescat
234 197 301 242 frater
312 196 349 242 ille
356 195 446 253 rubore,
458 196 556 259 reliquos
566 196 645 241 fratres
653 195 741 241 invitat.

178 264 273 322 Sumpto
284 276 336 308 cum
347 262 428 307 timore
439 260 526 306 domini
537 260 594 319 cibo,
606 276 633 307 nc
650 260 706 322 quid
717 260 803 306 deesset
819 259 896 307 officiis

130 324 233 383 caritatis,
243 325 335 388 longam
346 323 397 370 filiis
407 333 470 386 pater
481 324 510 371 de
521 325 605 371 virtute
616 323 757 370 discretionis
768 324 823 371 texit
833 339 896 386 para-

129 390 210 437 bolam.
243 388 290 436 Sale
310 389 427 436 conditum
445 389 575 436 sacrifitium
590 388 683 436 domino
700 405 788 450 semper
804 389 896 435 reddere

129 454 208 509 iubet;
227 464 250 499 et
268 462 295 499 ut
313 454 371 499 vires
389 454 491 514 proprias
510 454 533 499 in
552 454 588 499 dei
609 453 718 515 obsequio
739 454 896 514 unusquisque

130 517 263 572 consideret,
272 526 350 562 monet
358 526 452 562 actente.
485 518 605 562 Peccatum
613 517 685 561 simile
694 516 772 563 asserit
778 517 896 562 indiscrete

129 581 217 645 corpori
228 581 357 628 subtrahere
368 581 476 637 debitum,
489 582 546 628 sicut
562 582 685 644 imperante
701 580 760 645 gula,
773 581 793 627 ei
810 581 897 627 exibere

129 647 275 707 superfluum.
318 647 350 693 Et
364 647 441 693 addit:
461 647 531 707 Quod
548 646 590 692 feci
608 663 651 709 ego
668 647 812 705 manducans,
829 645 897 693 caris-

129 711 186 769 simi,
199 710 370 774 dispensatione,
383 728 429 757 non
444 711 558 758 voluntate
572 712 595 758 id
608 712 693 758 factum
714 712 827 767 noveritis,
843 710 897 774 quia

129 777 207 823 caritas
223 776 321 823 fraterna
336 776 458 823 mandavit.
492 777 524 822 Sit
541 776 607 823 vobis
627 777 705 823 caritas
721 777 744 823 in
761 778 896 838 exemplum,

130 856 176 886 non
187 839 257 896 cibus,
269 841 321 902 quia
331 841 368 885 ille
379 842 439 901 gule,
451 841 492 885 hec
503 840 601 885 deservit
611 841 707 901 spiritui.

73 969 127 1012 [eq]
175 934 258 1018 Vite
270 967 354 1014 meritis
363 968 469 1014 continue
478 978 540 1030 pater
548 979 637 1014 sanctus
645 986 669 1014 ae
679 969 762 1014 virtute
773 967 896 1030 proficiens,

131 1049 183 1080 cum
194 1041 299 1079 natorum
310 1032 397 1078 soboles
412 1031 531 1094 multiplici
543 1032 626 1096 ubique
641 1032 685 1078 iam
703 1049 797 1078 numero
808 1032 897 1077 dilatar-

130 1108 180 1144 etur
199 1107 222 1143 et
239 1097 317 1159 gratia,
328 1096 503 1158 extenderetque
520 1114 592 1159 usque
609 1097 636 1141 ad
651 1097 705 1141 fines
720 1096 780 1141 orbis
796 1098 897 1158 palmites

130 1162 249 1207 fructuum
268 1159 382 1206 fertilitate
401 1161 524 1215 mirificos3
545 1162 603 1221 cepit
626 1161 700 1221 sepius
725 1161 828 1207 meditari
853 1161 896 1207 sol-

131 1226 213 1283 licitus,
231 1224 326 1289 qualiter
343 1225 435 1271 illorum
452 1223 540 1272 novella
556 1224 664 1288 plantatio
682 1224 762 1272 servari
779 1235 854 1288 posset
875 1235 897 1272 et

130 1307 228 1338 crescere
243 1290 336 1336 unitatis
352 1290 444 1338 vinculo
461 1291 570 1353 colligata.

178 1354 275 1401 Videbat
296 1365 352 1400 tunc
371 1365 450 1400 contra
468 1355 577 1416 pusillum
593 1371 692 1417 gregem,
703 1354 811 1415 luporum
827 1371 897 1413 more,

128 1420 201 1465 'sevire
214 1418 360 1481 quamplures
379 1427 402 1462 et
417 1418 445 1463 de
460 1419 508 1463 sola
519 1419 618 1464 novitate
632 1419 720 1463 dierum
737 1418 848 1463 malorum
863 1419 898 1462 in-

131 1492 242 1530 veteratos
257 1497 345 1528 sumere
361 1484 499 1529 occasionem
516 1484 618 1529 nocendi.
653 1482 786 1529 Previdebat
802 1482 898 1544 quedam

131 1550 189 1595 inter
204 1548 264 1609 ipsos
278 1547 336 1593 filios
352 1546 450 1593 accidere
466 1563 530 1609 posse
547 1558 622 1593 sancte
639 1547 687 1608 paci
706 1558 729 1593 et
746 1547 827 1593 unitati
846 1564 898 1593 con-

131 1614 198 1660 traria
213 1621 235 1658 et
249 1612 308 1658 sicut
321 1628 372 1674 sepe
389 1611 469 1658 accidit
483 1612 506 1657 in
523 1612 605 1668 electis,
617 1611 709 1657 rebelles
725 1610 814 1658 futuros
830 1628 899 1676 quos-

131 1679 190 1732 dam,
201 1693 241 1722 sue
252 1676 323 1722 carnis
333 1692 399 1721 sensu
410 1677 499 1722 inflatos
509 1687 532 1723 et
543 1678 630 1737 spiritu,
647 1686 735 1737 paratos
749 1678 777 1723 ad
792 1678 865 1738 iurgia
876 1688 898 1722 et

130 1756 213 1804 pronos
232 1740 260 1785 ad
279 1738 381 1785 scandala
398 1739 522 1786 dubitabat.
574 1739 680 1803 Cumque
702 1740 736 1785 vir
756 1740 791 1786 dei
813 1740 853 1785 hec
875 1751 898 1785 et

131 1807 211 1853 similia
222 1806 296 1868 sepius
307 1805 383 1850 animo
394 1805 502 1863 volveret,
515 1816 580 1851 nocte
591 1806 687 1869 quadam
698 1804 789 1852 deditus
802 1822 898 1868 sompno

57 1871 241 1920 Folaovisionem
256 1871 313 1916 hanc
327 1869 397 1916 videt.
430 1870 523 1932 Inspicit
538 1870 644 1933 gallinam
660 1886 752 1933 parvam
771 1880 794 1917 et
811 1871 897 1933 nigram

131 1935 234 1981 columbe
251 1934 374 1979 domestice
395 1933 498 1991 similem,
519 1952 584 1980 crura
602 1946 650 1980 tota
666 1945 762 1996 pennata
779 1935 897 1980 habentem

132 2016 183 2045 cum
194 1998 295 2063 pedibus.
331 1997 384 2043 Hec
395 1997 468 2058 pullos
484 1997 577 2043 habebat
589 1999 727 2054 innumeros,
739 1999 778 2060 qui
792 1998 898 2060 gallinam

130 2073 229 2110 rotantes
244 2063 360 2118 instanter,
371 2062 412 2107 sub
424 2063 467 2107 alas
479 2063 526 2108 eius
537 2079 614 2109 omnes
625 2064 756 2126 congregari
768 2063 898 2126 nequibant.

179 2128 256 2191 Surgit
266 2144 279 2173 a
289 2143 385 2189 sompno
396 2126 432 2173 vir
443 2126 485 2185 dci,
494 2127 522 2173 ad
533 2144 572 2174 cor
583 2128 690 2175 meditata
701 2128 795 2184 reducit,
803 2128 898 2174 efficitur

132 2194 179 2256 ipse
190 2209 230 2239 sue
240 2192 333 2239 visionis
348 2194 463 2253 interpres.
481 2192 576 2249 Gallina,
588 2194 676 2256 inquid,
688 2210 738 2239 sum
755 2209 798 2255 ego
815 2204 899 2239 statura

131 2258 234 2321 pusillus,
254 2257 363 2319 nigerque
383 2267 469 2312 natura,
487 2258 522 2302 cui
544 2258 672 2304 columbina
690 2274 730 2319 per
749 2258 899 2304 innocentiam

132 2324 178 2370 vite
194 2320 262 2368 debet
278 2320 384 2368 famulari
395 2321 530 2383 simplicitas,
543 2339 587 2385 que
604 2323 662 2369 sicut
678 2340 721 2369 evo
738 2323 856 2379 rarissima,
869 2322 899 2369 sic

132 2387 233 2448 expedite
244 2386 306 2431 volat
317 2386 344 2431 ad
357 2386 435 2432 celum.
472 2386 531 2431 Pulli
548 2397 601 2432 sunt
612 2386 699 2445 fratres,
708 2403 804 2433 numero
820 2387 899 2433 multi-

132 2451 206 2513 plicati
223 2460 246 2496 et
261 2450 339 2512 gratia,
352 2466 438 2512 quos,a
455 2450 626 2497 conturbatione
642 2451 761 2497 hominum
773 2462 796 2498 et
810 2462 900 2497 contra-

107 2568 109 2570 ,
132 2517 230 2561 dictione
248 2515 379 2575 linguarum
398 2513 520 2559 defendere
537 2514 638 2559 francisci
656 2516 729 2561 virtus
745 2533 791 2561 non
809 2517 899 2561 sufficit.

132 2579 218 2625 Vadam
229 2577 299 2638 igitur
315 2588 338 2623 et
354 2593 393 2622 eos
410 2588 484 2623 sancte
504 2578 604 2623 Romane
621 2578 712 2623 ecclesie
728 2578 899 2635 commendabo,

132 2642 197 2690 cuius
218 2642 317 2703 potentie
339 2642 403 2704 virga
424 2641 572 2703 percellantur
594 2642 694 2690 malivoli
716 2652 739 2689 et
760 2642 799 2689 filii
822 2643 857 2690 dei
876 2643 899 2689 in

132 2718 207 2756 eterne
219 2707 297 2754 salutis
313 2716 461 2769 augmentum
478 2707 563 2771 ubique
579 2707 644 2770 plena
660 2708 773 2771 gaudeant
790 2707 898 2756 libertate.

133 2775 302 2836 Recognoscent
312 2789 339 2818 ex
350 2774 394 2819 hoc-
408 2773 455 2828 filii,
464 2771 538 2819 dulcia
554 2773 659 2819 beneficia
676 2773 753 2819 matris
773 2784 795 2820 et
811 2774 899 2835 speciali
