1919 3169
255 66 416 114 Lucanos
433 66 593 113 cardoun
777 79 805 124 23

41 165 124 211 cultam
153 172 176 208 et
205 178 249 225 que
273 178 285 207 a
306 161 394 206 mundo
418 159 545 205 nullatenus
575 160 647 205 valeat
672 159 806 221 concupisci.

44 230 124 274 Cetera
141 244 202 284 ver0,
219 243 263 290 que
280 226 387 282 audierat,
407 240 496 270 summa
510 241 561 270 curn
578 222 701 286 diligentia,
719 239 808 269 summa

43 310 94 339 cum
111 292 233 339 reverentia
243 290 315 337 facere
326 288 440 351 gestiebat.
475 289 530 336 Non
541 289 601 336 enim
612 288 686 336 fuerat
697 288 807 352 evangelii

44 358 126 404 surdus
145 357 242 413 auditor,
253 356 292 401 sed
310 353 415 401 laudabili
427 356 535 400 memorie
552 370 596 416 quc
612 354 713 399 audierat
729 364 807 399 cuncta

44 421 204 469 commendans
215 420 242 465 ad
251 419 339 466 literam
350 418 442 478 implere
453 418 572 479 diligenter
584 419 696 464 curabat.²8

47 732 80 772 De
95 730 247 781 predicatione
265 729 377 780 evangelii
394 733 418 769 et
435 730 608 771 annuntiatione
626 730 702 779 pacisr
721 733 745 771 et
765 740 874 785 ,seara-xp

237 782 360 831 primorum
370 780 465 823 fratrum
475 781 628 823 conversione.

93 863 203 950 &xinde
214 903 367 1063 ευᾞηο
378 886 466 932 fervore
484 887 575 949 spiritus
591 897 614 932 et
631 887 715 948 gaudio
726 886 808 933 mentis

46 954 104 1015 cepit
122 952 227 998 omnibus
244 951 403 1013 penitentiam
421 951 541 1012 predicare,
558 950 627 997 verbo
644 951 747 1013 simplici,
770 951 809 996 sed

46 1018 111 1064 corde
135 1016 255 1078 magnifico
276 1034 288 1062 e
306 1034 312 1062 1
330 1032 382 1061 cans
409 1016 531 1062 audientes.
565 1015 620 1061 Erat
642 1014 738 1062 verbum
760 1016 809 1061 eius

45 1081 114 1129 velud
136 1082 196 1143 ignis
217 1080 297 1126 ardens
319 1089 437 1142 penetrans
459 1080 538 1126 intima
562 1080 636 1126 cordis
660 1090 683 1125 et
704 1081 808 1126 omnium

46 1156 132 1191 mentes
142 1145 297 1189 ammiratione
308 1143 421 1204 replebat.¹

93 1210 169 1255 Totus
186 1209 240 1254 alter
257 1208 376 1255 videbatur
388 1224 457 1269 quam
476 1207 567 1262 fuerat;
585 1217 607 1253 et
624 1207 697 1253 celum
717 1208 808 1254 intuens

47 1272 225 1337 dedignabatur²
240 1272 349 1334 respicere
361 1281 449 1318 terram.
484 1272 515 1318 Et
532 1271 615 1318 mirum
632 1281 698 1330 certe,
713 1272 766 1335 quia
777 1270 808 1317 ibi

47 1341 104 1401 cepit
103 1334 262 1411 ,anitus
272 1338 391 1399 predicare,
403 1338 450 1394 ubi,
461 1354 512 1383 cum
526 1337 599 1384 adhuc
610 1347 666 1383 esset
678 1335 808 1393 infantulus

48 1404 155 1451 didicerat
164 1403 246 1465 legere.
282 1403 309 1448 ln
321 1419 367 1464 quo
379 1403 446 1448 etiam
457 1403 507 1448 loco
521 1401 622 1464 sepultus
638 1411 671 1448 est
687 1402 810 1448 honorifice

48 1468 148 1527 primurn
160 1476 186 1512 ut
200 1465 254 1511 felix
272 1467 364 1512 initium
375 1465 462 1511 felicior
477 1466 617 1512 consumatio
635 1466 809 1511 commendaret.

48 1530 96 1576 Ubi
116 1530 202 1585 didicit,
221 1529 252 1574 ibi
272 1540 294 1575 et
311 1530 390 1575 docuit
407 1539 430 1575 et
451 1529 489 1574 ubi
512 1529 577 1592 cepit,
595 1528 626 1574 ibi
643 1528 737 1574 feliciter
757 1546 811 1574 con-

48 1595 153 1642 sumavit.

98 1661 125 1706 In
143 1660 206 1705 omni
225 1660 377 1721 predicatione
395 1675 441 1716 sua,
460 1660 606 1721 priusquam3
624 1657 811 1705 convenientibus

48 1734 182 1784 proponeret
210 1723 305 1768 verbum
338 1724 382 1778 dei,
416 1740 492 1783 pacem
526 1723 688 1782 imprecabatur
718 1723 809 1768 dicens:

49 1787 156 1832 dominus
177 1786 216 1831 det
238 1786 319 1832 vobis⁴
340 1802 424 1846 pacem.
466 1786 534 1832 Hanc
556 1786 610 1831 viris
631 1796 654 1831 et
672 1785 811 1842 mulieribus,

50 1850 105 1897 hanc
123 1849 212 1907 obviis3
228 1860 250 1897 et
265 1848 409 1898 obviantibus
424 1866 511 1913 semper
526 1849 672 1898 devotissime
688 1849 810 1898 nuntiabat.

50 1916 171 1978 Propterea
189 1915 263 1973 multi,
284 1917 323 1978 qni
345 1932 422 1978 pacem
444 1916 538 1961 oderant
559 1916 640 1977 pariter
665 1926 688 1961 et
710 1916 811 1973 salutem,

50 1980 144 2024 domino
157 1990 297 2041 cooperante,
309 1996 386 2041 pacem
403 1981 521 2041 amplexati
539 1990 592 2024 sunt
609 1990 657 2025 toto
674 1981 748 2036 corde,
760 1980 811 2025 facti

51 2053 73 2087 et
84 2043 126 2104 ipsi
138 2042 177 2087 filii
189 2043 248 2104 pacis
256 2053 279 2088 et
291 2043 360 2088 emuli
372 2043 448 2088 salutis
459 2053 541 2090 eterne.
577 2044 638 2088 Inter
649 2059 706 2105 quos
719 2043 812 2105 quidam

50 2106 78 2151 de
94 2106 171 2152 assisio
188 2107 267 2167 pium⁵
278 2123 303 2152 ac
320 2106 445 2168 simplicem
463 2107 567 2167 spiritum
584 2123 671 2168 gerens
683 2107 758 2152 virum
776 2106 812 2152 dei

51 2169 132 2216 devote
153 2170 241 2232 primo⁶
261 2181 351 2218 secutus
370 2180 411 2217 est.
444 2171 501 2217 Post
519 2171 579 2217 hunc
598 2169 666 2216 frater
687 2170 813 2217 Bernardus

50 2235 109 2296 pacis
138 2233 274 2297 legationem
307 2235 442 2297 amplectens
476 2236 503 2282 ad
530 2236 690 2282 mercandum⁷
717 2252 813 2300 regnum

51 2298 149 2345 celorum
160 2310 212 2361 post
223 2310 326 2346 sanctum
338 2301 374 2345 dei
386 2301 484 2346 cucurrit
494 2300 600 2347 alacriter.

98 2363 147 2409 Hic
158 2364 218 2410 enirn
230 2364 359 2428 frequenter
369 2376 496 2428 susceperat
507 2365 597 2413 beatum
611 2375 696 2427 patrem
708 2366 813 2429 hospitio,

51 2428 115 2473 cuius
136 2429 207 2474 vitam
229 2439 251 2475 et
273 2445 347 2475 mores
369 2430 466 2476 intuitus
491 2440 513 2476 et
535 2440 639 2489 expertus
658 2429 814 2491 refectusque8

52 2490 173 2537 sanctitatis
190 2491 238 2538 eius
251 2492 328 2550 odore,
341 2493 443 2555 concepit
459 2493 563 2541 timorem
575 2503 597 2540 et
614 2493 692 2540 salutis
709 2494 814 2556 spiritum

90 2633 106 2657 ²8
116 2633 154 2671 Ox.
164 2637 249 2685 cupiebat.

46 2709 48 2711 ψ
91 2684 140 2724 1Os.
150 2687 228 2736 repleret.
282 2676 462 2737 ²L.dedignatuns
494 2690 602 2728 ³0s.cu1n.
654 2689 776 2728 tonnobis.

91 2738 234 2786 5L-puerilem..
280 2738 324 2775 6Η.
335 2741 392 2775 omits.
420 2740 549 2791 Ox.primum.
602 2740 788 2779 ⁷Ox.imiiandum.‘

92 2785 99 2810 Β
109 2786 147 2826 Ox.
156 2790 217 2827 inserts
226 2803 300 2840 quoque.
