1919 3169
336 142 517 189 MIRACULA
759 159 803 205 139

40 238 146 303 vegetari.
179 238 254 284 Tanta
276 255 374 302 namque
400 238 471 301 ipsius
498 238 571 285 morbi
599 254 704 301 oppressa
730 239 805 288 fuerat

40 305 131 362 lesione,
141 304 204 368 quod
215 302 335 351 videbatur
351 304 444 350 omnino
460 306 489 352 ad
504 305 577 367 prima
588 303 698 352 cunabula
708 305 805 353 rediisse.

41 370 145 416 Tandem
162 379 233 415 mater
249 370 297 414 cius
313 368 424 415 divinitus
439 369 545 432 inspirata
561 370 632 432 ipsam
649 369 676 415 ad
693 370 807 416 ecelesiam

42 433 101 479 beati
123 433 234 485 Francisci
256 434 319 478 iuxta
336 433 419 478 Vicum
438 434 525 479 Album
547 435 644 496 positam
666 434 766 495 portavit
784 435 808 479 in

43 497 123 553 cunis,
140 508 163 544 et
173 496 229 544 fusis
240 496 327 545 ibidem
344 496 439 544 lacrimis
455 508 478 544 et
494 498 596 560 precibus
607 496 770 560 multiplicatis,
782 498 809 543 ab

44 563 106 610 omni
117 561 254 609 infirmitatis
264 561 365 625 periculo
375 561 475 619 liberata,
486 562 555 625 priori
572 565 626 610 etati
642 564 732 610 reddita
743 573 776 609 est
787 574 810 610 et

45 626 118 675 saluti.

93 694 120 737 ln
142 692 221 738 eodem
243 701 315 737 castro
336 692 423 737 iuvenis
450 693 543 754 quidam
570 709 623 738 cum
644 693 732 753 paralisi
754 703 812 737 esset

45 757 159 811 detentus,
170 756 201 801 ita
212 754 275 816 quod
287 755 306 800 ei
317 754 424 800 clauserat
440 756 485 800 oris
498 755 598 801 hostium
609 765 631 801 et
643 755 720 803 oculos
731 753 812 802 fecerat

46 820 175 876 indirectas,
192 837 204 865 a
220 820 337 866 matre-ad
355 820 400 866 iam
419 821 501 867 dictam
520 821 633 868 ecclesiam
650 831 754 883 portatus
770 831 811 868 est.

47 887 155 948 Cumque
174 886 243 932 modo
260 884 336 948 aliquo
355 885 442 931 iuvenis
458 885 496 930 ille
514 902 536 931 se
555 902 647 932 movere
666 903 712 932 non
729 896 811 949 posset,

48 961 119 998 matre
130 966 171 1014 pro
188 949 236 1012 ipso
253 949 384 1012 suppliciter
401 960 513 1005 exorante,
530 951 662 1013 priusquam
681 952 768 997 veniret
784 952 813 998 ad

48 1016 146 1078 propria,
157 1014 260 1061 redditus
271 1023 305 1059 est
316 1014 409 1076 pristine
420 1014 515 1062 sanitati.

98 1079 126 1125 ln
137 1078 210 1124 Podio
221 1078 302 1122 Bonizi
318 1078 392 1139 puella
408 1079 511 1141 quedam,
523 1081 614 1124 nomine
630 1080 750 1137 Ubertina,
762 1094 814 1126 cum

49 1143 133 1191 caduco
152 1143 233 1190 morbo
254 1153 300 1189 tam
321 1143 419 1206 graviter
440 1159 509 1207 quam
524 1143 678 1191 incurabiliter
697 1144 812 1201 laboraret,

49 1219 152 1272 parentes
164 1209 242 1270 ipsius,
253 1208 298 1253 iam
315 1208 342 1252 de
359 1208 459 1253 humano
474 1208 574 1254 remedio
591 1208 739 1271 desperantes,
755 1210 814 1255 beati

49 1273 159 1320 Francisei
171 1272 251 1318 obnixe
264 1271 369 1333 suffragia
376 1272 511 1333 flagitarunt.
535 1273 587 1317 Pari
599 1274 693 1333 proinde
705 1288 815 1318 consensu

50 1347 158 1383 voventes
180 1335 300 1381 beatissimi
327 1335 397 1397 patris
424 1352 463 1398 per
491 1351 560 1381 annos
587 1336 687 1398 singulos
714 1337 815 1399 vigiliam

51 1403 148 1448 ieiunare
157 1411 179 1447 et
188 1402 211 1447 in
219 1401 255 1448 die
266 1399 429 1462 solempnitatis
437 1401 507 1462 ipsius
513 1400 599 1464 aliquot
606 1418 694 1464 pascere
700 1418 816 1464 pauperes,

53 1467 71 1513 si
80 1466 149 1513 filiam
166 1482 230 1513 suam
246 1483 258 1511 a
274 1476 321 1511 tam
338 1465 443 1511 insolenti
459 1466 588 1528 egritudine
603 1466 718 1522 relevaret,
735 1467 817 1514 emisso

51 1543 114 1588 voto,
131 1532 204 1593 puella
219 1532 284 1592 plene
300 1530 393 1576 liberata
409 1531 531 1585 convaluit,
548 1531 609 1576 noxii
626 1531 699 1577 morbi
715 1542 766 1592 post
776 1532 817 1577 hec

53 1597 139 1641 nullam
151 1595 249 1640 sentiens
259 1594 373 1640 lesionem.

101 1661 182 1707 Petrus
193 1659 341 1718 Mancanella,
350 1658 472 1706 Gaietanus
483 1658 544 1717 civis,
554 1674 593 1721 per
601 1659 700 1722 paralisis
711 1658 818 1708 morbum
823 1665 862 1704 Fol.
874 1664 912 1715 56'·

54 1727 171 1772 brachium
182 1725 280 1787 perdidit
291 1734 358 1787 atque
369 1740 471 1781 manum,
482 1741 507 1770 os
523 1734 635 1770 retortum
651 1740 731 1788 gerens
746 1728 818 1788 usque

54 1790 82 1837 ad
102 1806 185 1838 aurem.
220 1789 269 1842 Qui
292 1805 344 1836 curn
366 1805 389 1834 se
410 1788 507 1835 consiliis
528 1797 649 1850 exponeret
671 1790 818 1845 medicorum,

55 1856 130 1900 visum
141 1853 215 1898 amisit
226 1853 308 1913 pariter
321 1862 343 1897 et
360 1852 471 1899 auditum.
506 1853 609 1899 Tandem
626 1852 691 1898 beato
702 1852 820 1899 Francisco

55 1917 185 1982 suppliciter
207 1933 230 1962 se
251 1916 359 1973 devovit;
381 1926 404 1962 et
427 1916 457 1962 sic
478 1916 506 1963 ab
528 1917 589 1964 omni
612 1917 671 1965 dicta
690 1918 820 1965 infirmitate

55 1983 176 2031 beatissimi
187 1982 229 2028 viri
239 1982 326 2028 meritis
336 1982 411 2028 extitit
420 1981 533 2031 liberatus,

106 2048 170 2098 Civis
181 2048 274 2111 quidam
286 2047 314 2094 de
325 2047 431 2094 Tuderto
442 2048 465 2093 in
476 2057 566 2094 tantum
577 2047 668 2094 artetica
678 2046 820 2110 gravabatur,

57 2115 121 2177 quod
132 2123 224 2175 propter
240 2112 404 2158 vehementiam
421 2112 528 2172 passionis
545 2111 658 2174 quiescere
674 2112 763 2173 penitus
774 2128 821 2157 non

57 2177 152 2225 valebat.
184 2176 289 2222 Tandem
300 2192 352 2221 cum
368 2176 397 2221 ad
413 2175 522 2221 nichilum
538 2175 610 2240 redigi
620 2175 744 2235 videretur,
757 2176 821 2224 nullo

59 2243 104 2291 iam
114 2242 255 2289 medicorum
265 2241 365 2288 remedio
376 2240 511 2298 sublevatus,
518 2258 592 2288 coram
599 2242 699 2305 quodam
708 2243 822 2291 sacerdote

59 2310 87 2355 ad
104 2307 194 2354 beatum
211 2307 353 2353 Franciscum
370 2306 474 2353 clamavit
490 2317 512 2352 et
528 2308 609 2353 emisso
624 2317 688 2364 voto,
705 2308 822 2354 sanitatem

60 2373 176 2434 pristinam
187 2371 324 2434 impetravit.

109 2437 219 2493 Quidam,
231 2436 322 2480 nomine
332 2434 482 2491 BontadosuS,
494 2449 546 2479 cum
557 2434 580 2478 in
591 2434 687 2496 pedibus
697 2443 744 2479 tam
755 2450 823 2499 grave

61 2500 180 2546 sustineret
191 2499 301 2555 dolorem,
312 2497 375 2561 quod
385 2498 477 2558 penitus
487 2515 510 2543 se
521 2514 611 2545 movere
622 2514 668 2544 non
678 2510 762 2560 posset,
774 2500 824 2545 cibo

62 2565 153 2628 perdito
162 2575 231 2627 atque
241 2580 345 2626 sompno,
355 2580 376 2620 ¹a*
384 2562 478 2609 muliere
494 2563 591 2626 quadam
608 2579 699 2610 suasum
716 2574 750 2610 est
766 2565 786 2610 ei
798 2573 824 2611 ut

63 2630 129 2678 beato
145 2629 262 2678 Francisco
277 2627 408 2692 suppliciter
424 2645 447 2676 se
462 2638 561 2677 voveret.
595 2627 644 2681 Qui
660 2628 731 2676 nimio
748 2628 825 2677 dolore

64 2706 187 2758 correptus,
202 2711 254 2741 curn
272 2710 324 2739 eum
344 2709 390 2738 non
408 2709 455 2738 esse
472 2703 574 2738 sanctum
591 2709 613 2737 se
630 2693 720 2739 credere
734 2694 825 2749 diceret,

64 2759 158 2805 muliere
166 2758 325 2804 nichilominus
336 2757 470 2819 pertinacius
482 2765 621 2819 suggerente,
629 2756 694 2803 vovit
702 2772 726 2803 se
734 2757 757 2803 in
766 2757 826 2804 hunc

65 2825 177 2872 modum:
201 2823 281 2870 Voveo
303 2838 346 2880 me,
366 2821 454 2884 inquid,
472 2831 549 2867 sancto
568 2821 685 2867 Francisco
707 2833 729 2868 et
750 2823 826 2883 ipsum

66 2888 133 2935 credo
144 2904 191 2935 esse
202 2897 311 2943 sanctum,
323 2886 341 2930 si
353 2902 389 2931 me
406 2884 464 2932 infra
480 2886 550 2933 trium
567 2885 655 2932 dierum
666 2887 789 2933 terminum
799 2885 827 2933 ab
