1919 3169
127 40 153 71 12
337 26 497 73 LEGENDA
513 27 670 86 ANTIQUA

124 122 229 170 baculum
241 134 344 187 gestans;
361 124 400 170 sed
411 124 517 188 paulatim
533 125 560 171 ab
577 124 608 170 eis
624 141 646 170 se
663 140 756 188 corpore
772 122 891 181 subtrahit,

126 190 165 251 qui
177 200 250 236 mente
267 190 311 235 iam
328 199 375 236 tota
393 200 454 236 totus
471 191 499 236 ad
517 191 554 238 illa
571 190 694 248 sorduerat,
707 190 773 236 corde
791 189 892 236 Domino

126 268 212 298 canens.
245 254 326 307 Tanta,
338 263 363 297 ut
379 254 439 298 idem
456 256 542 310 retulit,
553 266 606 300 tunc
621 254 666 299 fuit
682 255 800 299 dulcedine
816 254 893 300 divina

126 317 236 378 perfusuS,
243 328 269 363 ut
276 316 338 363 effari
346 334 390 363 non
396 319 471 364 valens
478 318 566 381 penitus
574 318 659 364 deloco
666 318 752 364 moveri
760 335 805 363 non
810 327 892 379 posset.

127 383 231 444 Quedam
238 399 289 427 eum
297 383 393 444 pervasit
399 394 453 428 tunc
462 384 550 430 affectio
559 383 679 445 spiritualis
690 384 764 445 ipsum
776 384 803 428 ad
815 382 893 427 invisi-

126 447 178 493 bilia
189 456 284 507 raptans,
294 448 357 492 cuius
369 448 453 494 virtute
460 459 547 494 terrena
553 449 628 494 omnia
635 448 717 494 nullius
724 464 770 493 esse
777 447 893 502 momenti,

127 512 166 558 sed
192 512 281 573 penitus
305 510 386 557 frivola
413 513 526 560 iudicavit.
569 514 683 574 Stupenda
707 529 784 558 revera
808 511 894 558 Christi

46 582 87 618 Fal.
101 577 235 636 radignatio
253 591 296 636 que
313 578 430 637 agentibus
446 579 523 623 infima
536 578 632 623 maxima
647 578 716 623 donat
732 577 791 622 etin
806 577 894 622 diluvio

128 655 236 702 aquarum
248 640 371 685 multarum
383 657 427 703 que
438 657 476 687 sua
487 651 541 686 sunt
552 651 625 686 servat
636 652 659 687 et
673 650 800 703 promovet.
828 640 895 685 Pavit

128 705 186 750 enim
200 704 304 750 Christus
315 705 410 767 panibus
424 716 446 751 et
462 706 559 768 piscibus
576 707 659 765 turbas,
671 723 710 752 nec
726 706 808 768 repulit
824 722 837 751 a
853 720 895 750 suo

128 771 223 831 prandio
234 779 367 830 peccatores.
401 772 509 830 Quesitus
520 771 547 816 ab
564 772 595 816 eis
612 773 635 816 in
651 786 734 832 regem,
746 772 788 816 init
799 770 894 833 fugam3

128 845 150 880 et
173 844 274 880 montem
297 845 402 880 oraturus
425 835 531 881 ascendit.
576 836 688 897 Mysteria
710 846 762 881 sunt
781 835 832 891 Dei,
852 850 895 897 que

129 899 248 943 Francisco
275 899 417 959 assequitur;
445 911 467 943 et
494 901 521 945 ad
549 901 671 960 perfectam
693 900 808 945 scientiam
829 900 895 945 etiam

128 962 234 1024 ignorans
250 960 377 1007 adducitur.

57 1128 123 1170 [n-uJ]
177 1088 246 1179 Sed
264 1122 308 1167 iam
325 1137 449 1184 pauperum
467 1133 553 1167 amator
569 1123 645 1167 existit
662 1124 788 1184 precipuuS,
805 1122 849 1168 iam
866 1121 897 1177 id,

130 1186 192 1248 quod
215 1185 312 1246 perfecte
334 1185 425 1232 futurus
447 1196 500 1242 erat,
518 1202 578 1231 sacra
597 1186 709 1247 spirabant
728 1187 799 1232 initia.
844 1186 895 1232 Fre—

129 1260 223 1313 quenter
234 1249 329 1312 proinde
340 1267 423 1296 exuens
439 1251 583 1312 semetipsum
600 1267 707 1312 pauperes
724 1251 804 1305 induit,
817 1249 898 1312 quibus

129 1330 152 1360 se
171 1314 267 1360 similem
287 1315 333 1359 fieri
353 1316 457 1360 nondum
476 1315 549 1375 operis
569 1317 705 1371 executione,
726 1315 764 1361 scd
785 1325 835 1361 toto
853 1314 897 1360 iam

130 1379 196 1426 corde
208 1379 331 1426 contendit.
366 1380 432 1437 Cum,
443 1391 545 1441 tempore
557 1380 664 1443 quodam,
673 1379 897 1442 romamperegrina-

129 1455 196 1489 turus
207 1445 285 1500 adiret,
297 1446 435 1504 paupertatis
448 1461 523 1489 amore
539 1445 673 1490 vestimenta
684 1445 778 1491 delicata
794 1444 899 1505 deposuit

129 1519 151 1553 et
163 1508 278 1553 cuiusdam
290 1507 395 1568 pauperis
411 1507 551 1552 vestimentis
568 1506 676 1563 obtectus,
689 1509 712 1552 in
729 1508 831 1569 paradiso
848 1517 899 1552 ante

128 1573 242 1618 ecclesiam
260 1572 330 1617 sancti
348 1572 413 1633 petri,
428 1573 466 1634 qui
484 1572 546 1618 locus
563 1571 626 1617 ferax
643 1584 677 1617 est
694 1589 824 1634 pauperum,
841 1571 899 1617 inter

128 1653 236 1699 pauperes
247 1636 342 1682 letanter
359 1637 441 1683 resedit
452 1647 474 1683 et
486 1637 554 1683 velud
566 1654 639 1683 unum
650 1654 677 1683 ex
688 1637 741 1700 ipsis
752 1653 775 1682 se
786 1646 898 1697 reputans,

129 1703 193 1748 avide
205 1718 256 1746 cum
267 1702 299 1746 eis
310 1703 437 1747 manducat.
472 1703 610 1748 Multotiens
621 1702 709 1748 fecisset
721 1703 843 1759 consimile,
857 1701 899 1746 nisi

130 1779 237 1814 notorum
249 1766 327 1812 fuisset
338 1766 472 1813 verecundia
483 1767 611 1829 impeditus.

178 1832 286 1888 Miratus,
299 1848 350 1876 cum
362 1833 390 1877 ad
401 1834 468 1877 altare
484 1832 591 1894 principis
608 1831 762 1893 apostolorum
779 1832 899 1886 accederet,

130 1908 176 1941 tam
188 1897 286 1941 modicas
298 1895 421 1941 oblationes
437 1895 521 1941 ibidem
537 1897 564 1941 ab
581 1896 754 1942 adventantibus
771 1897 825 1953 fieri,
835 1896 900 1956 plena

131 1977 199 2006 manu
219 1960 337 2021 pecuniam
357 1960 423 2005 iactat
445 1960 467 2004 in
489 1959 546 2016 loco,
567 1960 725 2005 honorandum
747 1959 774 2005 ab
796 1958 900 2005 omuibus

131 2023 248 2087 specialius
272 2023 372 2070 indicans
397 2040 466 2086 quem
491 2024 545 2069 deus
569 2041 635 2086 supra
662 2035 747 2070 ceteros
774 2024 899 2070 honoravit.

131 2089 276 2151 Pauperculis
287 2089 354 2134 etiam
365 2089 517 2135 sacerdotibus
528 2089 671 2135 ecclesiastica
681 2100 811 2135 ornamenta
818 2088 902 2151 pluries

131 2154 256 2209 exhibebat,
275 2171 347 2215 usque
365 2154 393 2199 ad
410 2152 538 2199 inferiorem
554 2154 650 2215 gradum
673 2153 777 2199 omnibus
799 2153 901 2200 debitum

131 2219 241 2263 honorem
264 2217 395 2278 inpendens.
437 2217 496 2262 Nam
519 2218 664 2278 apostolicam
688 2227 820 2278 sumpturus
841 2217 902 2279 lega-

132 2285 225 2338 tionem,
243 2282 333 2346 fideque
353 2281 460 2328 catholica
478 2282 565 2345 integer
586 2292 648 2328 totus
670 2299 722 2345 erga
743 2281 858 2327 ministros
880 2291 902 2325 et

134 2348 255 2394 ministeria
266 2348 316 2402 Dei,
326 2347 451 2393 reverentia
461 2348 540 2408 plenus
551 2347 578 2393 ab
589 2347 654 2393 initio
665 2347 717 2393 fuit.

58 2514 131 2557 [a-111J]
180 2468 248 2551 Iam
266 2500 297 2545 sic
313 2500 355 2545 sub
373 2500 466 2545 seculari
483 2500 561 2546 habitu
578 2500 708 2562 religiosum
726 2500 826 2545 animum
844 2501 903 2562 gerit

136 2575 159 2610 et
170 2564 268 2610 solitaria
277 2565 327 2610 loca
337 2564 365 2609 de
376 2564 472 2625 publicis
488 2575 571 2626 petens,
581 2566 709 2611 visitatione
726 2565 817 2627 spiritus
834 2565 903 2609 sancti

136 2640 242 2676 monetur
261 2630 382 2692 sepissime.
423 2628 568 2676 Abstrahitur
590 2647 687 2693 namque
709 2640 731 2675 et
752 2629 845 2676 illicitur
867 2628 904 2675 illa

136 2695 252 2757 principali
279 2695 404 2749 dulcedine,
427 2711 470 2756 que
494 2697 525 2740 sic
552 2713 564 2741 a
591 2695 702 2757 principio
726 2711 777 2741 eum
805 2695 903 2756 plenarie

136 2758 264 2823 superfudit
274 2775 280 2815 ;
299 2770 321 2805 et
332 2776 457 2823 numquam
469 2760 496 2805 ab
507 2776 534 2806 eo
545 2760 641 2816 recessit,
653 2760 725 2806 donec
741 2760 804 2807 vixit.
838 2760 902 2806 Dum
