1919 3169
144 80 171 124 aa
357 80 516 127 nuceum
532 82 691 143 anatona

67 246 141 285 [Υ-ῙΠΙ]
189 209 238 290 In
249 252 327 288 monte
337 242 436 304 quodam
447 243 585 305 quandoque
600 243 679 288 cellula
695 242 753 287 facta
764 243 816 299 fuit,
828 243 852 288 in
866 260 911 305 qua

143 324 220 355 servus
231 308 267 354 dei
278 306 425 370 quadraginta
439 306 527 352 dierum
545 322 640 353 numero
657 307 791 381 rigidissime
808 308 911 369 peniten-

143 375 198 422 tiam
209 375 270 448 egit3
288 372 327 435 qui
339 388 397 426 curn,
409 372 540 445 completot
541 388 638 435 emporis
646 383 740 434 spatio,
733 373 784 420 nde
792 373 912 429 recederet

144 441 235 487 velud
231 456 254 484 rn
275 436 397 482 solitudine
419 438 492 498 posita
511 437 593 501 absque
614 438 690 499 aliquo
711 454 837 484 successore
859 438 912 484 cella

145 505 268 557 remansit,
285 502 401 546 vasculum
409 512 515 558 terreum,
525 518 577 547 curn
586 519 632 565 quo
640 512 729 547 sanctus
737 503 812 548 bibere
821 503 913 558 solebat,

146 567 190 614 fuit
201 537 285 613 ibidein
296 581 320 611 re
321 565 407 611 lictum.
441 565 528 612 Euntes
539 576 614 612 autem
625 566 727 613 homines
738 566 874 631 quandoque
885 565 913 613 ad

146 635 221 680 locum
238 634 304 678 illum
321 631 350 676 ob
367 633 515 678 reverentiam
534 634 611 688 sancti,
628 632 743 678 vasculum
762 632 818 678 illud
836 632 914 694 apibus

146 700 239 762 plenum
250 696 377 753 inveniunt,
389 695 412 740 in
423 695 473 759 ipso
484 707 559 743 autem
570 714 621 743 vase
634 696 729 742 mirabili
746 708 793 743 arte
809 695 913 743 favorum

146 763 236 810 cellulas
263 760 407 817 fabricabant,
434 778 512 807 revera
538 762 686 824 significantes
718 762 914 824 contemplationis

145 828 297 881 dulcedinem,
314 841 381 886 quam
397 824 428 868 ibi
444 826 547 870 hauserat
562 836 651 871 sanctus
667 826 708 872 dei.

91 947 144 987 [r-v]
193 923 309 1012 Hobilis
327 954 420 1017 quidam
437 953 465 999 de
483 954 592 1000 comitatu
609 954 696 1000 senensi
714 953 779 1000 beato
797 954 915 1001 Francisco

147 1020 269 1066 infirmanti
291 1018 401 1064 fasianum
423 1035 494 1064 unum
518 1020 647 1076 transmisit,
669 1019 708 1081 qui
735 1035 788 1064 curn
814 1019 915 1065 alacriter

148 1084 213 1130 illurn
235 1083 356 1144 susciperet
378 1099 423 1129 non
445 1084 546 1146 appetitu
567 1084 656 1139 edendi,
676 1083 715 1131 sed
737 1100 807 1142 more,
826 1100 872 1147 quo
891 1083 914 1130 in

148 1149 228 1193 talibus
263 1148 327 1192 letari
362 1163 449 1209 semper
484 1148 569 1193 solebat
604 1149 633 1193 ob
668 1150 773 1193 creatoris
807 1165 914 1203 amorem,

71 1219 109 1256 Fol.
120 1213 204 1258 aodixit
215 1213 243 1258 ad
251 1211 291 1257 fasi
284 1227 375 1257 itanum
393 1212 508 1257 Laudatus
519 1212 547 1257 sit
558 1222 644 1258 creator
655 1221 738 1269 noster,
745 1211 814 1257 frater
824 1212 913 1257 fasiane

149 1276 209 1322 Et
192 1288 222 1323 art
234 1276 261 1322 ad
278 1274 374 1322 fratres:
391 1275 562 1350 Temptemus
557 1293 601 1321 iarn
618 1292 685 1332 nunc,
697 1277 715 1322 si
733 1276 802 1323 frater
818 1276 916 1323 fasianus

149 1341 203 1386 velit
224 1341 342 1387 nobiscum
364 1342 454 1396 morari,
476 1359 504 1386 an
526 1341 554 1387 ad
577 1341 625 1387 loca
646 1313 712 1387 solita
738 1353 761 1387 et
782 1343 853 1404 magis
874 1341 915 1387 sibi

148 1422 248 1467 congrua
258 1422 359 1467 pergere.
392 1405 424 1450 Et
435 1416 486 1477 port
488 1421 527 1451 ans
539 1422 591 1450 eum
608 1406 701 1467 quidam
717 1405 761 1451 frat
753 1416 786 1451 ter
803 1406 831 1452 de
847 1405 916 1451 sancti

149 1470 255 1515 mandato
273 1468 347 1531 longe,
367 1468 456 1514 illurn
451 1486 474 1514 1n
495 1470 561 1516 vinea
582 1469 665 1578 posuitI
675 1469 714 1532 qui
733 1468 809 1515 statim
829 1470 917 1515 concito

149 1550 226 1596 gressu
236 1533 264 1579 ad
281 1533 359 1579 cellam
376 1549 478 1579 reversus
495 1544 529 1579 est
545 1536 621 1607 patris.
655 1535 741 1579 lterum
759 1550 811 1579 eum
827 1535 917 1597 longius

148 1599 203 1660 poni
214 1598 320 1661 precepit,
331 1598 371 1661 qui
382 1598 512 1660 pernicitate
523 1598 619 1644 maxima
636 1598 663 1644 ad
681 1598 734 1644 celle
752 1598 836 1645 ostium
851 1599 918 1645 rediit

149 1673 172 1709 et
183 1665 247 1727 quasi
258 1663 305 1709 vim
316 1661 404 1719 faciens,
416 1662 458 1708 sub
469 1664 554 1710 tunicas
565 1662 669 1721 fratrum,
682 1663 720 1726 qui
735 1673 798 1710 erant
810 1663 833 1709 in
850 1665 916 1720 ostio,

150 1729 259 1775 introivit.
299 1728 368 1773 Iussit
386 1727 482 1788 proinde
501 1728 565 1773 illurn
583 1739 671 1773 sanctus
690 1728 809 1789 diligenter
828 1730 917 1782 nutriri,

150 1791 277 1854 amplexans
288 1789 354 1835 illum
364 1802 387 1836 et
403 1790 506 1835 dulcibus
517 1790 590 1836 verbis
606 1790 741 1836 demulcens.
773 1791 859 1837 Videns
876 1792 918 1838 hoc

151 1857 250 1903 medicus
271 1857 363 1918 quidam
385 1866 462 1901 sancto
486 1857 522 1902 dei
543 1857 595 1901 satis
616 1857 713 1902 devotus
734 1857 798 1918 petiit
820 1857 883 1901 illuni
906 1873 918 1901 a

150 1920 261 1979 fratribus,
280 1919 358 1966 nolens
375 1936 428 1965 eum
446 1920 569 1976 comedere,
585 1922 623 1967 sed
641 1920 706 1967 illum
724 1920 753 1966 ob
770 1922 918 1967 reverentiam

150 1987 220 2032 sancti
231 1985 324 2032 nutrire.
353 1984 417 2038 Quid
426 1984 508 2047 plura?
534 1984 623 2032 Detulit
634 2003 686 2032 curn
694 2002 769 2031 secum
778 1985 806 2032 ad
815 1985 917 2045 domum,

151 2052 190 2097 sed
201 2051 265 2114 quasi
282 2051 386 2095 iniuriam
397 2067 474 2111 passus
485 2050 610 2096 disiunctus
621 2050 717 2095 fasianus
728 2068 740 2096 a
751 2061 835 2106 sancto,
846 2052 919 2098 donec

151 2116 198 2159 sine
209 2117 256 2160 eius
267 2116 377 2176 presentia
387 2114 440 2169 fuit,
451 2116 583 2160 manducare
594 2117 684 2176 penitus
695 2115 775 2161 noluit.
803 2116 919 2177 Obstupe—

151 2178 223 2225 factus
234 2189 267 2225 est
278 2179 379 2226 medicus
390 2188 413 2224 et
424 2178 452 2224 ad
465 2189 565 2225 sanctum
580 2180 655 2225 statim
670 2179 779 2225 fasianum
795 2191 919 2242 reportans,

152 2261 196 2308 que
213 2245 343 2300 acciderant,
361 2259 402 2307 per
419 2243 522 2290 ordinem
539 2254 619 2290 cuncta
636 2244 741 2291 narravit.
775 2245 835 2291 Mox
853 2255 879 2291 ut
896 2246 919 2291 in

152 2320 211 2356 terra
222 2310 308 2372 positus
319 2321 406 2371 patrem
417 2326 483 2355 suum
494 2309 591 2355 fasianus
601 2310 703 2371 inspexit,
713 2310 812 2372 proiecta
822 2310 919 2366 tristitia,

153 2375 286 2421 manducare
297 2392 349 2420 cum
360 2373 445 2438 gaudio
456 2375 521 2436 cepit,

88 2515 150 2556 [ir-VJ]
202 2470 288 2553 quta
299 2501 402 2546 cellulam
410 2499 479 2545 sancti
489 2499 524 2546 dei
533 2501 593 2563 apud
601 2501 768 2563 portiunculam
776 2517 843 2564 super
852 2502 920 2549 ficum

156 2570 230 2616 cicada
251 2567 348 2614 residens
369 2575 474 2612 consueta
495 2566 624 2628 frequenter
645 2566 754 2612 suavitate
776 2567 874 2624 canebat,
893 2568 921 2613 ad

156 2651 224 2697 quarn
246 2632 383 2705 quandoque
404 2630 482 2676 beatus
503 2641 566 2692 pater
593 2647 672 2676 manus
698 2633 826 2690 extendens,
849 2605 877 2679 ad
899 2649 921 2678 se

156 2700 251 2761 benigne
262 2697 351 2743 vocavit
362 2696 453 2741 dicens:
471 2696 539 2740 Soror
551 2712 600 2740 mea
616 2695 696 2752 cicada,
709 2712 759 2740 veni
753 2696 797 2741 ad
809 2713 861 2752 me;
878 2714 922 2760 que

156 2764 224 2810 velud
235 2761 328 2809 rationis
338 2776 431 2822 compos
441 2760 518 2806 statim
531 2776 597 2821 super
608 2776 687 2806 manus
704 2760 751 2805 cius
768 2762 882 2817 ascendit;
899 2771 922 2807 et

157 2829 188 2874 ait
199 2829 226 2875 ad
237 2843 301 2873 earn:
319 2826 400 2880 Canta,
412 2839 476 2869 soror
486 2841 542 2881 mea,
554 2824 628 2870 cicada
638 2834 660 2870 et
672 2824 790 2871 dominum
801 2837 922 2873 creatorem
