1919 3169
152 79 194 125 126
332 78 534 127 TRACTATUS
551 80 724 127 SECUNDUS

149 190 195 223 non
210 190 307 236 possem.
341 174 452 220 Iohannes
470 175 545 239 Frigia
562 176 673 221 Pennates
693 186 747 221 tunc
764 191 828 238 puer,
839 185 916 237 postea

150 239 307 287 Romanorum
331 240 453 314 proconsul
475 250 498 287 et
518 241 572 286 sacri
593 241 669 303 palatii
691 256 773 297 comcs,
792 241 854 305 quod
876 239 916 287 illo

147 315 250 368 tempore
262 320 314 351 cum
324 315 394 352 matre
404 306 450 353 suis
466 305 544 353 ocuilis
555 305 613 352 vidit
630 316 653 352 et
669 305 771 352 manibus
786 307 915 352 actrectavit

56 368 96 404 Fol
104 374 137 417 49
137 369 219 414 ⁰libere
236 371 300 414 hoc
284 386 370 440 ipsum
387 370 453 425 iurat,
464 371 540 416 dubiis
553 371 658 416 omnibus
669 371 797 417 confitetur.
830 371 916 417 Redeat

148 433 192 479 iam
203 433 319 495 peregrina
330 432 353 479 111
362 443 399 494 pat
400 434 463 491 riam,
474 434 627 498 prcrogrativa
643 434 713 497 gratie
724 435 847 480 consolata
869 434 912 482 Et

148 515 190 545 nos
201 509 252 562 post
264 509 332 546 sancti
327 499 401 546 'tmor
403 516 439 545 em
450 499 477 546 ad
489 499 530 546 1111
544 510 689 548 transeamus

34 650 35 653 ’
92 644 140 686 [er]
225 644 259 684 De
269 644 365 684 mortuis
374 645 492 685 suscitatis
502 655 541 693 per
552 645 633 686 merita
642 644 703 686 beati
713 646 834 687 Francisci·

165 785 166 788 =
193 724 327 807 mortuos
335 754 453 816 aggredior
460 754 594 799 contessoris
603 753 688 801 Christi
697 753 782 799 meritis
790 753 911 810 suscitatos,

146 828 245 865 attentos
263 834 358 882 querens
376 819 493 865 audientes
510 820 592 880 pariter
612 830 635 865 et
651 819 755 882 legentes.
799 818 913 865 Omictam

146 884 169 929 in
180 901 259 931 eorum
271 883 401 929 recitatione
412 884 589 930 circumstantias
605 885 687 931 multas
699 884 787 930 emulus
799 883 913 931 brevitatis

146 956 175 1002 et,
187 946 391 1010 sollempnitatibus
402 948 569 994 ammirantium
581 950 660 1006 tacitis,
669 964 704 993 res
713 949 786 994 solum
799 949 910 993 mirabiles

132 1013 264 1063 annotabo.
301 1013 328 1059 ln
348 1023 420 1058 castro
440 1012 530 1059 Montis
550 1013 640 1059 Marani
659 1029 729 1076 prope
749 1014 911 1070 Beneventum,

144 1077 225 1124 mulier
253 1077 351 1140 quedam
380 1078 450 1139 stirpe
477 1078 567 1134 nobilis,
591 1078 675 1125 virtute
702 1078 807 1135 nobilior,
835 1087 912 1124 sancto

146 1143 263 1193 Francisco
279 1142 386 1202 peculiari
404 1142 526 1187 devotione
543 1142 661 1198 inheserat,
676 1152 699 1189 et
713 1143 784 1203 digno
801 1143 911 1189 serviebat

143 1206 268 1252 reverentie
290 1204 408 1251 famulatu.
454 1206 586 1251 Infirmitate
613 1217 704 1267 gravata
726 1216 749 1251 et
770 1206 861 1251 tandem
883 1208 911 1251 ad

144 1281 271 1323 extremum
283 1270 399 1332 perducta,
412 1268 471 1315 viam
483 1269 586 1316 universe
598 1271 669 1316 carnis
681 1269 782 1316 intravit.
815 1270 911 1316 Mortua

143 1335 200 1381 circa
222 1335 275 1381 solis
297 1349 406 1389 occasum,
429 1333 533 1380 differtur
555 1335 578 1380 in
597 1332 718 1381 crastinum
740 1335 863 1395 sepultura,
884 1346 910 1382 ut

144 1417 248 1446 carorum
264 1416 383 1445 numerosa
393 1400 487 1445 societas
498 1399 636 1446 conveniret.
671 1399 820 1447 Conveniunt
836 1400 909 1446 clerici

143 1474 209 1519 nocte
229 1463 257 1511 ad
277 1463 383 1527 exequias
401 1472 424 1508 et
442 1463 531 1526 vigilias
550 1479 603 1508 cum
622 1463 733 1527 psalteriis
750 1464 909 1519 decantandis;

142 1530 272 1577 circumstat
289 1529 408 1590 utriusque
425 1544 491 1574 sexus
507 1530 622 1575 orantium
639 1528 771 1576 multitudo.
806 1527 838 1574 Et
858 1545 908 1575 ecce

143 1594 219 1642 subito
236 1594 322 1641 cunctis
339 1592 482 1639 cernentibus
494 1593 560 1657 erigit
572 1611 595 1640 se
606 1594 688 1640 mulier
705 1594 873 1656 superlectum,
886 1604 908 1639 et

142 1676 213 1704 unum
230 1661 259 1704 de
274 1658 398 1704 astantibus
415 1659 554 1705 sacerdotem
574 1669 596 1704 et
615 1660 730 1719 patrinum
749 1674 817 1703 suum
833 1669 906 1714 vocat,

142 1723 233 1770 dicens:
251 1722 311 1767 Volo
328 1721 437 1776 confiteri,
455 1732 525 1783 pater,
537 1722 588 1767 audi
606 1733 723 1784 peccatum
738 1737 822 1767 meum.
855 1695 907 1783 Egd

142 1789 202 1834 enim
213 1796 305 1834 mortua
315 1802 366 1833 sum
375 1796 397 1832 et
405 1787 464 1832 duro
472 1802 532 1832 eram
541 1802 625 1832 carcere
634 1785 785 1860 mancipanda,
799 1786 906 1849 quoniam

142 1863 267 1914 peccatum,
279 1852 342 1914 quod
353 1851 394 1896 tibi
405 1852 509 1912 pandam,
521 1852 643 1897 nondum
638 1869 685 1914 ipsa
699 1851 800 1896 confessa
811 1850 905 1897 fueram.

142 1920 180 1964 Set
190 1928 274 1971 orante,
287 1915 376 1979 inquid,
387 1932 477 1978 prome
488 1925 564 1962 sancto
579 1916 703 1973 Francisco,
714 1932 750 1963 cui
744 1915 907 1962 devotissima

142 1999 229 2043 semper
240 1981 281 2035 fui,
293 1981 366 2025 redire
377 1981 405 2025 ad
417 1997 497 2041 corpus
509 1997 570 2025 nunc
581 1981 698 2027 indultum
710 1990 743 2025 est
754 1980 816 2036 mihi,
830 1992 856 2027 ut
867 1981 906 2027 illo

141 2047 241 2099 revelato
252 2055 343 2106 peccato
360 2045 447 2089 veniam
463 2059 555 2090 merear.
588 2044 620 2089 Et
631 2061 681 2090 ecce
693 2044 756 2089 vobis
768 2044 906 2099 videntibus,

141 2121 261 2174 postquam
272 2108 330 2156 illud
346 2107 386 2156 tibi
401 2108 513 2164 detexero,
527 2108 554 2155 ad
566 2109 700 2170 promissam
711 2108 812 2171 requiem
824 2124 906 2172 prope-

140 2175 202 2223 rabo.
236 2174 370 2220 Trementer
387 2190 442 2236 ergo
458 2174 569 2220 sacerdoti
580 2175 685 2221 trementi
697 2175 804 2231 confessa,
817 2174 906 2220 absolu-

141 2241 203 2286 tione
213 2248 309 2299 recepta,
316 2239 392 2299 quiete
403 2254 426 2282 se
435 2238 458 2282 in
466 2237 525 2282 lecto
536 2238 627 2300 collegit
636 2251 658 2283 et
666 2241 689 2283 in
699 2239 801 2283 Domino
811 2237 905 2284 feliciter

141 2303 286 2351 obdormivit.
322 2301 381 2353 Quis
397 2302 468 2363 igitur
485 2301 559 2376 dignis
575 2302 680 2349 laudibus
697 2302 780 2346 Christi
798 2302 905 2363 pietatem

141 2360 250 2416 extollat?
283 2367 344 2419 Quis
355 2366 501 2412 confessionis
510 2368 619 2413 virtutem
630 2377 653 2414 et
663 2368 732 2414 sancti
744 2367 823 2413 merita
823 2367 906 2430 dignis

141 2434 251 2497 preconiis
262 2431 334 2478 valeat
345 2431 476 2493 predicare?

188 2499 224 2544 Ut
234 2496 381 2543 confessionis
391 2495 528 2543 ammirabile
540 2497 583 2542 Dei
595 2497 727 2543 donumt
693 2505 727 2542 tot
729 2496 747 2541 is
758 2496 787 2543 ab
799 2511 862 2542 omni
856 2495 905 2543 bus

140 2561 313 2624 amplexandum
324 2559 446 2607 visceribus
458 2560 597 2618 ostendatur,
606 2571 629 2606 et
637 2562 700 2623 quia,
709 2560 772 2623 quod
783 2560 904 2622 singularis

140 2627 215 2674 meriti
227 2635 318 2673 sanctus
329 2625 371 2671 iste
382 2640 469 2686 semper
483 2625 553 2671 fuerit
564 2626 625 2687 apud
637 2627 761 2682 Christum,
773 2624 905 2688 dignissime

139 2693 275 2754 predicetur,
283 2688 426 2737 referendum
434 2700 499 2748 certe,
508 2691 615 2753 quoniam
623 2691 678 2738 dum
686 2692 709 2737 in
720 2690 809 2737 mundo
817 2691 905 2739 viveret

140 2769 163 2803 et
169 2758 225 2803 mire
232 2756 308 2818 potuit
317 2765 339 2800 et
348 2764 400 2816 post
407 2765 505 2801 mortem
514 2755 616 2801 Christus
625 2773 679 2802 suus
686 2756 714 2801 de
721 2756 770 2815 ipso
779 2754 859 2801 clarius
866 2755 903 2802 de·

139 2820 278 2868 monstravit.
309 2820 368 2864 Cum
380 2820 440 2864 enim
452 2819 530 2864 beatus
538 2829 601 2880 pater
610 2820 739 2866 Franciscus
747 2818 903 2880 predicaturus
