1919 3169
271 36 431 83 LEGENDA
447 36 605 97 ANTIQU'A
791 52 820 98 47

55 143 131 178 tatem.
165 132 270 178 Redeunt
284 149 359 178 carnes
377 132 405 177 ad
423 148 486 177 suam
504 134 607 194 speciem,
618 144 738 196 postquam
756 135 823 180 rediit

56 196 205 258 prevaricator
221 197 249 243 ad
265 207 371 245 mentem.

282 341 316 383 De
329 339 512 383 renuntiantibus
524 341 601 384 seculo

102 425 231 514 Docebat
249 468 337 505 sanctus
358 457 473 504 venientes
492 458 520 505 ad
542 459 645 505 ordinem
663 469 714 506 ante
735 459 862 514 traderem]

56 527 143 573 mundo
154 524 254 570 libellum
267 523 362 587 repudij,
374 523 437 584 prius
449 523 561 580 sualmis,
572 533 649 585 postea
664 541 687 570 se
703 524 764 570 intus
780 526 823 571 deo

56 591 142 638 offerre.
177 589 274 634 Nonnisi
285 588 437 650 expropriatos
448 598 471 634 et
482 589 550 634 nichil
561 589 649 650 penitus
665 590 784 635 retinentes
795 589 822 636 ad

56 655 159 701 ordinem
177 652 319 708 admictebat,
330 663 388 707 tum,
400 662 491 713 propter
510 653 604 698 verbum
620 654 690 699 sancti
706 655 823 716 evangelii,

56 727 113 774 tum,
125 734 152 762 ne
163 716 238 760 forent
249 717 273 760 in
283 716 411 760 scandalum
422 715 489 760 loculi
500 716 614 761 reservati.

102 781 205 842 Contigit
212 780 235 824 in
244 780 346 825 Marchia
352 780 498 835 Anconitana‚
506 790 557 842 post
564 779 738 842 predicationem
745 781 822 837 sancti,

56 848 132 894 venire
143 845 263 910 quemdam
274 845 302 891 ad
313 846 387 907 ipsum
398 845 512 892 humiliter
521 846 639 892 introitum
648 846 732 893 ordinis
743 856 822 909 postu-

55 912 155 967 lantem3
172 911 200 956 ad
215 927 282 972 quem
298 921 401 955 sanctus:
420 911 442 954 Si
459 911 493 957 vis
509 911 643 972 pauperibus
659 912 731 973 iungi,
742 912 822 958 mundi

56 975 189 1037 pauperibus
200 975 261 1035 prius
277 983 318 1019 tua
333 973 448 1019 distribue.
482 973 537 1025 Quo
553 974 639 1030 audito,
651 975 736 1035 perexit
753 976 822 1021 homo

55 1051 77 1085 et
89 1040 171 1085 ductus
182 1055 257 1083 amore
268 1039 355 1094 carnali,
368 1055 407 1083 sua
417 1038 463 1082 suis
477 1038 580 1100 dispersit
591 1038 705 1102 nichilque
720 1040 823 1101 pauperi-

56 1105 104 1151 bus.
138 1105 232 1151 Factum
249 1114 289 1161 est,
307 1120 358 1149 cum
376 1102 458 1148 rediret
475 1113 498 1148 et
515 1103 628 1150 liberalem
649 1103 710 1151 illam
731 1105 823 1151 munifi-

55 1171 151 1216 centiam
171 1178 247 1214 sancto
264 1168 363 1225 referret,
381 1168 474 1213 irridens
493 1178 556 1230 pater
577 1169 648 1215 dixit:
677 1169 740 1215 Vade
761 1171 821 1216 viam

55 1245 124 1288 tuam,
144 1235 213 1279 frater
232 1250 313 1289 musca,
334 1234 440 1294 quoniam
459 1234 561 1278 nondum
580 1234 644 1277 existi
661 1234 689 1278 de
707 1236 777 1279 domo
798 1244 821 1279 et

55 1299 188 1360 cognatione
196 1306 242 1343 tua.
276 1296 453 1358 Consanguineis
461 1297 506 1342 tuis
517 1307 555 1343 tua
564 1296 645 1344 dedisti
654 1307 676 1344 et
685 1297 820 1345 defraudasti

55 1379 169 1426 pauperes,
191 1361 273 1424 dignus
295 1378 340 1408 non
362 1377 385 1407 es
405 1359 540 1423 pauperibus
561 1361 660 1418 sanctis3
687 1361 788 1425 incepisti
809 1375 896 1426 aF01,45

56 1446 127 1488 carne,
143 1428 261 1475 ruinosum
280 1425 453 1473 fundamentum
472 1427 581 1489 spirituali
600 1426 683 1474 fabrice
701 1428 821 1475 collocasti.

56 1494 131 1539 Rediit
142 1492 243 1539 animalis
253 1492 322 1537 homo
333 1492 361 1538 ad
377 1507 429 1536 suos
446 1501 468 1536 et
484 1493 555 1553 repeti
571 1509 618 1550 sua,
630 1509 672 1555 que
688 1492 822 1554 pauperibus

55 1557 208 1620 derelinquere
220 1555 307 1611 nolens,
318 1555 410 1602 virtutis
421 1556 562 1617 propositum
574 1556 640 1602 citius
651 1557 782 1621 dereliquid.

103 1622 194 1667 Multos
206 1621 272 1666 hodie
283 1620 332 1666 talis
343 1620 467 1666 miseranda
481 1620 611 1666 distributio
627 1620 690 1678 fallit,
703 1621 821 1684 temporali

54 1687 147 1733 exordio
167 1686 237 1732 vitam
254 1685 340 1732 beatam
360 1694 484 1749 querentes.
529 1686 609 1749 Neque
625 1686 685 1732 enim
704 1686 821 1751 quisquam

55 1763 173 1812 propterea
192 1767 214 1794 se
233 1751 276 1795 deo
295 1760 413 1804 consecrat,
435 1761 460 1794 ut
479 1766 531 1794 suos
550 1752 631 1796 divites
649 1750 722 1808 faciat,
741 1753 779 1797 sed
795 1761 821 1797 ut

55 1816 128 1877 pretio
139 1815 286 1858 miserationis
293 1824 380 1875 peccata
391 1814 502 1858 redimens
512 1813 588 1858 fructu
599 1813 652 1858 boni
664 1815 743 1875 operis,
751 1816 821 1861 vitam

55 1880 158 1944 acquirat.
203 1878 258 1939 Sepe
279 1878 346 1936 enirn,
369 1877 386 1922 si
408 1877 488 1922 fratres
507 1888 605 1941 egerent,
622 1879 697 1940 potius
719 1880 746 1925 ad
768 1880 822 1924 alios

55 1959 175 2001 recurrere,
187 1958 253 2005 quarn
264 1943 291 1989 ad
303 1943 411 1989 intrantes
422 1943 526 1988 ordinem
542 1943 626 2001 docuit,
638 1944 713 2004 primo
730 1945 821 2007 quidem

55 2018 147 2070 propter
172 2006 305 2067 exemplum,
328 2006 408 2053 deinde
435 2007 463 2053 ad
491 2007 604 2053 vitandam
632 2024 722 2055 omnem
750 2009 821 2070 turpis

55 2071 168 2119 commodi
184 2071 285 2132 speciem.

151 2218 185 2260 De
195 2215 294 2267 quadam
303 2213 394 2261 vidone,
405 2224 450 2264 que
459 2214 513 2257 facit
522 2214 551 2256 ad
561 2217 720 2267 paupertatem

101 2301 197 2385 [libet
208 2333 274 2376 huius
284 2331 354 2376 sancti
371 2330 482 2375 visionem
498 2330 580 2375 referre
597 2331 704 2376 memoria
721 2332 847 2393 dignam.[1}

56 2393 822 2459 Noctequadam,longatandemorationeconclusa,lentesop0ratus

55 2461 177 2509 obdormit.
214 2459 369 2508 Introducitur
376 2458 449 2504 anima
459 2458 496 2505 illa
506 2469 580 2505 sancta
591 2459 614 2505 in
625 2460 776 2506 sanctuarium
784 2460 820 2507 dei

55 2528 162 2590 videtque
173 2543 213 2588 per
224 2541 352 2588 sompnum,
363 2524 421 2568 inter
432 2524 481 2581 alia,
493 2525 609 2571 dominam
621 2526 741 2587 quamdam
752 2526 783 2571 sic
798 2541 821 2571 se

55 2592 182 2648 habentem,
205 2592 276 2653 capud
304 2604 395 2636 aureum
422 2588 548 2646 videbatur,
571 2599 675 2652 argentea
696 2600 774 2651 pectus
798 2600 821 2636 et

55 2656 162 2710 bracchia,
176 2664 255 2701 venter
271 2653 419 2699 christallinus
435 2662 458 2698 et
474 2653 578 2715 deinceps
594 2654 617 2697 in
634 2653 717 2699 infimis
734 2653 820 2709 ferrea3

55 2720 99 2766 alta
109 2730 156 2766 erat
167 2729 260 2776 statura,
269 2718 344 2765 subtili
353 2733 459 2779 compage
468 2717 509 2779 hac
517 2719 593 2780 regula
602 2728 714 2778 coaptata3
731 2735 822 2765 verum-

56 2796 108 2840 tam,
129 2785 218 2847 egregie
240 2784 320 2840 forme,
342 2782 433 2828 domina
455 2782 562 2828 mantello
584 2782 676 2828 sordido
698 2783 819 2845 tegebatur.
