<?xml version="1.0" encoding="UTF-8"?>
<!DOCTYPE html PUBLIC "-//W3C//DTD XHTML 1.0 Transitional//EN"
    "http://www.w3.org/TR/xhtml1/DTD/xhtml1-transitional.dtd">
<html xmlns="http://www.w3.org/1999/xhtml" xml:lang="en" lang="en">
 <head>
  <title>
</title>
<meta http-equiv="Content-Type" content="text/html;charset=utf-8" />
  <meta name='ocr-system' content='tesseract 3.04.00' />
  <meta name='ocr-capabilities' content='ocr_page ocr_carea ocr_par ocr_line ocrx_word'/>
</head>
<body>
  <div class='ocr_page' id='page_1' title='image "./MN5146ucmf_4_0179.png"; bbox 0 0 1919 3169; ppageno 0'>
   <div class='ocr_carea' id='block_1_1' title="bbox 247 58 795 128">
    <p class='ocr_par' dir='ltr' id='par_1_1' title="bbox 247 58 795 128">
     <span class='ocr_line' id='line_1_1' title="bbox 247 58 795 128; baseline 0 -14"><span class='ocrx_word' id='word_1_1' title='bbox 247 58 408 114; x_wconf 78' lang='lat' dir='ltr'>Luouuun</span> <span class='ocrx_word' id='word_1_2' title='bbox 425 67 582 128; x_wconf 70' lang='lat' dir='ltr'>nurioun</span> <span class='ocrx_word' id='word_1_3' title='bbox 769 84 795 128; x_wconf 87' lang='lat'>13</span> 
     </span>
    </p>
   </div>
   <div class='ocr_carea' id='block_1_2' title="bbox 32 163 881 1903">
    <p class='ocr_par' dir='ltr' id='par_1_2' title="bbox 32 163 881 871">
     <span class='ocr_line' id='line_1_2' title="bbox 32 163 797 228; baseline 0 -18"><span class='ocrx_word' id='word_1_4' title='bbox 32 178 107 211; x_wconf 87' lang='lat' dir='ltr'>autern</span> <span class='ocrx_word' id='word_1_5' title='bbox 118 164 166 210; x_wconf 89' lang='lat' dir='ltr'>loca</span> <span class='ocrx_word' id='word_1_6' title='bbox 176 163 305 227; x_wconf 84' lang='lat' dir='ltr'>frequentat</span> <span class='ocrx_word' id='word_1_7' title='bbox 316 164 451 221; x_wconf 86' lang='lat' dir='ltr'>abscondita,</span> <span class='ocrx_word' id='word_1_8' title='bbox 463 163 531 209; x_wconf 84' lang='lat' dir='ltr'>velud</span> <span class='ocrx_word' id='word_1_9' title='bbox 543 163 681 211; x_wconf 87' lang='lat' dir='ltr'>orationibus</span> <span class='ocrx_word' id='word_1_10' title='bbox 692 181 797 228; x_wconf 84' lang='lat' dir='ltr'>congrua,</span> 
     </span>
     <span class='ocr_line' id='line_1_3' title="bbox 32 228 798 293; baseline 0 -17"><span class='ocrx_word' id='word_1_11' title='bbox 32 230 131 293; x_wconf 80' lang='lat' dir='ltr'>maligno</span> <span class='ocrx_word' id='word_1_12' title='bbox 142 241 270 277; x_wconf 89' lang='lat' dir='ltr'>commento</span> <span class='ocrx_word' id='word_1_13' title='bbox 281 230 362 276; x_wconf 87' lang='lat' dir='ltr'>nititur</span> <span class='ocrx_word' id='word_1_14' title='bbox 372 246 425 276; x_wconf 90' lang='lat' dir='ltr'>eum</span> <span class='ocrx_word' id='word_1_15' title='bbox 436 228 545 291; x_wconf 76' lang='lat' dir='ltr'>dyabolus</span> <span class='ocrx_word' id='word_1_16' title='bbox 557 247 569 276; x_wconf 91' lang='lat' dir='ltr'>a</span> <span class='ocrx_word' id='word_1_17' title='bbox 579 229 661 276; x_wconf 92' lang='lat' dir='ltr'>talibus</span> <span class='ocrx_word' id='word_1_18' title='bbox 673 230 798 277; x_wconf 88' lang='lat' dir='ltr'>exturbare.</span> 
     </span>
     <span class='ocr_line' id='line_1_4' title="bbox 33 294 799 356; baseline 0.001 -18"><span class='ocrx_word' id='word_1_19' title='bbox 33 295 139 339; x_wconf 80' lang='lat' dir='ltr'>Immittit</span> <span class='ocrx_word' id='word_1_20' title='bbox 155 296 219 340; x_wconf 85' lang='lat' dir='ltr'>cordi</span> <span class='ocrx_word' id='word_1_21' title='bbox 235 296 284 356; x_wconf 84' lang='lat' dir='ltr'>ejus</span> <span class='ocrx_word' id='word_1_22' title='bbox 301 294 407 337; x_wconf 87' lang='lat' dir='ltr'>feminam</span> <span class='ocrx_word' id='word_1_23' title='bbox 424 294 544 354; x_wconf 89' lang='lat' dir='ltr'>quamdam</span> <span class='ocrx_word' id='word_1_24' title='bbox 562 304 702 339; x_wconf 82' lang='lat' dir='ltr'>monstruose</span> <span class='ocrx_word' id='word_1_25' title='bbox 718 294 799 355; x_wconf 86' lang='lat' dir='ltr'>gibbo-</span> 
     </span>
     <span class='ocr_line' id='line_1_5' title="bbox 32 357 799 420; baseline 0.001 -19"><span class='ocrx_word' id='word_1_26' title='bbox 32 374 79 402; x_wconf 89' lang='lat' dir='ltr'>sam</span> <span class='ocrx_word' id='word_1_27' title='bbox 90 373 129 401; x_wconf 87' lang='lat' dir='ltr'>sue</span> <span class='ocrx_word' id='word_1_28' title='bbox 146 357 241 402; x_wconf 85' lang='lat' dir='ltr'>incolam</span> <span class='ocrx_word' id='word_1_29' title='bbox 259 357 361 413; x_wconf 83' lang='lat' dir='ltr'>civitatis,</span> <span class='ocrx_word' id='word_1_30' title='bbox 373 373 417 420; x_wconf 92' lang='lat' dir='ltr'>que</span> <span class='ocrx_word' id='word_1_31' title='bbox 429 357 568 402; x_wconf 90' lang='lat' dir='ltr'>horrendum</span> <span class='ocrx_word' id='word_1_32' title='bbox 585 358 671 403; x_wconf 89' lang='lat' dir='ltr'>cunctis</span> <span class='ocrx_word' id='word_1_33' title='bbox 688 357 799 420; x_wconf 75' lang='lat' dir='ltr'>prestabat</span> 
     </span>
     <span class='ocr_line' id='line_1_6' title="bbox 33 423 798 484; baseline 0.001 -16"><span class='ocrx_word' id='word_1_34' title='bbox 33 433 156 484; x_wconf 89' lang='lat' dir='ltr'>aspectum.</span> <span class='ocrx_word' id='word_1_35' title='bbox 209 423 275 469; x_wconf 92' lang='lat' dir='ltr'>Huic</span> <span class='ocrx_word' id='word_1_36' title='bbox 302 423 375 479; x_wconf 84' lang='lat' dir='ltr'>illurn,</span> <span class='ocrx_word' id='word_1_37' title='bbox 403 423 421 467; x_wconf 92' lang='lat' dir='ltr'>si</span> <span class='ocrx_word' id='word_1_38' title='bbox 454 439 500 468; x_wconf 89' lang='lat' dir='ltr'>non</span> <span class='ocrx_word' id='word_1_39' title='bbox 533 423 646 484; x_wconf 77' lang='lat' dir='ltr'>resipiscat</span> <span class='ocrx_word' id='word_1_40' title='bbox 678 440 690 468; x_wconf 89' lang='lat' dir='ltr'>a</span> <span class='ocrx_word' id='word_1_41' title='bbox 723 423 798 484; x_wconf 89' lang='lat' dir='ltr'>ceptis,</span> 
     </span>
     <span class='ocr_line' id='line_1_7' title="bbox 34 485 800 543; baseline 0 -10"><span class='ocrx_word' id='word_1_42' title='bbox 34 488 184 534; x_wconf 77' lang='lat' dir='ltr'>comminatur</span> <span class='ocrx_word' id='word_1_43' title='bbox 216 488 312 533; x_wconf 76' lang='lat' dir='ltr'>similem</span> <span class='ocrx_word' id='word_1_44' title='bbox 342 503 364 531; x_wconf 90' lang='lat' dir='ltr'>se</span> <span class='ocrx_word' id='word_1_45' title='bbox 394 485 514 543; x_wconf 81' lang='lat' dir='ltr'>facturum,</span> <span class='ocrx_word' id='word_1_46' title='bbox 544 488 583 532; x_wconf 94' lang='lat' dir='ltr'>sed</span> <span class='ocrx_word' id='word_1_47' title='bbox 611 487 759 533; x_wconf 88' lang='lat' dir='ltr'>comfortatus</span> <span class='ocrx_word' id='word_1_48' title='bbox 787 505 800 533; x_wconf 91' lang='lat' dir='ltr'>a</span> 
     </span>
     <span class='ocr_line' id='line_1_8' title="bbox 34 552 798 616; baseline 0 -18"><span class='ocrx_word' id='word_1_49' title='bbox 34 553 128 598; x_wconf 88' lang='lat' dir='ltr'>domino</span> <span class='ocrx_word' id='word_1_50' title='bbox 159 552 234 597; x_wconf 90' lang='lat' dir='ltr'>salutis</span> <span class='ocrx_word' id='word_1_51' title='bbox 268 562 290 596; x_wconf 91' lang='lat' dir='ltr'>et</span> <span class='ocrx_word' id='word_1_52' title='bbox 325 552 396 613; x_wconf 88' lang='lat' dir='ltr'>gratie</span> <span class='ocrx_word' id='word_1_53' title='bbox 436 568 569 613; x_wconf 89' lang='lat' dir='ltr'>responsum</span> <span class='ocrx_word' id='word_1_54' title='bbox 610 553 657 597; x_wconf 89' lang='lat' dir='ltr'>fieri</span> <span class='ocrx_word' id='word_1_55' title='bbox 700 553 798 616; x_wconf 83' lang='lat' dir='ltr'>gaudet:</span> 
     </span>
     <span class='ocr_line' id='line_1_9' title="bbox 35 616 800 679; baseline 0 -18"><span class='ocrx_word' id='word_1_56' title='bbox 35 618 156 671; x_wconf 84' lang='lat' dir='ltr'>Francisce,</span> <span class='ocrx_word' id='word_1_57' title='bbox 177 617 256 679; x_wconf 90' lang='lat' dir='ltr'>inquid</span> <span class='ocrx_word' id='word_1_58' title='bbox 274 616 306 660; x_wconf 90' lang='lat' dir='ltr'>illi</span> <span class='ocrx_word' id='word_1_59' title='bbox 323 618 385 671; x_wconf 90' lang='lat' dir='ltr'>deus,</span> <span class='ocrx_word' id='word_1_60' title='bbox 402 617 506 677; x_wconf 87' lang='lat' dir='ltr'>spiritum</span> <span class='ocrx_word' id='word_1_61' title='bbox 523 633 564 677; x_wconf 91' lang='lat' dir='ltr'>pro</span> <span class='ocrx_word' id='word_1_62' title='bbox 581 618 696 661; x_wconf 78' lang='lat' dir='ltr'>carnaliter</span> <span class='ocrx_word' id='word_1_63' title='bbox 711 628 734 662; x_wconf 85' lang='lat' dir='ltr'>et</span> <span class='ocrx_word' id='word_1_64' title='bbox 744 634 800 663; x_wconf 89' lang='lat' dir='ltr'>vane</span> 
     </span>
     <span class='ocr_line' id='line_1_10' title="bbox 35 679 881 742; baseline 0.001 -17"><span class='ocrx_word' id='word_1_65' title='bbox 35 680 122 725; x_wconf 89' lang='lat' dir='ltr'>dilectis</span> <span class='ocrx_word' id='word_1_66' title='bbox 141 681 186 725; x_wconf 88' lang='lat' dir='ltr'>iarn</span> <span class='ocrx_word' id='word_1_67' title='bbox 205 679 328 741; x_wconf 77' lang='lat' dir='ltr'>spiritualia</span> <span class='ocrx_word' id='word_1_68' title='bbox 347 689 487 724; x_wconf 88' lang='lat' dir='ltr'>commutato</span> <span class='ocrx_word' id='word_1_69' title='bbox 506 690 528 724; x_wconf 92' lang='lat' dir='ltr'>et</span> <span class='ocrx_word' id='word_1_70' title='bbox 548 696 621 724; x_wconf 88' lang='lat' dir='ltr'>amara</span> <span class='ocrx_word' id='word_1_71' title='bbox 640 695 682 742; x_wconf 92' lang='lat' dir='ltr'>pro</span> <span class='ocrx_word' id='word_1_72' title='bbox 698 681 881 736; x_wconf 83' lang='lat' dir='ltr'>dulcibusF01.13</span> 
     </span>
     <span class='ocr_line' id='line_1_11' title="bbox 35 744 800 808; baseline 0.003 -18"><span class='ocrx_word' id='word_1_73' title='bbox 35 761 125 791; x_wconf 88' lang='lat' dir='ltr'>sumens</span> <span class='ocrx_word' id='word_1_74' title='bbox 136 756 158 791; x_wconf 93' lang='lat' dir='ltr'>et</span> <span class='ocrx_word' id='word_1_75' title='bbox 170 755 303 806; x_wconf 88' lang='lat' dir='ltr'>contempne</span> <span class='ocrx_word' id='word_1_76' title='bbox 314 755 336 790; x_wconf 91' lang='lat' dir='ltr'>te</span> <span class='ocrx_word' id='word_1_77' title='bbox 347 744 428 806; x_wconf 87' lang='lat' dir='ltr'>ipsum,</span> <span class='ocrx_word' id='word_1_78' title='bbox 441 760 476 789; x_wconf 91' lang='lat' dir='ltr'>me</span> <span class='ocrx_word' id='word_1_79' title='bbox 488 744 505 789; x_wconf 89' lang='lat' dir='ltr'>si</span> <span class='ocrx_word' id='word_1_80' title='bbox 523 745 579 790; x_wconf 87' lang='lat' dir='ltr'>velis</span> <span class='ocrx_word' id='word_1_81' title='bbox 596 762 714 808; x_wconf 81' lang='lat' dir='ltr'>agnoscere</span> <span class='ocrx_word' id='word_1_82' title='bbox 725 764 732 802; x_wconf 82' lang='lat'><em>3</em></span> <span class='ocrx_word' id='word_1_83' title='bbox 748 762 800 792; x_wconf 91' lang='lat' dir='ltr'>nam</span> 
     </span>
     <span class='ocr_line' id='line_1_12' title="bbox 35 809 491 871; baseline -0.002 -16"><span class='ocrx_word' id='word_1_84' title='bbox 35 821 57 855; x_wconf 93' lang='lat' dir='ltr'>et</span> <span class='ocrx_word' id='word_1_85' title='bbox 67 810 145 856; x_wconf 86' lang='lat' dir='ltr'>ordine</span> <span class='ocrx_word' id='word_1_86' title='bbox 155 827 220 856; x_wconf 88' lang='lat' dir='ltr'>verso</span> <span class='ocrx_word' id='word_1_87' title='bbox 231 810 317 871; x_wconf 82' lang='lat' dir='ltr'>sapient</span> <span class='ocrx_word' id='word_1_88' title='bbox 328 809 368 855; x_wconf 89' lang='lat' dir='ltr'>tibi</span> <span class='ocrx_word' id='word_1_89' title='bbox 380 827 423 871; x_wconf 90' lang='lat' dir='ltr'>que</span> <span class='ocrx_word' id='word_1_90' title='bbox 434 810 491 855; x_wconf 93' lang='lat' dir='ltr'>dico.</span> 
     </span>
    </p>

    <p class='ocr_par' dir='ltr' id='par_1_3' title="bbox 36 872 808 1903">
     <span class='ocr_line' id='line_1_13' title="bbox 85 872 800 936; baseline 0 -16"><span class='ocrx_word' id='word_1_91' title='bbox 85 874 238 936; x_wconf 88' lang='lat' dir='ltr'>Compellitur</span> <span class='ocrx_word' id='word_1_92' title='bbox 257 874 332 919; x_wconf 89' lang='lat' dir='ltr'>statim</span> <span class='ocrx_word' id='word_1_93' title='bbox 349 874 461 919; x_wconf 87' lang='lat' dir='ltr'>mandatis</span> <span class='ocrx_word' id='word_1_94' title='bbox 478 872 567 919; x_wconf 89' lang='lat' dir='ltr'>obedire</span> <span class='ocrx_word' id='word_1_95' title='bbox 585 874 667 919; x_wconf 88' lang='lat' dir='ltr'>divinis</span> <span class='ocrx_word' id='word_1_96' title='bbox 684 885 706 920; x_wconf 91' lang='lat' dir='ltr'>et</span> <span class='ocrx_word' id='word_1_97' title='bbox 723 876 751 921; x_wconf 88' lang='lat' dir='ltr'>ad</span> <span class='ocrx_word' id='word_1_98' title='bbox 768 876 800 920; x_wconf 88' lang='lat' dir='ltr'>rei</span> 
     </span>
     <span class='ocr_line' id='line_1_14' title="bbox 36 939 802 1000; baseline 0.001 -16"><span class='ocrx_word' id='word_1_99' title='bbox 36 940 194 1000; x_wconf 84' lang='lat' dir='ltr'>experientiam</span> <span class='ocrx_word' id='word_1_100' title='bbox 209 940 308 985; x_wconf 86' lang='lat' dir='ltr'>ducitur.</span> <span class='ocrx_word' id='word_1_101' title='bbox 342 939 402 983; x_wconf 85' lang='lat' dir='ltr'>Nam</span> <span class='ocrx_word' id='word_1_102' title='bbox 420 940 478 983; x_wconf 88' lang='lat' dir='ltr'>inter</span> <span class='ocrx_word' id='word_1_103' title='bbox 496 939 571 984; x_wconf 88' lang='lat' dir='ltr'>omnia</span> <span class='ocrx_word' id='word_1_104' title='bbox 588 940 685 984; x_wconf 83' lang='lat' dir='ltr'>infelicia</span> <span class='ocrx_word' id='word_1_105' title='bbox 702 951 802 985; x_wconf 90' lang='lat' dir='ltr'>monstra</span> 
     </span>
     <span class='ocr_line' id='line_1_15' title="bbox 36 1002 802 1064; baseline 0.001 -17"><span class='ocrx_word' id='word_1_106' title='bbox 36 1003 116 1047; x_wconf 87' lang='lat' dir='ltr'>mundi</span> <span class='ocrx_word' id='word_1_107' title='bbox 134 1003 264 1047; x_wconf 88' lang='lat' dir='ltr'>Franciscus</span> <span class='ocrx_word' id='word_1_108' title='bbox 281 1002 380 1062; x_wconf 91' lang='lat' dir='ltr'>leprosos</span> <span class='ocrx_word' id='word_1_109' title='bbox 397 1002 526 1047; x_wconf 82' lang='lat' dir='ltr'>naturaliter</span> <span class='ocrx_word' id='word_1_110' title='bbox 544 1002 672 1057; x_wconf 82' lang='lat' dir='ltr'>abhorrens,</span> <span class='ocrx_word' id='word_1_111' title='bbox 687 1003 802 1064; x_wconf 90' lang='lat' dir='ltr'>leprosum</span> 
     </span>
     <span class='ocr_line' id='line_1_16' title="bbox 37 1065 802 1131; baseline 0.001 -20"><span class='ocrx_word' id='word_1_112' title='bbox 37 1066 73 1112; x_wconf 90' lang='lat' dir='ltr'>die</span> <span class='ocrx_word' id='word_1_113' title='bbox 85 1066 181 1130; x_wconf 90' lang='lat' dir='ltr'>quadarn</span> <span class='ocrx_word' id='word_1_114' title='bbox 193 1065 286 1111; x_wconf 87' lang='lat' dir='ltr'>obvium</span> <span class='ocrx_word' id='word_1_115' title='bbox 297 1065 381 1121; x_wconf 78' lang='lat' dir='ltr'>habuit,</span> <span class='ocrx_word' id='word_1_116' title='bbox 390 1082 441 1111; x_wconf 91' lang='lat' dir='ltr'>curn</span> <span class='ocrx_word' id='word_1_117' title='bbox 452 1066 514 1110; x_wconf 90' lang='lat' dir='ltr'>iuxta</span> <span class='ocrx_word' id='word_1_118' title='bbox 525 1065 626 1111; x_wconf 88' lang='lat' dir='ltr'>assisium</span> <span class='ocrx_word' id='word_1_119' title='bbox 636 1066 753 1130; x_wconf 82' lang='lat' dir='ltr'>equitaret,</span> <span class='ocrx_word' id='word_1_120' title='bbox 763 1067 802 1131; x_wconf 90' lang='lat' dir='ltr'>qui</span> 
     </span>
     <span class='ocr_line' id='line_1_17' title="bbox 37 1132 803 1192; baseline 0.001 -15"><span class='ocrx_word' id='word_1_121' title='bbox 37 1132 90 1177; x_wconf 89' lang='lat' dir='ltr'>licet</span> <span class='ocrx_word' id='word_1_122' title='bbox 112 1132 153 1178; x_wconf 93' lang='lat' dir='ltr'>sibi</span> <span class='ocrx_word' id='word_1_123' title='bbox 175 1132 262 1177; x_wconf 86' lang='lat' dir='ltr'>tedium</span> <span class='ocrx_word' id='word_1_124' title='bbox 281 1148 326 1176; x_wconf 90' lang='lat' dir='ltr'>non</span> <span class='ocrx_word' id='word_1_125' title='bbox 346 1147 442 1192; x_wconf 89' lang='lat' dir='ltr'>parvum</span> <span class='ocrx_word' id='word_1_126' title='bbox 461 1132 571 1192; x_wconf 82' lang='lat' dir='ltr'>ingereret</span> <span class='ocrx_word' id='word_1_127' title='bbox 590 1142 613 1176; x_wconf 93' lang='lat' dir='ltr'>et</span> <span class='ocrx_word' id='word_1_128' title='bbox 631 1132 756 1191; x_wconf 84' lang='lat' dir='ltr'>horrorem,</span> <span class='ocrx_word' id='word_1_129' title='bbox 776 1150 803 1178; x_wconf 89' lang='lat' dir='ltr'>ne</span> 
     </span>
     <span class='ocr_line' id='line_1_18' title="bbox 37 1195 805 1259; baseline 0 -17"><span class='ocrx_word' id='word_1_130' title='bbox 37 1207 112 1242; x_wconf 88' lang='lat' dir='ltr'>tamen</span> <span class='ocrx_word' id='word_1_131' title='bbox 126 1197 193 1242; x_wconf 82' lang='lat' dir='ltr'>velud</span> <span class='ocrx_word' id='word_1_132' title='bbox 205 1196 303 1241; x_wconf 87' lang='lat' dir='ltr'>mandati</span> <span class='ocrx_word' id='word_1_133' title='bbox 315 1206 466 1258; x_wconf 82' lang='lat' dir='ltr'>transgressor</span> <span class='ocrx_word' id='word_1_134' title='bbox 477 1196 528 1240; x_wconf 90' lang='lat' dir='ltr'>date</span> <span class='ocrx_word' id='word_1_135' title='bbox 539 1195 591 1240; x_wconf 88' lang='lat' dir='ltr'>fidei</span> <span class='ocrx_word' id='word_1_136' title='bbox 603 1195 716 1259; x_wconf 81' lang='lat' dir='ltr'>frangeret</span> <span class='ocrx_word' id='word_1_137' title='bbox 734 1214 805 1242; x_wconf 89' lang='lat' dir='ltr'>sacra-</span> 
     </span>
     <span class='ocr_line' id='line_1_19' title="bbox 38 1260 804 1321; baseline 0.001 -16"><span class='ocrx_word' id='word_1_138' title='bbox 38 1272 147 1315; x_wconf 85' lang='lat' dir='ltr'>mentum,</span> <span class='ocrx_word' id='word_1_139' title='bbox 159 1262 187 1306; x_wconf 92' lang='lat' dir='ltr'>ad</span> <span class='ocrx_word' id='word_1_140' title='bbox 198 1260 389 1314; x_wconf 87' lang='lat' dir='ltr'>deobsculandum</span> <span class='ocrx_word' id='word_1_141' title='bbox 400 1277 460 1316; x_wconf 89' lang='lat' dir='ltr'>eum,</span> <span class='ocrx_word' id='word_1_142' title='bbox 471 1276 531 1321; x_wconf 92' lang='lat' dir='ltr'>equo</span> <span class='ocrx_word' id='word_1_143' title='bbox 539 1260 620 1320; x_wconf 84' lang='lat' dir='ltr'>lapsus,</span> <span class='ocrx_word' id='word_1_144' title='bbox 629 1262 732 1306; x_wconf 88' lang='lat' dir='ltr'>accurrit.</span> <span class='ocrx_word' id='word_1_145' title='bbox 761 1263 804 1307; x_wconf 88' lang='lat' dir='ltr'>Cui</span> 
     </span>
     <span class='ocr_line' id='line_1_20' title="bbox 39 1323 804 1386; baseline 0 -15"><span class='ocrx_word' id='word_1_146' title='bbox 39 1341 90 1371; x_wconf 91' lang='lat' dir='ltr'>cum</span> <span class='ocrx_word' id='word_1_147' title='bbox 102 1341 194 1370; x_wconf 91' lang='lat' dir='ltr'>manum</span> <span class='ocrx_word' id='word_1_148' title='bbox 206 1324 268 1386; x_wconf 87' lang='lat' dir='ltr'>quasi</span> <span class='ocrx_word' id='word_1_149' title='bbox 286 1323 370 1385; x_wconf 90' lang='lat' dir='ltr'>aliquid</span> <span class='ocrx_word' id='word_1_150' title='bbox 386 1335 516 1384; x_wconf 88' lang='lat' dir='ltr'>accepturus</span> <span class='ocrx_word' id='word_1_151' title='bbox 534 1323 635 1384; x_wconf 89' lang='lat' dir='ltr'>leprosus</span> <span class='ocrx_word' id='word_1_152' title='bbox 652 1326 804 1385; x_wconf 85' lang='lat' dir='ltr'>protenderet,</span> 
     </span>
     <span class='ocr_line' id='line_1_21' title="bbox 38 1387 805 1454; baseline 0 -18"><span class='ocrx_word' id='word_1_153' title='bbox 38 1389 156 1452; x_wconf 87' lang='lat' dir='ltr'>pecuniam</span> <span class='ocrx_word' id='word_1_154' title='bbox 183 1406 234 1434; x_wconf 87' lang='lat' dir='ltr'>cum</span> <span class='ocrx_word' id='word_1_155' title='bbox 262 1387 355 1434; x_wconf 92' lang='lat' dir='ltr'>obsculo</span> <span class='ocrx_word' id='word_1_156' title='bbox 381 1387 511 1450; x_wconf 87' lang='lat' dir='ltr'>reportavit.</span> <span class='ocrx_word' id='word_1_157' title='bbox 559 1388 590 1434; x_wconf 88' lang='lat' dir='ltr'>Et</span> <span class='ocrx_word' id='word_1_158' title='bbox 617 1389 694 1434; x_wconf 87' lang='lat' dir='ltr'>statim</span> <span class='ocrx_word' id='word_1_159' title='bbox 721 1407 805 1454; x_wconf 89' lang='lat' dir='ltr'>equum</span> 
     </span>
     <span class='ocr_line' id='line_1_22' title="bbox 39 1453 805 1516; baseline 0.001 -16"><span class='ocrx_word' id='word_1_160' title='bbox 39 1456 168 1509; x_wconf 86' lang='lat' dir='ltr'>ascendens,</span> <span class='ocrx_word' id='word_1_161' title='bbox 181 1455 225 1499; x_wconf 92' lang='lat' dir='ltr'>huc</span> <span class='ocrx_word' id='word_1_162' title='bbox 240 1463 263 1498; x_wconf 89' lang='lat' dir='ltr'>et</span> <span class='ocrx_word' id='word_1_163' title='bbox 279 1453 333 1498; x_wconf 90' lang='lat' dir='ltr'>illuc</span> <span class='ocrx_word' id='word_1_164' title='bbox 350 1470 373 1498; x_wconf 91' lang='lat' dir='ltr'>se</span> <span class='ocrx_word' id='word_1_165' title='bbox 390 1464 529 1509; x_wconf 79' lang='lat' dir='ltr'>convertam,</span> <span class='ocrx_word' id='word_1_166' title='bbox 542 1469 593 1499; x_wconf 88' lang='lat' dir='ltr'>curn</span> <span class='ocrx_word' id='word_1_167' title='bbox 612 1470 702 1516; x_wconf 88' lang='lat' dir='ltr'>campus</span> <span class='ocrx_word' id='word_1_168' title='bbox 720 1466 805 1516; x_wconf 88' lang='lat' dir='ltr'>pateret</span> 
     </span>
     <span class='ocr_line' id='line_1_23' title="bbox 39 1517 805 1580; baseline 0 -17"><span class='ocrx_word' id='word_1_169' title='bbox 39 1520 140 1580; x_wconf 90' lang='lat' dir='ltr'>undique</span> <span class='ocrx_word' id='word_1_170' title='bbox 160 1518 225 1572; x_wconf 86' lang='lat' dir='ltr'>liber,</span> <span class='ocrx_word' id='word_1_171' title='bbox 248 1518 315 1560; x_wconf 90' lang='lat' dir='ltr'>nullis</span> <span class='ocrx_word' id='word_1_172' title='bbox 337 1517 429 1561; x_wconf 87' lang='lat' dir='ltr'>obiectis</span> <span class='ocrx_word' id='word_1_173' title='bbox 451 1517 577 1573; x_wconf 74' lang='lat' dir='ltr'>obstaculis,</span> <span class='ocrx_word' id='word_1_174' title='bbox 600 1518 713 1578; x_wconf 89' lang='lat' dir='ltr'>leprosum</span> <span class='ocrx_word' id='word_1_175' title='bbox 740 1520 805 1563; x_wconf 92' lang='lat' dir='ltr'>illurn</span> 
     </span>
     <span class='ocr_line' id='line_1_24' title="bbox 40 1580 806 1644; baseline 0 -16"><span class='ocrx_word' id='word_1_176' title='bbox 40 1583 132 1628; x_wconf 87' lang='lat' dir='ltr'>minime</span> <span class='ocrx_word' id='word_1_177' title='bbox 147 1581 212 1627; x_wconf 86' lang='lat' dir='ltr'>vidit.</span> <span class='ocrx_word' id='word_1_178' title='bbox 246 1580 412 1626; x_wconf 84' lang='lat' dir='ltr'>Ammiratione</span> <span class='ocrx_word' id='word_1_179' title='bbox 430 1581 481 1627; x_wconf 89' lang='lat' dir='ltr'>inde</span> <span class='ocrx_word' id='word_1_180' title='bbox 499 1583 596 1642; x_wconf 88' lang='lat' dir='ltr'>repletus</span> <span class='ocrx_word' id='word_1_181' title='bbox 613 1592 635 1627; x_wconf 92' lang='lat' dir='ltr'>et</span> <span class='ocrx_word' id='word_1_182' title='bbox 653 1582 743 1644; x_wconf 86' lang='lat' dir='ltr'>gaudio,</span> <span class='ocrx_word' id='word_1_183' title='bbox 755 1593 806 1644; x_wconf 89' lang='lat' dir='ltr'>post</span> 
     </span>
     <span class='ocr_line' id='line_1_25' title="bbox 40 1645 806 1710; baseline 0 -18"><span class='ocrx_word' id='word_1_184' title='bbox 40 1647 88 1692; x_wconf 89' lang='lat' dir='ltr'>dies</span> <span class='ocrx_word' id='word_1_185' title='bbox 109 1647 196 1710; x_wconf 88' lang='lat' dir='ltr'>aliquos</span> <span class='ocrx_word' id='word_1_186' title='bbox 218 1662 274 1707; x_wconf 92' lang='lat' dir='ltr'>opus</span> <span class='ocrx_word' id='word_1_187' title='bbox 296 1645 368 1690; x_wconf 91' lang='lat' dir='ltr'>sirnile</span> <span class='ocrx_word' id='word_1_188' title='bbox 390 1646 460 1690; x_wconf 80' lang='lat' dir='ltr'>facere</span> <span class='ocrx_word' id='word_1_189' title='bbox 488 1655 556 1691; x_wconf 88' lang='lat' dir='ltr'>curat.</span> <span class='ocrx_word' id='word_1_190' title='bbox 600 1646 639 1692; x_wconf 80' lang='lat' dir='ltr'>Ad</span> <span class='ocrx_word' id='word_1_191' title='bbox 665 1647 806 1709; x_wconf 86' lang='lat' dir='ltr'>leprosorum</span> 
     </span>
     <span class='ocr_line' id='line_1_26' title="bbox 41 1710 807 1773; baseline 0.001 -16"><span class='ocrx_word' id='word_1_192' title='bbox 41 1711 166 1758; x_wconf 85' lang='lat' dir='ltr'>habitacula</span> <span class='ocrx_word' id='word_1_193' title='bbox 182 1711 256 1757; x_wconf 91' lang='lat' dir='ltr'>tendit</span> <span class='ocrx_word' id='word_1_194' title='bbox 267 1721 289 1756; x_wconf 90' lang='lat' dir='ltr'>et</span> <span class='ocrx_word' id='word_1_195' title='bbox 303 1712 391 1771; x_wconf 90' lang='lat' dir='ltr'>leproso</span> <span class='ocrx_word' id='word_1_196' title='bbox 402 1710 523 1773; x_wconf 91' lang='lat' dir='ltr'>unicuique</span> <span class='ocrx_word' id='word_1_197' title='bbox 540 1711 592 1756; x_wconf 89' lang='lat' dir='ltr'>data</span> <span class='ocrx_word' id='word_1_198' title='bbox 603 1712 702 1771; x_wconf 82' lang='lat' dir='ltr'>pecunia,</span> <span class='ocrx_word' id='word_1_199' title='bbox 714 1729 807 1758; x_wconf 85' lang='lat' dir='ltr'>manum</span> 
     </span>
     <span class='ocr_line' id='line_1_27' title="bbox 40 1774 808 1838; baseline 0.001 -16"><span class='ocrx_word' id='word_1_200' title='bbox 40 1776 132 1823; x_wconf 87' lang='lat' dir='ltr'>illorum</span> <span class='ocrx_word' id='word_1_201' title='bbox 154 1774 283 1821; x_wconf 90' lang='lat' dir='ltr'>obsculatur</span> <span class='ocrx_word' id='word_1_202' title='bbox 305 1784 327 1820; x_wconf 87' lang='lat' dir='ltr'>et</span> <span class='ocrx_word' id='word_1_203' title='bbox 349 1774 447 1820; x_wconf 90' lang='lat' dir='ltr'>buccam.</span> <span class='ocrx_word' id='word_1_204' title='bbox 489 1775 524 1821; x_wconf 86' lang='lat' dir='ltr'>Sic</span> <span class='ocrx_word' id='word_1_205' title='bbox 546 1791 620 1820; x_wconf 86' lang='lat' dir='ltr'>amara</span> <span class='ocrx_word' id='word_1_206' title='bbox 640 1793 682 1838; x_wconf 91' lang='lat' dir='ltr'>pro</span> <span class='ocrx_word' id='word_1_207' title='bbox 705 1776 808 1823; x_wconf 84' lang='lat' dir='ltr'>dulcibus</span> 
     </span>
     <span class='ocr_line' id='line_1_28' title="bbox 42 1840 619 1903; baseline 0 -16"><span class='ocrx_word' id='word_1_208' title='bbox 42 1842 111 1889; x_wconf 91' lang='lat' dir='ltr'>sumit</span> <span class='ocrx_word' id='word_1_209' title='bbox 122 1852 144 1887; x_wconf 90' lang='lat' dir='ltr'>et</span> <span class='ocrx_word' id='word_1_210' title='bbox 156 1840 251 1887; x_wconf 88' lang='lat' dir='ltr'>viriliter</span> <span class='ocrx_word' id='word_1_211' title='bbox 262 1840 290 1887; x_wconf 90' lang='lat' dir='ltr'>ad</span> <span class='ocrx_word' id='word_1_212' title='bbox 300 1840 387 1903; x_wconf 86' lang='lat' dir='ltr'>reliqua</span> <span class='ocrx_word' id='word_1_213' title='bbox 398 1840 505 1887; x_wconf 85' lang='lat' dir='ltr'>servanda</span> <span class='ocrx_word' id='word_1_214' title='bbox 515 1857 538 1886; x_wconf 87' lang='lat' dir='ltr'>se</span> <span class='ocrx_word' id='word_1_215' title='bbox 549 1851 619 1902; x_wconf 89' lang='lat' dir='ltr'>parat.</span> 
     </span>
    </p>
   </div>
   <div class='ocr_carea' id='block_1_3' title="bbox 2 2004 865 2869">
    <p class='ocr_par' dir='ltr' id='par_1_4' title="bbox 43 2004 865 2612">
     <span class='ocr_line' id='line_1_29' title="bbox 90 2004 865 2093; baseline 0.008 -17"><span class='ocrx_word' id='word_1_216' title='bbox 90 2004 220 2085; x_wconf 61' lang='lat' dir='ltr'>mutatus</span> <span class='ocrx_word' id='word_1_217' title='bbox 241 2029 339 2093; x_wconf 85' lang='lat' dir='ltr'>perfecte</span> <span class='ocrx_word' id='word_1_218' title='bbox 354 2030 400 2076; x_wconf 90' lang='lat' dir='ltr'>iam</span> <span class='ocrx_word' id='word_1_219' title='bbox 422 2031 488 2076; x_wconf 89' lang='lat' dir='ltr'>corde</span> <span class='ocrx_word' id='word_1_220' title='bbox 510 2032 534 2076; x_wconf 90' lang='lat' dir='ltr'>in</span> <span class='ocrx_word' id='word_1_221' title='bbox 558 2031 619 2077; x_wconf 87' lang='lat' dir='ltr'>brevi</span> <span class='ocrx_word' id='word_1_222' title='bbox 642 2034 764 2079; x_wconf 88' lang='lat' dir='ltr'>mutandus</span> <span class='ocrx_word' id='word_1_223' title='bbox 786 2046 865 2092; x_wconf 65' lang='lat' dir='ltr'>etta-V]</span> 
     </span>
     <span class='ocr_line' id='line_1_30' title="bbox 44 2095 808 2160; baseline 0.004 -16"><span class='ocrx_word' id='word_1_224' title='bbox 44 2114 144 2160; x_wconf 88' lang='lat' dir='ltr'>corpore,</span> <span class='ocrx_word' id='word_1_225' title='bbox 156 2095 255 2142; x_wconf 90' lang='lat' dir='ltr'>ambulat</span> <span class='ocrx_word' id='word_1_226' title='bbox 266 2095 301 2141; x_wconf 91' lang='lat' dir='ltr'>die</span> <span class='ocrx_word' id='word_1_227' title='bbox 313 2095 410 2157; x_wconf 89' lang='lat' dir='ltr'>quadam</span> <span class='ocrx_word' id='word_1_228' title='bbox 421 2095 484 2141; x_wconf 90' lang='lat' dir='ltr'>iuxta</span> <span class='ocrx_word' id='word_1_229' title='bbox 494 2096 607 2142; x_wconf 87' lang='lat' dir='ltr'>ecclesiam</span> <span class='ocrx_word' id='word_1_230' title='bbox 618 2098 687 2143; x_wconf 92' lang='lat' dir='ltr'>sancti</span> <span class='ocrx_word' id='word_1_231' title='bbox 704 2100 808 2155; x_wconf 83' lang='lat' dir='ltr'>damiani,</span> 
     </span>
     <span class='ocr_line' id='line_1_31' title="bbox 44 2160 808 2226; baseline 0.005 -19"><span class='ocrx_word' id='word_1_232' title='bbox 44 2179 87 2226; x_wconf 89' lang='lat' dir='ltr'>que</span> <span class='ocrx_word' id='word_1_233' title='bbox 105 2162 151 2207; x_wconf 82' lang='lat' dir='ltr'>fere</span> <span class='ocrx_word' id='word_1_234' title='bbox 169 2162 244 2207; x_wconf 91' lang='lat' dir='ltr'>diruta</span> <span class='ocrx_word' id='word_1_235' title='bbox 261 2169 307 2205; x_wconf 90' lang='lat' dir='ltr'>erat</span> <span class='ocrx_word' id='word_1_236' title='bbox 324 2170 346 2206; x_wconf 88' lang='lat' dir='ltr'>et</span> <span class='ocrx_word' id='word_1_237' title='bbox 364 2160 391 2205; x_wconf 90' lang='lat' dir='ltr'>ab</span> <span class='ocrx_word' id='word_1_238' title='bbox 409 2160 513 2206; x_wconf 90' lang='lat' dir='ltr'>omnibus</span> <span class='ocrx_word' id='word_1_239' title='bbox 531 2161 643 2218; x_wconf 88' lang='lat' dir='ltr'>derelicta,</span> <span class='ocrx_word' id='word_1_240' title='bbox 662 2179 738 2226; x_wconf 86' lang='lat' dir='ltr'>quam,</span> <span class='ocrx_word' id='word_1_241' title='bbox 757 2182 808 2211; x_wconf 90' lang='lat' dir='ltr'>cum</span> 
     </span>
     <span class='ocr_line' id='line_1_32' title="bbox 43 2225 808 2286; baseline 0.004 -15"><span class='ocrx_word' id='word_1_242' title='bbox 43 2227 124 2286; x_wconf 86' lang='lat' dir='ltr'>spiritu</span> <span class='ocrx_word' id='word_1_243' title='bbox 146 2227 247 2279; x_wconf 88' lang='lat' dir='ltr'>ducente,</span> <span class='ocrx_word' id='word_1_244' title='bbox 265 2241 329 2269; x_wconf 87' lang='lat' dir='ltr'>causa</span> <span class='ocrx_word' id='word_1_245' title='bbox 350 2225 458 2270; x_wconf 89' lang='lat' dir='ltr'>orationis</span> <span class='ocrx_word' id='word_1_246' title='bbox 479 2226 579 2281; x_wconf 85' lang='lat' dir='ltr'>intraret,</span> <span class='ocrx_word' id='word_1_247' title='bbox 596 2238 647 2271; x_wconf 88' lang='lat' dir='ltr'>ante</span> <span class='ocrx_word' id='word_1_248' title='bbox 669 2230 808 2286; x_wconf 88' lang='lat' dir='ltr'>crucifixum,</span> 
     </span>
     <span class='ocr_line' id='line_1_33' title="bbox 44 2287 809 2354; baseline 0.004 -18"><span class='ocrx_word' id='word_1_249' title='bbox 44 2289 138 2352; x_wconf 82' lang='lat' dir='ltr'>supplex</span> <span class='ocrx_word' id='word_1_250' title='bbox 154 2300 177 2335; x_wconf 90' lang='lat' dir='ltr'>et</span> <span class='ocrx_word' id='word_1_251' title='bbox 193 2288 295 2343; x_wconf 88' lang='lat' dir='ltr'>devotus,</span> <span class='ocrx_word' id='word_1_252' title='bbox 313 2287 463 2348; x_wconf 89' lang='lat' dir='ltr'>prosternitur</span> <span class='ocrx_word' id='word_1_253' title='bbox 482 2298 504 2333; x_wconf 91' lang='lat' dir='ltr'>et</span> <span class='ocrx_word' id='word_1_254' title='bbox 523 2288 690 2336; x_wconf 82' lang='lat' dir='ltr'>visitationibus</span> <span class='ocrx_word' id='word_1_255' title='bbox 709 2293 809 2354; x_wconf 91' lang='lat' dir='ltr'>pulsatus</span> 
     </span>
     <span class='ocr_line' id='line_1_34' title="bbox 44 2352 809 2415; baseline 0.004 -13"><span class='ocrx_word' id='word_1_256' title='bbox 44 2355 148 2413; x_wconf 88' lang='lat' dir='ltr'>insolitis,</span> <span class='ocrx_word' id='word_1_257' title='bbox 165 2354 261 2401; x_wconf 88' lang='lat' dir='ltr'>alterum</span> <span class='ocrx_word' id='word_1_258' title='bbox 277 2368 345 2415; x_wconf 86' lang='lat' dir='ltr'>quarn</span> <span class='ocrx_word' id='word_1_259' title='bbox 366 2352 478 2415; x_wconf 82' lang='lat' dir='ltr'>ingressus</span> <span class='ocrx_word' id='word_1_260' title='bbox 500 2353 573 2401; x_wconf 84' lang='lat' dir='ltr'>fuerat</span> <span class='ocrx_word' id='word_1_261' title='bbox 595 2372 617 2400; x_wconf 88' lang='lat' dir='ltr'>se</span> <span class='ocrx_word' id='word_1_262' title='bbox 639 2356 731 2404; x_wconf 89' lang='lat' dir='ltr'>invenit.</span> <span class='ocrx_word' id='word_1_263' title='bbox 765 2359 809 2405; x_wconf 91' lang='lat' dir='ltr'>Cui</span> 
     </span>
     <span class='ocr_line' id='line_1_35' title="bbox 45 2418 809 2485; baseline 0.004 -19"><span class='ocrx_word' id='word_1_264' title='bbox 45 2421 150 2482; x_wconf 86' lang='lat' dir='ltr'>protinus</span> <span class='ocrx_word' id='word_1_265' title='bbox 166 2419 197 2465; x_wconf 87' lang='lat' dir='ltr'>sic</span> <span class='ocrx_word' id='word_1_266' title='bbox 213 2418 299 2474; x_wconf 84' lang='lat' dir='ltr'>affecto,</span> <span class='ocrx_word' id='word_1_267' title='bbox 317 2418 379 2479; x_wconf 89' lang='lat' dir='ltr'>quod</span> <span class='ocrx_word' id='word_1_268' title='bbox 397 2428 429 2462; x_wconf 89' lang='lat' dir='ltr'>est</span> <span class='ocrx_word' id='word_1_269' title='bbox 447 2436 459 2463; x_wconf 91' lang='lat' dir='ltr'>a</span> <span class='ocrx_word' id='word_1_270' title='bbox 478 2419 557 2464; x_wconf 85' lang='lat' dir='ltr'>seculis</span> <span class='ocrx_word' id='word_1_271' title='bbox 574 2419 710 2479; x_wconf 81' lang='lat' dir='ltr'>inauditum,</span> <span class='ocrx_word' id='word_1_272' title='bbox 727 2439 809 2485; x_wconf 88' lang='lat' dir='ltr'>ymago</span> 
     </span>
     <span class='ocr_line' id='line_1_36' title="bbox 46 2482 810 2546; baseline 0.001 -15"><span class='ocrx_word' id='word_1_273' title='bbox 46 2484 130 2531; x_wconf 87' lang='lat' dir='ltr'>Christi</span> <span class='ocrx_word' id='word_1_274' title='bbox 141 2482 239 2530; x_wconf 82' lang='lat' dir='ltr'>crucifixi</span> <span class='ocrx_word' id='word_1_275' title='bbox 256 2482 319 2528; x_wconf 86' lang='lat' dir='ltr'>labiis</span> <span class='ocrx_word' id='word_1_276' title='bbox 332 2482 418 2542; x_wconf 88' lang='lat' dir='ltr'>picture</span> <span class='ocrx_word' id='word_1_277' title='bbox 429 2483 548 2540; x_wconf 89' lang='lat' dir='ltr'>deductus,</span> <span class='ocrx_word' id='word_1_278' title='bbox 560 2484 696 2546; x_wconf 90' lang='lat' dir='ltr'>colloquitur</span> <span class='ocrx_word' id='word_1_279' title='bbox 706 2502 712 2540; x_wconf 89' lang='lat'>;</span> <span class='ocrx_word' id='word_1_280' title='bbox 729 2504 810 2532; x_wconf 90' lang='lat' dir='ltr'>vocans</span> 
     </span>
     <span class='ocr_line' id='line_1_37' title="bbox 45 2545 811 2612; baseline 0.004 -19"><span class='ocrx_word' id='word_1_281' title='bbox 45 2548 106 2593; x_wconf 89' lang='lat' dir='ltr'>enim</span> <span class='ocrx_word' id='word_1_282' title='bbox 127 2548 201 2609; x_wconf 87' lang='lat' dir='ltr'>ipsum</span> <span class='ocrx_word' id='word_1_283' title='bbox 225 2563 252 2590; x_wconf 90' lang='lat' dir='ltr'>ex</span> <span class='ocrx_word' id='word_1_284' title='bbox 274 2545 371 2600; x_wconf 87' lang='lat' dir='ltr'>nomine,</span> <span class='ocrx_word' id='word_1_285' title='bbox 394 2545 515 2601; x_wconf 87' lang='lat' dir='ltr'>Francisce,</span> <span class='ocrx_word' id='word_1_286' title='bbox 539 2547 625 2609; x_wconf 88' lang='lat' dir='ltr'>inquid,</span> <span class='ocrx_word' id='word_1_287' title='bbox 647 2549 711 2607; x_wconf 85' lang='lat' dir='ltr'>vade,</span> <span class='ocrx_word' id='word_1_288' title='bbox 732 2566 811 2612; x_wconf 90' lang='lat' dir='ltr'>repara</span> 
     </span>
    </p>

    <p class='ocr_par' dir='ltr' id='par_1_5' title="bbox 2 2609 632 2672">
     <span class='ocr_line' id='line_1_38' title="bbox 2 2609 632 2672; baseline -0.002 -14"><span class='ocrx_word' id='word_1_289' title='bbox 2 2642 4 2644; x_wconf 59' lang='lat'>&gt;</span> <span class='ocrx_word' id='word_1_290' title='bbox 46 2613 140 2659; x_wconf 87' lang='lat' dir='ltr'>domum</span> <span class='ocrx_word' id='word_1_291' title='bbox 157 2627 212 2666; x_wconf 88' lang='lat' dir='ltr'>mea,</span> <span class='ocrx_word' id='word_1_292' title='bbox 230 2626 281 2672; x_wconf 87' lang='lat' dir='ltr'>que,</span> <span class='ocrx_word' id='word_1_293' title='bbox 298 2619 324 2655; x_wconf 84' lang='lat' dir='ltr'>ut</span> <span class='ocrx_word' id='word_1_294' title='bbox 341 2609 419 2666; x_wconf 86' lang='lat' dir='ltr'>cernis,</span> <span class='ocrx_word' id='word_1_295' title='bbox 436 2620 484 2656; x_wconf 91' lang='lat' dir='ltr'>tota</span> <span class='ocrx_word' id='word_1_296' title='bbox 500 2612 632 2657; x_wconf 89' lang='lat' dir='ltr'>destruitur.</span> 
     </span>
    </p>

    <p class='ocr_par' dir='ltr' id='par_1_6' title="bbox 46 2674 811 2869">
     <span class='ocr_line' id='line_1_39' title="bbox 87 2674 811 2743; baseline 0.006 -21"><span class='ocrx_word' id='word_1_297' title='bbox 87 2675 251 2733; x_wconf 64' lang='lat' dir='ltr'>&gt;Trernefactus</span> <span class='ocrx_word' id='word_1_298' title='bbox 268 2674 397 2721; x_wconf 89' lang='lat' dir='ltr'>Franciscus</span> <span class='ocrx_word' id='word_1_299' title='bbox 414 2684 490 2737; x_wconf 89' lang='lat' dir='ltr'>stupet</span> <span class='ocrx_word' id='word_1_300' title='bbox 507 2692 552 2722; x_wconf 89' lang='lat' dir='ltr'>non</span> <span class='ocrx_word' id='word_1_301' title='bbox 571 2677 687 2723; x_wconf 89' lang='lat' dir='ltr'>modicum</span> <span class='ocrx_word' id='word_1_302' title='bbox 706 2690 728 2725; x_wconf 89' lang='lat' dir='ltr'>et</span> <span class='ocrx_word' id='word_1_303' title='bbox 748 2679 811 2743; x_wconf 90' lang='lat' dir='ltr'>quasi</span> 
     </span>
     <span class='ocr_line' id='line_1_40' title="bbox 47 2740 810 2804; baseline 0.003 -16"><span class='ocrx_word' id='word_1_304' title='bbox 47 2742 131 2788; x_wconf 90' lang='lat' dir='ltr'>alienus</span> <span class='ocrx_word' id='word_1_305' title='bbox 142 2742 237 2787; x_wconf 88' lang='lat' dir='ltr'>efficitur</span> <span class='ocrx_word' id='word_1_306' title='bbox 246 2741 269 2786; x_wconf 90' lang='lat' dir='ltr'>in</span> <span class='ocrx_word' id='word_1_307' title='bbox 278 2756 385 2787; x_wconf 87' lang='lat' dir='ltr'>sermone.</span> <span class='ocrx_word' id='word_1_308' title='bbox 417 2741 455 2786; x_wconf 85' lang='lat' dir='ltr'>Ad</span> <span class='ocrx_word' id='word_1_309' title='bbox 465 2740 614 2788; x_wconf 89' lang='lat' dir='ltr'>obediendum</span> <span class='ocrx_word' id='word_1_310' title='bbox 624 2759 646 2788; x_wconf 89' lang='lat' dir='ltr'>se</span> <span class='ocrx_word' id='word_1_311' title='bbox 657 2754 726 2804; x_wconf 87' lang='lat' dir='ltr'>parat,</span> <span class='ocrx_word' id='word_1_312' title='bbox 736 2754 810 2790; x_wconf 86' lang='lat' dir='ltr'>totum</span> 
     </span>
     <span class='ocr_line' id='line_1_41' title="bbox 46 2805 811 2869; baseline 0.007 -17"><span class='ocrx_word' id='word_1_313' title='bbox 46 2824 69 2853; x_wconf 93' lang='lat' dir='ltr'>se</span> <span class='ocrx_word' id='word_1_314' title='bbox 89 2806 175 2869; x_wconf 85' lang='lat' dir='ltr'>colligit</span> <span class='ocrx_word' id='word_1_315' title='bbox 196 2805 224 2851; x_wconf 91' lang='lat' dir='ltr'>ad</span> <span class='ocrx_word' id='word_1_316' title='bbox 246 2805 383 2850; x_wconf 88' lang='lat' dir='ltr'>mandatum.</span> <span class='ocrx_word' id='word_1_317' title='bbox 416 2805 449 2850; x_wconf 83' lang='lat' dir='ltr'>At</span> <span class='ocrx_word' id='word_1_318' title='bbox 471 2823 525 2852; x_wconf 91' lang='lat' dir='ltr'>vero</span> <span class='ocrx_word' id='word_1_319' title='bbox 547 2807 599 2869; x_wconf 91' lang='lat' dir='ltr'>quia</span> <span class='ocrx_word' id='word_1_320' title='bbox 620 2807 755 2855; x_wconf 84' lang='lat' dir='ltr'>ineffabilem</span> <span class='ocrx_word' id='word_1_321' title='bbox 776 2810 811 2857; x_wconf 82' lang='lat' dir='ltr'>sui</span> 
     </span>
    </p>
   </div>
   <div class='ocr_carea' id='block_1_4' title="bbox 0 0 983 3169">
    <p class='ocr_par' dir='ltr' id='par_1_7' title="bbox 0 0 983 3169">
     <span class='ocr_line' id='line_1_42' title="bbox 0 0 983 3169; baseline 0 0"><span class='ocrx_word' id='word_1_322' title='bbox 0 0 983 3169; x_wconf 95' lang='lat' dir='ltr'> </span> 
     </span>
    </p>
   </div>
  </div>
 </body>
</html>
