1919 3169
111 127 155 171 134
300 109 500 162 TRACTATUS
515 115 688 162 SECUNDUS

108 209 245 266 Francisws,
257 219 280 256 et
290 209 396 256 devotam
406 226 468 256 suam
477 211 501 257 in
509 211 573 257 nullo
581 210 625 257 ledi
634 210 755 273 permictit.
789 210 874 257 Murus

108 276 176 334 enirn,
199 276 236 323 cui
258 275 338 323 mulier
355 275 480 334 coherebat,
499 275 527 323 ad
544 277 592 323 eius
609 291 736 323 mensuram
755 291 821 323 sanus
839 291 875 321 re-

109 341 198 400 mansit,
216 343 251 388 cui
267 340 341 388 trabes
357 343 447 388 exalto
464 357 570 388 corruens
586 359 610 388 se
625 342 699 388 taliter
715 341 836 404 coaptavit,
848 350 874 387 ut

110 423 177 453 omne
187 407 277 469 pondus
287 407 374 453 ruentis
386 406 465 454 excidii
483 408 609 454 sustineret.
643 406 758 453 Homines
769 406 798 452 ad
811 405 874 452 ruine

110 472 210 517 sonitum
234 480 392 517 concurrentes
419 486 461 532 pro
486 472 574 517 duabus
600 472 741 532 interemptis
767 471 875 526 lacrimas,

110 552 153 599 pro
180 536 232 582 viva
258 535 354 582 fratrum
381 536 451 581 amica
474 548 552 582 sancto
577 536 697 582 Francisco
720 536 802 600 gratias
826 552 877 597 per—

110 602 234 648 solverunt.

159 666 230 728 Apud
242 667 375 721 Cornetum,
387 665 534 712 Viterbiensis
550 664 651 727 dyocesis
667 682 713 711 non
729 663 828 727 ignobile
838 664 877 711 sed

112 741 231 791 prepotens
242 741 347 784 castrum,
359 746 411 775 cum
422 731 446 774 in
457 729 506 775 loco
518 730 614 775 fratrum
630 746 735 791 campana
746 730 878 792 quantitatis

113 809 159 841 non
173 793 260 840 modice
271 792 405 840 funderetur
417 794 519 840 etmulti
536 793 691 840 convenissent
702 793 798 839 fratrum
814 793 879 839 amici

113 859 151 907 tali
171 859 234 922 operi
255 858 365 906 auxilium
386 859 517 921 impensuri,
536 870 625 921 peracta
646 860 691 907 iam
710 858 805 914 fusione,
826 875 879 905 curn

114 925 252 970 exultatione
271 939 352 985 magna
370 925 484 969 convivari
503 935 615 986 ceperunt.
656 924 688 970 Et
707 940 754 970 ecce
773 923 880 985 puerulus

115 988 208 1052 quidam
232 988 341 1045 octennis,
363 988 535 1035 Bartholomeus
562 989 660 1045 nomine,
683 989 746 1034 cuius
773 997 836 1050 pater
858 997 880 1033 et

115 1064 208 1115 patruus
224 1052 307 1099 fusioni
330 1053 474 1099 devotissime
490 1053 626 1108 insudarant‚
644 1053 748 1099 exenium
764 1052 881 1116 quoddam

115 1117 289 1168 convivantibus
308 1118 423 1181 aportavit.
468 1118 548 1166 Subito
569 1129 649 1166 ventus
671 1118 882 1166 vehementissimus

116 1185 212 1240 irruens,
224 1200 329 1230 concussa
340 1183 417 1240 domo,
429 1185 505 1244 ipsum
516 1184 597 1230 domus
608 1184 716 1241 hostium,
727 1185 790 1247 quod
801 1199 882 1245 magne

116 1249 182 1294 molis
193 1259 239 1294 erat
250 1259 318 1309 atque
335 1264 445 1303 mensure,
456 1248 479 1292 in
491 1250 565 1309 ipsum
581 1248 703 1309 puerulum
719 1248 808 1293 turbine
819 1258 883 1293 tanto

117 1312 219 1375 proiecit,
241 1324 266 1359 ut
294 1328 362 1376 quem
388 1312 485 1358 immane
512 1312 602 1375 pondus
629 1311 710 1359 subtus
737 1319 883 1375 oppresserat,

118 1378 246 1424 crederetur
262 1377 352 1424 funebri
369 1377 482 1423 collisione
499 1387 623 1441 quassatus.
657 1378 692 1423 Sic
707 1378 767 1423 enim
783 1377 885 1423 totaliter

118 1443 202 1490 iacebat
223 1443 264 1489 sub
286 1441 387 1503 pondere
409 1443 540 1499 tumulatus,
563 1456 589 1488 ut
610 1459 639 1489 ex
661 1459 688 1489 eo
710 1441 766 1488 nihil
787 1442 884 1488 exterius

119 1517 240 1569 appareret.
275 1506 369 1553 Fusioni
386 1507 497 1563 confusio,
509 1517 532 1553 et
546 1509 621 1554 luctus
637 1508 773 1554 merentium
787 1505 885 1554 succedit

120 1571 192 1633 epulis
202 1571 378 1616 convivantium.
412 1571 514 1616 Avolant
524 1586 602 1616 omnes
618 1588 630 1617 a
641 1586 730 1626 mensa3
750 1581 772 1616 et
783 1581 884 1632 patruus,

121 1652 172 1683 cum
196 1635 287 1701 reliquis
313 1645 417 1682 sanctum
445 1634 587 1682 Franciscum
615 1634 733 1689 advocans,
761 1634 831 1682 currit
858 1633 886 1680 ad

121 1701 228 1748 tabulam.
262 1701 328 1746 Pater
340 1717 401 1758 vero,
413 1701 452 1764 qui
467 1702 628 1764 rigescentibus
644 1700 751 1747 membris
762 1717 784 1746 se
795 1715 887 1747 movere

31 1768 71 1805 Fol.
81 1770 118 1816 54¹⁰
123 1782 169 1812 non
180 1776 268 1827 poterat
279 1781 318 1827 pre
329 1764 415 1820 dolore,
427 1765 486 1810 votis
497 1776 519 1811 et
530 1782 585 1812 voce
600 1776 676 1812 sancto
687 1765 804 1811 Francisco
815 1766 886 1811 filium

122 1830 237 1876 offerebat.
270 1830 371 1874 Levatur
387 1828 502 1874 funestum
518 1830 608 1890 pondus
625 1830 720 1890 desuper
736 1845 848 1890 puerum;
865 1839 888 1873 et

122 1911 172 1940 ecce
188 1910 255 1958 quem
273 1891 392 1939 credebant
408 1903 533 1949 mortuum,
551 1894 613 1957 quasi
629 1894 747 1939 suscitatus
764 1911 776 1938 a
791 1908 888 1955 sompno
956 1890 958 1892 “

122 1958 180 2005 letus
196 1958 307 2021 apparuit,
323 1957 407 2003 nullius
423 1958 514 2020 signum
530 1958 623 2005 afferens
638 1958 736 2005 lesionis.
778 1957 888 2004 Successit
956 1982 958 1984 v

123 2021 249 2072 conlusioni
265 2021 351 2070 refusio
367 2022 508 2086 gaudiorum,
519 2033 542 2069 et
552 2023 683 2085 interruptis
693 2022 764 2086 epulis
779 2022 889 2069 exultatio
958 2074 959 2077 Ἰ

124 2105 205 2151 magna
221 2089 295 2133 nimis.
327 2088 434 2132 Testatus
450 2098 483 2132 est
499 2089 546 2148 ipse
562 2089 617 2132 mihi
633 2088 721 2132 nullum
735 2088 782 2133 vite
799 2103 889 2132 sensum

124 2152 254 2199 remansisse
271 2153 294 2198 in
309 2166 344 2209 eu,
361 2151 433 2197 donec
451 2150 493 2198 sub
512 2151 611 2213 pondere
629 2151 701 2198 iacuit.
744 2152 818 2215 Igitur
838 2167 889 2196 cum
958 2179 960 2203 ς

126 2214 211 2264 ir1111eim
222 2228 279 2265 esset
294 2231 411 2273 annorum,
424 2213 496 2262 factus
507 2226 541 2263 est
552 2214 619 2263 frater
635 2217 717 2272 minor,
728 2216 798 2263 homo
813 2224 890 2279 postea
957 2268 959 2270 v

125 2283 239 2329 licteratus
250 2293 272 2329 et
282 2279 393 2327 facundus
404 2281 427 2326 in
438 2281 516 2327 ordine
529 2282 662 2343 predicator.

174 2346 286 2392 Puerulus
302 2345 329 2390 de
346 2344 426 2389 eodem
443 2356 515 2390 castro
531 2345 622 2391 fibulam
639 2356 772 2406 argenteam,
787 2362 853 2407 quarn
870 2346 890 2390 ei

126 2419 188 2473 pater
206 2410 230 2456 in
251 2425 320 2456 manu
341 2419 455 2470 posuerat,
475 2409 614 2472 deglutivit;
641 2426 684 2473 que
703 2408 744 2456 sibi
764 2410 794 2456 sic
814 2425 891 2456 omnes
957 2413 959 2416 ’

127 2485 213 2522 meatus
234 2474 335 2538 gutturis
356 2474 490 2531 interclusit,
513 2485 539 2520 ut
561 2490 607 2519 non
628 2484 704 2536 posset
726 2475 796 2521 modo
817 2474 892 2538 aliquo

126 2541 241 2602 respirare.
288 2538 367 2584 Flebat
393 2549 456 2600 pater
482 2539 623 2595 amarissime,
646 2540 783 2586 homicidam
804 2539 845 2586 filii
869 2556 893 2586 se

127 2616 240 2666 reputans,
260 2615 283 2649 et
299 2620 339 2665 per
355 2614 436 2648 terram
453 2604 597 2649 volutabatur
613 2614 639 2649 ut
655 2621 737 2649 amens.
779 2604 893 2664 Disceptis
958 2605 959 2627 ³

128 2668 233 2727 crinibus,
252 2676 324 2715 totam
346 2682 369 2712 se
391 2666 510 2714 dilaniabat
531 2678 609 2725 mater,
633 2667 781 2715 miserabilem
803 2669 894 2729 plorans

129 2745 243 2782 eventum.
276 2734 363 2780 Omnes
374 2733 438 2779 amici
454 2734 511 2780 tanti
528 2734 613 2780 doloris
628 2734 746 2797 participes
756 2732 893 2791 efficiuntur,

129 2816 209 2846 sanum
228 2800 333 2846 iuvenem
352 2799 468 2859 repentina
486 2810 560 2844 morte
578 2800 609 2844 sic
628 2800 681 2861 rapi.
721 2799 814 2844 lnvocat
832 2808 894 2860 pater
957 2798 959 2832 j

130 2864 198 2910 sancti
217 2862 327 2908 Francisci
347 2862 434 2917 merita,
453 2872 534 2908 votum
556 2862 653 2925 spondet
673 2872 698 2910 ut
717 2862 789 2908 filium
809 2862 893 2909 liberet.
958 2916 960 2918 ¹
