1919 3169
247 108 447 156 TRACTATUS
464 110 637 155 SECUNDUS
795 123 823 169 27

58 209 138 256 vixeris
152 207 205 251 olim
221 206 345 251 secondum
361 203 468 248 desideria
484 205 555 249 carnis
571 219 617 248 non
633 204 719 249 veritus
735 204 824 249 iuducia

58 274 101 329 dei,
118 271 234 336 quomodo
253 281 275 316 te
292 284 356 316 cruce
372 267 479 330 signabo?
512 269 543 315 Et
559 268 650 314 intulit:
673 268 725 332 Ego
741 278 770 326 te,
787 269 823 325 ait,

58 340 122 402 signo
133 337 156 382 in
165 337 255 382 nomine
264 334 351 382 domini
356 351 361 389 ;
375 343 401 379 tu
410 343 483 378 tamen
494 335 557 390 scito,
564 343 586 379 te
595 334 697 396 graviora
705 350 823 395 passurum

59 404 76 448 si
98 402 126 448 ad
147 401 261 447 vomitum
282 398 373 445 redieris
397 395 508 445 liberatus.
550 398 582 444 Et
609 396 699 444 subdit:
728 398 824 460 Propter

58 476 172 528 peccatum
184 464 353 524 ingratitudinis
367 478 453 521 semper
469 464 544 522 peiora
559 463 672 523 prioribus
689 462 824 508 inferuntur.

59 530 127 591 Signo
149 528 224 590 itaque
245 526 316 572 crucis
337 525 361 570 in
382 541 434 569 eum
452 524 518 584 facto,
538 526 613 571 statim
636 526 675 589 qui
697 536 824 571 contractus

58 596 160 650 iacuerat,
169 592 265 637 surrexit
273 607 339 637 sanus
347 590 400 636 etin
408 589 497 637 laudem
506 606 661 653 prorumpens,
669 606 719 654 ego,
728 592 763 647 ait,
774 591 830 638 sum

58 658 169 704 liberatus.
203 657 353 701 lnsonuerunt
364 665 439 700 autem
455 672 504 700 ossa
519 672 599 701 renum
616 656 670 713 eius,
682 656 824 702 audientibus

58 722 143 774 multis,
162 718 232 764 veluti
251 736 302 763 cum
321 734 390 763 manu
408 718 470 778 ligna
491 719 547 763 sicca
568 718 711 779 franguntur.
745 720 825 769 Paucis

58 783 179 844 interlapsis
187 780 327 843 temporibus
335 781 370 827 dei
379 780 461 826 oblitus
472 798 553 844 corpus
561 782 700 844 impudicitie
710 782 810 828 reddidit
818 800 823 828 :

58 850 97 911 qui
116 863 169 895 cum
193 863 242 893 sero
261 846 360 909 quodam
383 855 470 892 cenaret
489 847 511 892 in
531 863 616 893 camera
636 848 752 894 cuiusdam
771 863 825 893 con-

58 911 156 958 canonici
169 911 256 969 reatini‚
267 921 379 974 nocteque
392 911 429 955 illa
442 910 550 956 dormiret
566 910 656 969 ibidem,
668 912 742 957 subito
758 928 825 974 super
889 935 891 941 v

58 993 135 1022 omnes
149 977 239 1020 corruit
260 985 345 1020 tectum
364 976 462 1029 domus3
486 977 563 1020 ceteris
581 986 657 1020 autem
678 976 825 1022 evadentibus

58 1050 160 1097 mortem,
178 1039 238 1083 solus
254 1039 321 1084 miser
338 1039 474 1099 interceptus
491 1055 515 1084 ac
531 1039 678 1101 iuteremptus
695 1050 735 1085 est.
775 1039 824 1085 Nec

58 1106 147 1161 mirum,
160 1104 183 1159 si,
196 1113 222 1149 ut
233 1113 321 1150 sanctus
333 1103 397 1159 dixit,
407 1112 481 1149 secuta
492 1113 546 1150 sunt
557 1120 610 1150 eum
619 1105 694 1166 peiora
705 1105 823 1166 prioribus⁵

58 1186 110 1215 eum
122 1169 150 1214 de
160 1179 248 1229 accepta
262 1168 412 1214 misericordia
427 1178 517 1230 gratum
534 1186 580 1215 esse
596 1180 699 1231 oporteat
716 1179 738 1215 et
754 1168 824 1232 duplo

58 1233 171 1293 displiceat
181 1232 266 1276 facinus
277 1234 388 1277 iteratum.

271 1359 305 1401 De
319 1359 418 1411 quodam
432 1359 501 1401 fratre
515 1361 609 1402 tentato.
829 1363 926 1408 [A-xxxJ]

105 1431 237 1513 manente
266 1469 343 1504 sancto
372 1459 395 1503 in
429 1459 509 1504 eodem
542 1460 598 1513 loco,
630 1458 699 1505 frater
732 1461 900 1523 quidamFol.9¹⁰

58 1523 178 1583 spiritualis
188 1523 216 1566 de
227 1523 329 1567 custodia
339 1523 465 1577 marsicana,
478 1523 516 1584 qui
530 1523 635 1583 gravibus
648 1525 824 1584 tenptationibus

58 1587 186 1639 vexabatur,
204 1586 260 1630 dixit
278 1587 301 1630 in
321 1585 387 1630 corde
407 1601 463 1630 suo:
487 1586 537 1632 Oh!
554 1586 572 1630 si
589 1585 673 1646 aliquid
689 1588 725 1632 vel
746 1588 823 1633 saltem

58 1666 135 1711 parum
163 1648 191 1696 de
217 1647 332 1711 unguibus
360 1648 429 1696 sancti
457 1648 567 1697 Francisci
595 1648 697 1697 haberem
726 1668 822 1708 mecum,

58 1715 124 1760 credo
139 1714 254 1776 equidem,
272 1725 319 1760 tota
336 1715 379 1758 hoc
396 1715 570 1775 tenptationium
586 1716 682 1776 procella
695 1716 822 1779 diffugeret,

58 1779 189 1839 rediretque,
210 1779 303 1823 domino
323 1778 419 1833 favente,
439 1779 589 1840 tranquillum.
632 1780 732 1841 Optenta
753 1782 823 1843 igitur

58 1842 150 1896 licentia,
169 1842 197 1885 ad
213 1842 288 1886 locum
304 1858 327 1886 se
347 1841 443 1898 confert,
459 1858 547 1887 causam
567 1843 606 1886 uni
626 1843 653 1887 de
672 1844 735 1888 sotiis
754 1845 824 1889 sancti

1 1895 3 1930 Ὗ
59 1906 126 1964 patris
140 1905 238 1965 exponit.
272 1906 315 1951 Coi
332 1905 447 1965 respondit
464 1904 547 1951 frater:
581 1905 651 1962 Non;
669 1907 724 1952 mihi
740 1908 824 1969 impos-

59 1968 120 2015 sibile
139 1969 205 2015 credo
224 1969 252 2015 de
272 1968 387 2031 unguibus
407 1967 448 2013 tibi
468 1967 572 2026 tribuere,
592 1969 699 2032 quoniam
722 1972 762 2017 etsi
785 1971 824 2017 ali-

1 2054 5 2064 v·
60 2034 149 2095 quando
166 2051 204 2080 eos
220 2035 261 2096 ipsi
278 2035 348 2096 proici
361 2033 423 2079 iubet
436 2034 557 2096 prohibens
568 2052 596 2080 ne
607 2051 727 2082 servemus,
761 2037 823 2083 lllico

59 2098 189 2143 acclamatur
212 2099 280 2143 frater
303 2110 325 2143 et
348 2099 376 2142 ad
399 2109 508 2155 sanetum,
525 2101 564 2160 qui
586 2115 634 2142 eam
656 2101 769 2161 querebat,
791 2102 823 2145 ire

1 2160 5 2218 j‘
60 2160 162 2208 iubetur:
192 2163 279 2222 Queras
295 2163 325 2210 ait
341 2161 396 2208 mihi
413 2161 508 2218 forfices,
520 2163 557 2219 fili,
570 2162 651 2224 quibus
662 2179 750 2225 ungues
761 2181 824 2211 meos

2 2219 5 2239 ³
59 2226 161 2286 protinus
183 2227 331 2273 circumcidas.
365 2225 456 2272 Profert
477 2226 514 2271 ille
535 2226 627 2283 ferrum,
649 2229 711 2290 quod
732 2239 823 2291 propter

60 2289 157 2352 idipsum
178 2291 226 2354 jam
247 2291 349 2337 manibus
371 2301 496 2353 sumpserat
516 2302 538 2337 et
562 2292 712 2353 prominentes
736 2310 834 2339 cesuras.

60 2355 176 2415 excipiens,
201 2356 271 2411 fratri,
296 2357 336 2417 qui
364 2356 464 2414 petierat,
489 2357 571 2412 tradit;
599 2374 652 2418 quas
680 2357 716 2402 ille
741 2360 824 2405 devote

1 2418 8 2478 ξ.
60 2419 179 2480 suscipiens
206 2431 321 2465 conservat
348 2419 453 2464 devotius
480 2430 503 2465 et
530 2421 603 2466 statim
630 2420 657 2466 ab
686 2423 749 2468 omni
782 2424 824 2468 im-

75 2483 195 2543 ugnatione
210 2484 266 2531 liber
283 2483 382 2529 efficitur.
711 2488 712 2491 ’

102 2600 136 2641 De
149 2602 208 2644 fame
221 2614 290 2654 quam
304 2605 356 2653 post
369 2605 465 2643 mortem
478 2594 544 2644 suam
558 2603 657 2644 suturam
671 2605 775 2655 predixit.
829 2612 932 2656 [A-xxer]

110 2678 208 2764 Sancti>
223 2716 273 2771 viri,
290 2715 346 2761 mira
362 2714 459 2776 quedam
476 2715 504 2761 de
520 2733 543 2761 se
559 2715 621 2777 loqui
640 2718 711 2763 sancti
731 2718 823 2780 spiritus

71 2778 169 2823 nstinctu
189 2782 324 2841 quandoque
344 2790 465 2839 coguntur,
485 2797 537 2825 cum
556 2781 638 2825 scilicet
657 2792 734 2827 autern
752 2784 824 2843 gloria

63 2836 105 2883 Dei
125 2841 204 2904 exigit.
220 2854 335 2889 revocaret
354 2858 486 2897 sermonem,
510 2853 550 2889 aut
575 2843 702 2889 hedificatio
728 2846 824 2907 proximi
