1919 3169
274 91 435 137 LEGENDA
452 90 611 137 GREGORII
794 91 821 149 85

63 197 86 226 se
97 197 194 229 movere.
227 184 259 230 Et
268 184 359 247 quidem
370 199 446 231 cuma
457 183 555 246 quodam
566 183 632 229 fratre
643 182 722 228 fuisset
732 184 826 228 interro-

62 256 135 309 gatus,
146 246 202 311 quid
216 247 283 294 vellet
295 249 370 312 potius
386 247 487 307 tolerare,
498 248 554 294 hanc
565 247 648 294 scilicet
659 247 768 294 diutinam
777 254 792 271 ¹²
803 255 826 291 et

63 312 93 357 sic
104 310 194 375 longam
210 314 370 369 infirmitatem,
381 332 409 361 an
420 332 433 360 a
443 313 543 360 carnifice
559 313 718 378 quodcumque
726 321 741 344 ¹³
756 329 825 375 grave

63 378 196 437 martyrium
216 380 330 434 sustinere,
357 378 488 439 respondit:
518 379 579 423 lllud
606 377 661 422 mihi
689 376 720 422 fili
747 377 825 431 carius,

63 437 120 486 illud
128 448 143 472 ¹⁴
157 440 245 488 dulcius
253 451 268 474 ¹⁴
287 441 448 504 acceptiusve¹⁴
467 458 555 504 semper
572 441 646 487 extitit
662 447 707 486 et¹⁵
725 439 826 497 existit,¹⁵

63 504 126 566 quod
134 505 227 551 domino
239 507 281 552 deo
292 517 370 553 nostro
377 508 392 533 ²⁶
403 507 473 569 magis
483 507 507 551 in
518 522 554 551 me
565 516 588 551 et
598 506 626 552 de
637 521 680 560 me,
693 506 738 550 fieri
747 506 825 566 placet,

62 569 128 614 cuius
136 577 152 601 ¹⁷
162 571 242 633 utique
249 579 264 603 ¹⁷
275 570 386 617 voluntati
398 571 472 617 solum
483 585 570 632 semper
581 569 683 615 desidero
696 585 788 615 concors
804 579 826 614 et

64 632 172 680 obediens
182 651 222 696 per
230 636 245 661 ¹⁸
256 636 332 682 omnia
340 636 355 661 ¹³
367 635 468 681 inveniri.
502 636 544 681 Sed
560 635 583 680 in
594 633 713 680 cuiuslibet
724 634 825 694 martyrii

64 699 244 758 compensatione
266 699 322 745 hanc
347 700 501 746 infirmitatem
528 699 598 761 pati19
625 698 683 745 vel²0
710 708 753 744 tres
780 698 827 743 dies

65 762 180 807 molestius
191 762 247 809 mihi
256 762 314 808 foret
324 779 330 818 ;
347 764 409 826 quod
420 779 466 809 non
476 779 518 825 pro
529 762 636 808 mercedis
649 761 827 808 remuneratione

64 824 153 888 loquor,
165 827 203 872 sed
215 843 255 888 pro
266 827 319 882 sola,
331 844 400 889 quam
410 828 501 890 ingerit,
513 826 614 873 molestia
625 827 737 888 passionis.

112 890 135 934 0
147 901 232 951 martyr
244 901 267 936 et
281 902 373 954 martyr,
384 892 423 954 qui
440 892 515 938 ridens
529 901 552 937 et
568 891 667 954 gaudens
683 889 827 935 libentissime

65 952 172 1000 tolerabat
183 955 245 1018 quod
262 966 308 1001 erat
319 955 423 1002 omnibus
437 955 602 1002 acerbissimum
610 963 625 980 ²¹
637 964 659 1000 et
670 954 827 1017 gravissimum

65 1018 160 1066 intueri!
195 1020 282 1067 Revera
293 1020 380 1067 nullum
391 1021 414 1067 in
425 1038 452 1068 eo
463 1029 597 1068 remanserat
608 1020 735 1066 membrum
747 1019 827 1082 absque

66 1084 157 1130 nimio²²
168 1085 275 1145 passionis
285 1085 363 1132 dolore
374 1095 397 1132 et
402 1094 417 1117 ²³
427 1085 518 1132 calore²4
529 1086 622 1131 naturali
630 1085 732 1130 sensim²⁵
739 1085 827 1142 amisso,

66 1148 94 1193 ad
111 1158 209 1193 extrema
227 1149 310 1196 cotidie
326 1149 496 1212 propinquabat.
530 1148 652 1211 Stupebant
663 1149 751 1205 medici,
763 1148 829 1195 mira-

65 1210 148 1256 bantur
159 1211 243 1270 fratres‚
255 1213 372 1274 quomodo
378 1215 393 1239 ²⁶
404 1214 496 1275 spiritus
512 1214 586 1259 vivere
601 1222 675 1273 posset
685 1213 709 1256 in
722 1228 787 1258 carne
798 1213 829 1257 sic

66 1285 161 1332 mortua,
188 1292 248 1334 cum,
276 1277 415 1339 consumptis
441 1276 550 1331 carnibus,
577 1276 624 1321 sola
656 1276 713 1322 cutis
744 1275 830 1321 ossibus

66 1339 188 1387 adhereret.

115 1405 183 1450 Enim
194 1422 249 1451 vero
260 1421 312 1451 cum
324 1406 410 1452 videret
422 1406 463 1451 sibi
471 1415 487 1437 ²⁷
498 1406 615 1451 imminere
631 1406 691 1451 diem
705 1415 830 1451 extremum

66 1468 206 1531 quodetiam
221 1485 261 1531 per
277 1470 436 1516 revelationem
452 1470 552 1516 divinam
569 1469 657 1515 duobus
673 1478 724 1515 ante
737 1469 799 1515 annis
810 1470 829 1514 ei

66 1532 141 1579 fuerat
162 1533 291 1591 indicatum,
316 1535 400 1587 vocatis
421 1534 449 1581 ad
476 1551 499 1580 se
520 1533 635 1590 fratribus,
657 1550 714 1597 quos
736 1532 829 1588 volebat,

67 1598 197 1659 unicuique,
213 1600 270 1644 sicut
286 1599 306 1644 ei
323 1600 418 1660 desuper
440 1599 542 1656 dabatur,
559 1598 622 1646 velut
638 1597 692 1643 olim
709 1598 832 1660 patriarcha

68 1660 136 1718 iacob,
164 1661 210 1706 suis
237 1662 288 1721 filiis
318 1661 438 1718 benedixit,
466 1663 536 1707 immo
566 1663 628 1708 velut
658 1662 714 1707 alter
744 1677 833 1723 moyses

68 1741 198 1772 ascensurus
222 1726 245 1772 in
271 1737 377 1783 montem,
401 1743 468 1790 quem
490 1727 607 1773 constituit
629 1726 648 1772 ei
657 1726 672 1751 ²²
694 1725 757 1783 deus,
774 1725 832 1771 filios

68 1789 151 1835 israelis
161 1789 355 1836 benedictionibus
366 1791 487 1853 ampliavit.

117 1854 222 1917 Cumque
233 1872 245 1900 a
256 1855 350 1900 sinistris
361 1855 432 1917 ipsius
443 1855 549 1900 resideret
560 1854 629 1900 frater
641 1853 724 1916 helyas,
736 1854 833 1900 circum-

68 1918 196 1963 sedentibus
207 1918 298 1980 reliquis
310 1919 368 1976 filiis,
379 1918 503 1964 cancellatis
514 1919 623 1974 manibus,
634 1919 747 1964 dexteram
759 1919 835 1979 posuit

68 1997 135 2042 super
152 1991 219 2043 caput
231 1983 278 2027 eius
289 1991 311 2027 et
322 1983 459 2028 exteriorum
470 1982 588 2028 oculorum
599 1981 683 2028 lumine
693 1982 795 2043 privatus
811 1991 834 2027 et

69 2063 118 2092 usu.
152 2046 224 2109 Super
240 2063 314 2109 quem,
331 2047 412 2110 inquit,
428 2057 495 2093 teneo
513 2047 627 2093 dexteram
643 2047 733 2092 meam?
765 2047 834 2107 Super

68 2109 162 2156 fratrem
179 2111 276 2174 helyam,
291 2111 406 2175 inquiunt.
445 2111 484 2169 Et,
501 2111 553 2175 Ego
574 2112 605 2157 sic
626 2112 687 2167 volo,
703 2112 759 2157 ait.²⁹
791 2110 833 2167 Te,

69 2175 149 2238 inquit,
160 2175 199 2232 fili,
211 2176 234 2221 in
249 2174 354 2222 omnibus
370 2186 393 2222 et
409 2192 477 2238 super
485 2184 501 2208 ³⁰
512 2177 588 2223 omnia
603 2176 727 2233 benedic03
743 2185 766 2222 et
776 2176 834 2222 sicut

69 2240 93 2286 in
104 2239 206 2287 manibus
215 2240 260 2287 tuis
271 2239 352 2287 fratres
363 2258 426 2288 meos
436 2251 460 2287 et
470 2241 529 2288 filios
540 2241 695 2305 augmentavit
706 2240 834 2299 altissimus,

69 2304 133 2350 itaet
150 2321 216 2366 super
233 2315 256 2350 te
272 2315 294 2349 et
310 2305 334 2349 in
350 2314 378 2360 te,
395 2305 500 2349 omnibus
517 2306 631 2351 benedico.
664 2307 691 2350 ln
708 2307 756 2350 celo
772 2315 795 2350 et
811 2307 834 2350 in

70 2376 129 2414 terra
145 2365 260 2414 benedicat
277 2378 298 2413 te
321 2383 360 2414 rex
382 2370 484 2415 omnium
507 2371 568 2418 deus.
611 2369 722 2416 Benedico
738 2379 760 2414 te
777 2369 835 2415 sicut

110 2507 124 2527 ¹²
138 2503 166 2541 M.
175 2504 256 2541 divinam.
302 2506 316 2530 ¹³
330 2505 363 2540 Os.
373 2511 469 2553 utrumque.
531 2508 546 2532 ¹4
560 2503 587 2541 H,
595 2505 681 2553 acceptius
688 2503 808 2555 dilectiusque.

110 2557 125 2583 ¹5
138 2558 171 2592 Os.
180 2556 237 2593 omits.
303 2552 318 2578 ¹⁶
331 2557 364 2591 Os.
375 2555 432 2592 omits.
460 2555 484 2592 L.
498 2568 543 2591 meo.
609 2559 624 2585 Ι7
638 2555 664 2592 H.
675 2556 755 2605 cuiusque
765 2570 811 2595 vero.

110 2605 125 2630 1⁸
139 2608 172 2644 Oa.
182 2618 254 2656 semper.
281 2608 319 2642 Ox.
329 2606 346 2642 in
355 2605 440 2642 omnibus.
543 2609 558 2633 1⁹
572 2607 605 2643 Os.
615 2606 658 2643 adds
666 2606 706 2642 illis.
821 2655 823 2657 q

109 2662 125 2680 ²⁰
139 2660 171 2705 H„
181 2660 206 2696 L.
215 2659 250 2695 and
259 2660 292 2696 Os.
301 2670 337 2707 per.
394 2661 408 2681 ²¹
423 2660 457 2695 Os.
466 2659 575 2695 accerimum.
642 2661 658 2680 ²²
672 2660 705 2695 Os.
714 2658 780 2696 intimo.

109 2713 125 2738 ²³
139 2712 172 2749 Os.
182 2711 209 2749 H.
219 2711 275 2748 omits.
303 2711 340 2747 Ox.
350 2723 366 2746 e.
444 2713 459 2738 ²4
473 2709 567 2747 H.omits
644 2711 659 2737 ²5
674 2711 700 2748 H.
710 2724 765 2749 sensu.

109 2758 125 2784 ²⁶
139 2765 172 2800 Os.
181 2763 225 2800 adds
233 2763 287 2813 quod.
347 2766 363 2790 ²⁷
373 2762 400 2799 H.
410 2774 515 2799 sauuurcrro
524 2774 610 2799 rnnrnuu
690 2761 706 2785 ²⁸
716 2763 742 2800 H.
751 2765 808 2801 omits.

110 2817 125 2843 ²9
139 2816 172 2852 Os.
181 2814 214 2852 and
225 2815 246 2852 P.
256 2815 317 2864 inquit.
369 2818 385 2842 ³⁰
399 2816 431 2851 Os.
441 2815 475 2851 and
484 2815 523 2851 Ox.
533 2827 568 2863 per.
