1919 3169
273 80 473 127 rnncrnrus
490 81 665 128 sacuuuus
820 87 848 144 83

81 178 162 226 affectu
181 177 339 240 complectitur
356 178 435 234 omnia,
454 176 575 240 alloquens,
592 193 617 222 ea
634 178 663 224 de
679 178 772 225 domino
786 189 809 226 et
824 181 892 226 inFol.
902 188 940 232 30¹⁰

80 243 170 288 laudem
192 243 239 289 eius
263 242 389 288 adhortans.
438 242 510 287 Parcit
536 241 638 296 lucernis,
660 242 800 302 lampadibus
826 253 848 289 et

81 306 183 363 candelis,
206 307 284 354 nolens
306 323 346 353 sua
367 321 435 351 manu
453 304 572 352 deturbare
591 303 703 369 fulgorem
722 305 761 369 qui
780 317 848 353 nutus

80 382 136 420 esset
157 372 213 418 lucis
234 382 326 429 eterne3
349 386 416 432 super
437 381 509 432 petras
531 371 630 418 ambulat
651 381 779 417 reverenter
799 373 847 418 eius

80 437 172 492 intuitu,
190 437 228 499 qui
247 436 331 482 dicitur
349 445 428 497 petra;
448 452 499 481 curn
518 453 575 498 opus
592 447 649 482 esset
668 435 707 481 illo
723 437 846 483 versiculo:

80 503 106 547 In
125 509 188 562 petra
205 499 304 546 exaltasti
322 515 364 556 me,
380 508 406 545 ut
427 501 564 546 reverentius
581 500 645 546 illum
668 500 757 558 diceret,
773 510 847 547 suttus

80 566 153 630 pedeS,
165 565 247 629 inquit,
263 563 363 610 exaltasti
382 580 432 620 me;
449 564 510 626 ligna
527 566 629 611 cedentes
646 563 725 610 fratres
743 565 848 627 prohibet

79 641 150 677 totam
161 630 273 676 succidere
283 629 391 684 arborem,
403 639 429 674 ut
439 629 509 690 specie
520 629 598 674 habeat
612 630 694 674 iterum
705 630 846 691 pullulandi3

80 694 141 740 iubet
152 693 296 740 hortulanum
308 692 431 739 indefossos
446 693 528 739 limites
544 694 600 740 circa
615 694 708 740 hortum
724 694 846 753 dimictere,

80 769 106 803 ut
121 758 166 803 suis
176 758 316 819 temporibus
327 757 445 802 herbarum
455 758 517 802 viror
528 768 550 802 et
561 759 606 802 flox
617 768 721 803 venustas
731 759 847 819 predicent

80 822 203 884 speciosum
214 836 290 867 rerum
301 820 404 866 omnium
415 831 500 882 patrem
511 838 515 866 :
533 820 648 867 hortulum
658 822 682 867 in
692 822 759 868 horto
771 822 846 867 herbis

80 885 197 934 odoriferis
214 897 236 933 et
254 885 352 932 florificis
369 886 464 948 precipit
485 885 646 948 designarint
668 886 692 933 in
713 888 845 934 memoriam

79 951 194 998 suavitatis
204 962 279 998 eterne
287 961 381 997 avocent
388 951 526 1012 speculantes
535 967 541 1006 ;
558 951 614 1013 legit
622 950 650 996 de
661 952 696 997 via
704 952 844 1009 vermiculos,

79 1033 106 1061 ne
117 1015 210 1078 pedibus
221 1015 378 1061 conculcentur
389 1025 411 1060 et
422 1015 507 1076 apibus,
519 1031 546 1060 ne
557 1015 630 1061 inedia
640 1026 731 1076 pareant
742 1016 765 1062 in
776 1016 845 1079 glacie
857 1069 858 1072 Ἴ

79 1079 165 1144 yemali,
177 1081 221 1126 mel
236 1090 258 1126 et
273 1080 359 1141 optima
374 1078 426 1126 vina
443 1078 505 1124 iubet
522 1079 620 1141 apponi3
637 1079 736 1125 fraterno
754 1082 845 1126 nomine

79 1155 144 1192 vocat
151 1145 254 1191 animalia
262 1154 347 1200 cuncta,
354 1143 405 1190 licet
413 1145 437 1190 in
446 1144 507 1190 omni
516 1144 587 1205 specie
595 1143 715 1190 bestiarum
726 1145 844 1207 prediligat

79 1218 199 1255 mansueta.
228 1209 288 1261 Quis
296 1225 396 1255 enarrare
405 1218 483 1254 cuncta
493 1208 601 1255 sufficiat?
629 1208 744 1271 Siquidem
754 1209 845 1255 fontalis

78 1273 115 1318 illa
132 1273 226 1330 bonitas,
241 1290 285 1334 que
301 1274 376 1318 omnia
394 1273 417 1317 in
436 1272 540 1317 omnibus
556 1282 589 1317 est
605 1271 688 1329 futura,
706 1273 750 1317 iam
766 1284 843 1319 sancto

79 1336 131 1383 huic
142 1336 216 1381 omnia
227 1336 250 1381 in
261 1336 364 1381 omnibus
376 1334 512 1379 clarescebat.
845 1344 846 1347 ’

126 1401 239 1447 Nituntur
259 1401 354 1463 proinde
371 1409 470 1445 creature
484 1414 561 1445 omnes
579 1400 651 1446 vicem
668 1400 749 1445 amoris
766 1416 842 1462 repen-

78 1467 130 1513 dere
156 1477 232 1512 sancto
259 1476 281 1512 et
307 1466 445 1529 gratitudine
467 1481 507 1510 sua
530 1481 572 1527 pro
596 1464 681 1510 meritis
701 1466 842 1526 respondere,

77 1530 199 1577 blandienti
220 1530 325 1589 arrident,
345 1530 434 1592 roganti
456 1539 565 1586 annuunt,
587 1527 695 1576 obediunt
717 1529 841 1593 imperanti.

78 1596 139 1642 Sicut
150 1596 244 1643 inferrus
255 1613 278 1641 rn
290 1595 403 1642 miraculis
414 1593 569 1641 annotabatur.

116 1758 150 1800 De
168 1757 268 1800 karitate
284 1757 356 1809 ipsius
372 1759 395 1798 et
411 1756 513 1807 qualiter
523 1767 550 1799 se
565 1756 639 1807 ipsum
656 1767 696 1808 pro
714 1757 924 1804 ammaonte-exn

78 1810 164 1853 salutor
178 1810 322 1862 perfectionis
335 1808 434 1860 ponebat
446 1809 583 1859 exemplum.

123 1886 218 1973 Quem
236 1914 284 1961 aliis
303 1913 407 1960 creaturis
425 1930 557 1976 germanum
579 1912 681 1959 effecerat
700 1914 734 1960 vis
753 1916 842 1973 amoris,

78 1981 159 2027 mirum
174 1998 219 2027 non
233 1989 274 2039 est,
285 1978 390 2026 creatoris
405 1977 516 2041 insignitis
532 1978 635 2041 ymagine
648 1979 666 2024 si
679 1981 842 2042 germaniorem

78 2047 153 2093 christi
178 2047 256 2093 caritas
277 2044 377 2091 faciebat.
421 2044 490 2090 Saluti
515 2044 639 2090 animarum
663 2054 751 2106 postare
774 2046 843 2092 nichil

1 2113 7 2119 ’“
78 2111 171 2166 dicebat,
182 2128 209 2155 eo
219 2111 292 2172 sepius
303 2109 405 2171 probans,
417 2109 480 2170 quod
490 2109 619 2170 unigenitus
629 2109 665 2153 dei
676 2125 717 2168 pro
728 2110 843 2155 animabus

78 2175 182 2236 dignatus
200 2175 270 2221 fuerit
288 2173 311 2219 in
330 2188 394 2218 cruce
412 2172 516 2234 pendere.
557 2172 621 2218 Hinc
639 2171 680 2218 sibi
699 2173 722 2217 in
742 2174 843 2220 oratione

1 2243 6 2252 ’
77 2239 196 2297 luctamen,
218 2239 242 2285 in
269 2236 418 2300 predicatione
445 2237 563 2295 discursus,
586 2237 608 2282 in
635 2237 743 2300 exemplis
763 2239 842 2286 dandis

78 2321 184 2352 excessus.
218 2305 273 2350 Non
294 2320 317 2349 se
338 2301 414 2348 christi
435 2301 550 2364 reputabat
571 2301 673 2358 amicum,
695 2302 736 2348 nisi
758 2304 841 2351 animas

77 2370 187 2430 diligeret,
199 2385 253 2431 quas
263 2368 309 2427 ipse
320 2366 398 2413 dilexit
408 2382 414 2422 ;
431 2377 453 2412 et
464 2367 505 2412 hec
516 2383 582 2427 penes
593 2382 646 2411 eum
659 2383 711 2412 casu
727 2369 843 2428 potissima

77 2433 197 2480 venerandi
208 2432 318 2489 doctores,
330 2430 391 2494 quod
402 2430 480 2475 christi
490 2430 602 2476 adiutores
612 2445 684 2475 unum
695 2446 746 2476 cum
759 2432 842 2478 christo

77 2508 235 2563 exequerenter
254 2497 358 2552 officium,
377 2496 437 2557 ipsos
452 2511 507 2543 vero
526 2495 604 2542 fratres
622 2496 690 2542 velud
708 2497 841 2544 domesticos

3 2613 4 2616 ,
78 2564 129 2611 fidei
140 2563 257 2627 singularis
267 2573 290 2609 et
300 2578 357 2625 quos
369 2560 444 2606 uniret
457 2561 599 2623 participium
615 2559 743 2608 hereditatis
759 2574 841 2620 eterne,

4 2644 9 2666 z>
77 2628 249 2674 viscerosissime
264 2627 318 2672 totis
334 2625 498 2686 amplexabatur
514 2624 634 2671 affectibus.

5 2744 6 2748 Ἰ
65 2690 66 2693 “
126 2693 239 2745 Quotiens
262 2691 367 2752 asperitas
392 2690 438 2735 vite
462 2690 661 2752 reprehenderetur
682 2689 706 2734 in
728 2690 784 2752 ipso,
805 2708 841 2735 re-

2 2751 10 2818 1³³
77 2757 206 2818 spondebat,
223 2773 246 2803 se
263 2756 341 2803 datum
360 2754 433 2801 ordini
455 2755 478 2801 in
497 2754 632 2818 exemplum,
650 2763 676 2800 ut
694 2755 768 2818 aquila
789 2771 842 2818 pro·

6 2836 10 2897 j
78 2833 166 2870 vocaret
185 2823 213 2871 ad
226 2821 348 2869 volandum
362 2818 435 2884 pullos
445 2837 513 2877 suos3
532 2820 591 2867 unde
607 2836 659 2867 cum
672 2819 779 2868 innocens
793 2821 841 2868 eius
