1919 3169
129 134 157 180 72
345 118 506 167 LEGENDA
523 120 678 182 ANTIQUA

127 215 228 276 idipsum
248 230 294 259 non
313 214 455 276 patiebantur
474 214 597 261 obtectum,
630 214 716 260 Videns
733 226 810 261 autem
828 216 896 261 semel

66 315 67 318 η
128 296 189 327 unus
200 280 228 327 de
239 278 301 326 sotiis
312 279 416 343 stigmata
430 278 453 324 in
471 278 566 342 pedibus
584 279 639 336 eius,
650 279 708 327 dixit
725 280 745 326 ei
756 297 761 327 :
771 281 845 334 'Quid
862 291 895 327 est

129 346 178 402 hoc,
187 345 245 392 bone
254 344 336 393 frater?
367 345 416 396 Qui
424 345 542 407 respondit
552 363 556 391 :
575 346 659 392 Curam
670 344 727 391 habe
737 346 766 391 de
776 346 836 392 facto
846 356 896 393 tuo.

177 410 229 456 Alia
250 410 305 465 vice,
320 409 380 454 idem
402 408 471 454 frater
492 410 592 455 tunicam
614 410 661 455 eius
683 410 711 454 ad
735 411 896 456 excutiendum

130 484 214 535 petens,
226 489 319 535 eamque
334 471 529 534 sanguinolentam
541 473 652 534 aspiciens,
666 472 722 518 dixit
739 484 823 532 sancto,
835 485 897 535 post-

131 555 198 602 quam
209 537 307 583 reddidit
318 553 367 582 eam
379 554 383 582 :
403 537 538 584 Cuiusmodi
550 538 640 601 sanguis
651 546 684 582 est
701 537 742 593 ille,
756 555 804 602 quo
819 538 897 585 tunica

130 603 212 650 infecta
233 602 341 649 videtur?
381 602 475 649 Sanctus
491 620 552 660 vero,
570 603 687 665 imponens
703 603 802 666 digitum
821 603 894 660 oculo,

132 668 188 714 dixit
210 669 244 713 ei:
269 668 385 729 Interroga
406 668 463 729 quid
482 679 515 714 est
534 669 584 723 hoc,
604 668 622 713 si
642 667 712 713 nescis
731 669 824 715 oculum
843 685 896 714 esse.

132 733 192 778 Raro
203 732 279 793 itaque
290 740 348 777 totas
360 730 431 777 abluit
445 749 532 789 manus,
545 733 630 794 digitos
645 742 735 779 tantum
751 733 895 795 perfundens,

131 812 158 841 ne
174 812 209 842 res
224 794 347 842 astantibus
364 797 505 858 proderetur.
540 797 611 843 Pedes
627 812 682 843 vero
700 796 760 843 lavat
778 798 896 857 rarissime,

129 874 171 906 vnec
182 862 257 907 minus
268 861 363 918 occulte,
375 877 443 923 quam
454 878 511 907 raro.
539 863 638 907 Manum
649 862 676 907 ab
687 861 762 925 aliquo
770 863 898 924 postulatus

131 926 159 972 ad
170 927 273 973 osculum
285 925 394 980 dimidiat,
406 926 491 988 digitos
507 935 598 972 tanturn
614 926 737 988 proferens,
748 928 811 989 quod
828 928 899 989 possit

131 991 235 1037 osculum
247 991 319 1052 poni3
337 1007 501 1052 nonnunquam
512 1007 566 1037 vero
582 1007 624 1051 pro
635 1008 704 1036 manu
720 992 830 1038 manicam
846 1008 899 1053 por-

132 1055 192 1116 rigit.
226 1054 297 1099 Pedes
312 1054 380 1098 laneis
397 1054 498 1114 peduciis
515 1055 589 1109 vestit,
601 1070 629 1098 ne
646 1054 718 1100 videri
736 1056 829 1116 possint,
841 1057 899 1117 pelle

132 1134 198 1181 supra
214 1116 346 1165 vulneribus
363 1118 441 1181 posita,
454 1135 498 1182 que
515 1119 656 1180 asperitatem
673 1119 760 1165 laneam
777 1119 898 1182 mitigaret.

132 1185 196 1230 Licet
212 1195 288 1230 autem
304 1194 394 1230 sanctus
413 1194 475 1244 pater
492 1200 538 1230 non
554 1194 630 1245 posset
646 1200 756 1230 manuum
776 1196 798 1231 et
815 1187 899 1247 pedum

132 1248 238 1311 stigmata
249 1248 343 1294 omnino
353 1258 428 1311 tegere
444 1248 513 1305 sotiis,
525 1265 576 1310 egre
592 1259 667 1294 tamen
684 1247 774 1305 ferebat,
785 1250 804 1295 si
820 1250 901 1311 aliquis

132 1312 170 1358 illa
188 1312 313 1374 respiceret,
331 1313 392 1358 unde
411 1322 433 1357 et
452 1312 495 1374 ipsi
514 1313 565 1358 sotii
584 1313 676 1374 spiritus
694 1313 814 1373 prudentia
833 1314 900 1376 pleni,

134 1378 225 1441 quando
242 1378 279 1422 ille
297 1394 384 1436 manus,
401 1387 441 1422 aut
458 1378 525 1438 pedes
541 1377 616 1440 aliqua
634 1378 762 1423 necessitate
779 1379 901 1441 detegeret,

134 1443 212 1488 oculos
222 1441 357 1490 avertebant.

89 1570 131 1611 [5-1]
183 1539 266 1627 (lum
289 1571 352 1614 Senis
372 1579 498 1614 moraretur
519 1569 554 1614 vir
580 1570 624 1625 dei,
645 1570 723 1615 accidit
747 1573 823 1616 venire
849 1571 903 1617 illuc

135 1636 228 1683 fratrem
241 1634 363 1697 quemdam
381 1633 409 1678 de
426 1633 515 1688 Briscia,
528 1633 575 1695 qui,
593 1633 693 1680 multum
704 1634 809 1681 affectans
825 1635 902 1682 videre

135 1702 239 1765 stigmata
250 1699 320 1746 sancti
331 1698 408 1761 patris,
419 1708 445 1744 ut
456 1697 480 1744 id
488 1706 561 1761 queat,
575 1714 587 1743 a
597 1695 664 1744 fratre
681 1698 776 1746 Pacifico
793 1700 901 1747 instanter

135 1767 243 1830 deposcit.
277 1764 308 1810 Et
320 1763 372 1809 ille:
390 1764 534 1818 Recessurus,
546 1762 633 1825 inquid,
645 1781 657 1808 a
667 1763 723 1819 loco,
737 1775 812 1826 petam
830 1765 857 1810 ab
874 1782 901 1810 eo

135 1830 309 1878 deobseulandas
320 1844 407 1882 manus,
419 1844 473 1889 quas
484 1843 537 1873 cum
553 1827 647 1884 dederit,
659 1845 756 1873 annuam
773 1829 814 1874 tibi
831 1831 901 1875 oculis

135 1906 158 1942 et
169 1894 262 1943 videbis.
296 1892 370 1938 Parati
383 1890 411 1937 ad
429 1907 547 1947 recessum,
560 1891 647 1938 vadunt
663 1892 729 1938 ambo
746 1893 774 1939 ad
791 1904 901 1950 sanctum,

137 1961 243 2025 flexisque
255 1958 356 2023 genibus,
368 1957 425 2004 dixit
438 1957 545 2003 Pacificas
561 1967 637 2003 sancto
655 1958 787 2005 Francisco:
805 1959 902 2005 Benedic

137 2026 209 2083 nobis,
216 2035 278 2089 pater
289 2024 404 2069 karissime
413 2032 436 2067 et
447 2038 540 2068 manum
551 2022 605 2067 mihi
617 2023 645 2068 ad
656 2022 819 2070 obsculandum
827 2025 901 2086 prebe.

137 2092 275 2137 Obsculatur
296 2105 343 2134 non
363 2087 459 2133 libenter
480 2097 606 2148 porrectam
634 2098 656 2132 et
683 2088 804 2134 videndam
828 2089 903 2135 innuit

136 2155 217 2211 fratri3
234 2165 311 2216 petens
322 2162 344 2197 et
355 2153 428 2206 aliam,
440 2152 553 2197 osculatur
569 2161 592 2195 et
609 2161 719 2196 monstrat
736 2153 816 2198 eidem.
850 2154 904 2197 Dis-

138 2220 268 2267 cedentibus
285 2216 335 2272 illis,
352 2215 478 2276 suspicatus
495 2226 527 2261 est
546 2224 616 2276 pater,
632 2225 729 2261 sanctam
751 2216 781 2262 ibi
800 2216 903 2263 fraudem

137 2283 213 2340 fuisse,
231 2299 275 2346 que
292 2280 365 2326 fuerat
383 2289 406 2324 et
425 2280 485 2341 piam
504 2279 667 2325 animositatem
687 2280 778 2341 impiam
796 2281 903 2339 iudicans,

138 2359 243 2394 revocato
276 2346 352 2392 statim
385 2343 455 2389 fratre
488 2342 592 2401 Pacifico,
626 2344 680 2390 dicit
713 2344 748 2390 ei:
785 2345 904 2409 Indulgeat

63 2412 181 2460 Fol.68tibi
197 2412 319 2465 Dominus
335 2409 410 2465 frater,
427 2408 534 2470 quoniam
550 2408 719 2455 tribulationem
736 2409 836 2456 multum
852 2411 906 2457 facis

141 2477 197 2521 mihi
207 2475 335 2538 aliquando.
369 2472 495 2518 Prosternit
506 2488 529 2516 se
540 2471 648 2517 Pacificus
665 2472 742 2517 statim
759 2484 781 2518 et
798 2474 906 2520 humilter

141 2542 264 2605 interrogat
275 2540 350 2587 dicens
361 2557 365 2584 :
384 2536 483 2589 Qualem
493 2536 662 2583 tribulationem
673 2536 713 2583 tibi
730 2536 780 2596 feci,
791 2539 906 2586 karissima

142 2608 230 2653 mater?
262 2605 339 2650 Nichil
349 2611 425 2648 autem
439 2601 585 2663 respondente
601 2601 666 2647 beato
682 2603 806 2658 Francisco,
818 2604 907 2651 silentio

141 2672 274 2717 terminatur
284 2678 385 2715 eventus.

86 2792 137 2833 [ΜΠ
187 2765 281 2851 Ilicet
298 2806 373 2844 autem
391 2810 500 2841 manuum
518 2804 540 2841 et
558 2796 642 2855 pedum
661 2794 754 2841 vulnera
771 2797 818 2857 ipsa
835 2813 907 2844 mem-

142 2865 235 2913 brorum
251 2863 299 2910 loca
315 2859 435 2925 propatula
453 2857 550 2906 facerent
566 2857 677 2923 aliquibus
693 2858 816 2919 manifesta,
833 2861 907 2909 lateris
