1919 3169
123 143 167 192 154
308 124 506 174 TRACTATUS
523 125 697 173 SECUNDUS

120 223 221 284 sompnis
229 222 340 284 apparuit,
350 222 473 282 ipsumque
489 238 572 266 vocans
589 238 616 267 ex
632 222 723 267 nomine
739 222 814 268 dixit:
833 220 888 267 Noli

121 288 207 342 timere,
220 287 336 342 lohannes,
346 285 406 347 quia
423 284 534 329 sanaberis
551 283 578 329 ab
589 284 719 329 infirmitate
730 295 776 330 tua.
810 285 889 329 Huius

121 352 223 399 miraculi
242 349 339 398 maxima
357 350 412 397 fides
431 348 481 406 fuit,
506 349 569 412 quod
591 350 680 396 cuidam
702 351 753 397 viro
774 348 888 412 religioso,

120 419 222 465 Roberto
241 417 339 472 nomine,
359 414 437 461 beatus
454 415 583 461 Franciscus
604 415 723 476 apparuit3
743 433 755 460 a
774 431 820 478 quo
837 431 888 461 cunr

120 483 297 544 interrogaretur
314 479 364 541 quis
381 489 444 537 esset,
461 480 594 540 respondit:
615 480 666 539 Ego
683 496 733 524 sum
751 480 889 535 Franciscus‚

120 548 159 611 qui
170 546 283 610 quendam
295 544 392 590 amicum
403 560 479 589 meum
491 552 607 589 sanaturus
618 543 706 589 adveni.

168 612 195 657 ln
205 611 279 657 Sicilia
290 610 403 673 quendam
412 609 616 664 nominePetrum‚
625 609 785 671 pudendorum
797 624 889 653 suorum

121 676 251 737 ruptionem
261 674 359 720 subitam
370 675 500 736 patientem,
510 690 561 718 cum
571 691 594 719 se
605 675 751 735 promicteret
761 690 801 719 sua
812 674 889 719 limina

121 742 218 794 visitare,
230 738 322 784 mirifice
333 739 444 784 liberavit.

65 878 117 918 [XIV]
325 874 360 916 De
373 874 433 916 cecis
447 877 470 916 et
483 874 559 916 surdis
572 877 596 915 et
609 874 685 916 mutis.

168 959 215 1039 In
232 996 346 1033 conventu
363 986 459 1030 fratrum
475 988 502 1031 de
519 988 624 1048 Neapoli,
636 1005 687 1032 curn
703 988 796 1049 quidam
813 988 890 1044 frater,

121 1052 234 1099 Robertus
250 1051 350 1108 nomine,
367 1066 431 1096 cecus
447 1050 511 1096 annis
527 1050 632 1113 plurimis
648 1052 766 1108 extitisset,
777 1052 849 1099 crevit
865 1053 889 1098 in

121 1118 193 1165 oculis
214 1119 261 1164 eius
283 1132 334 1162 caro
361 1116 481 1177 superflua,
510 1127 599 1162 motum
626 1127 649 1162 et
676 1134 743 1162 usum
766 1118 889 1180 impediens

121 1182 284 1244 palpebrarum.
329 1181 389 1225 Cum
416 1181 487 1243 igitur
513 1181 592 1227 fratres
614 1181 720 1237 forenses,
742 1182 770 1228 ad
793 1184 890 1229 diversas

122 1247 202 1292 mundi
231 1254 306 1307 partes
335 1244 460 1299 tendentes,
490 1244 574 1290 ibidem
604 1246 696 1305 plurimi
726 1248 889 1303 convenissent,

122 1310 200 1355 beatus
222 1321 284 1370 pater
312 1308 455 1363 Franciscuss
470 1307 598 1354 obedientie
625 1319 699 1354 sancte
726 1312 842 1369 speculum
868 1321 890 1356 et

122 1376 243 1436 exemplar,
265 1384 291 1417 ut
313 1389 351 1417 eos
378 1372 478 1418 miraculi
500 1373 602 1419 novitate
629 1374 758 1419 hortaretur
785 1374 813 1420 ad
840 1375 890 1430 iter,

31 1441 251 1502 Fol.64¹⁶predictum
278 1437 370 1484 fratrem
392 1437 445 1499 ipsis
466 1437 608 1499 presentibus
634 1438 674 1483 tali
701 1440 771 1485 modo
797 1441 889 1487 sanavit.

125 1505 213 1550 lacebat
235 1514 300 1548 nocte
322 1503 419 1564 quadarn
440 1501 509 1547 frater
529 1503 643 1548 Robertus
662 1519 714 1564 eger
735 1505 763 1550 ad
786 1514 890 1561 mortem,

123 1570 214 1631 iamque
230 1566 271 1613 sibi
288 1565 361 1611 fuerat
379 1566 452 1611 anima
469 1567 632 1622 commendata,
651 1582 702 1611 cum
719 1583 768 1612 ecce
784 1568 856 1613 astitit
872 1569 892 1613 ei

123 1633 200 1681 beatus
216 1643 279 1694 pater
295 1648 347 1677 cum
358 1630 431 1676 tribus
443 1631 551 1677 fratribus
567 1630 629 1677 omni
647 1632 762 1678 sanctitate
779 1632 891 1695 perfectis,

123 1699 227 1745 videlicet
242 1706 318 1743 sancto
333 1696 444 1751 Antonio,
459 1695 527 1741 fratre
542 1697 673 1758 Augustino
690 1707 712 1742 et
726 1697 793 1744 fratre
810 1698 891 1744 Iacobo
959 1716 960 1720 ¹

123 1765 151 1810 de
172 1763 265 1817 assisio,
287 1761 325 1821 qui
347 1761 404 1805 sicut
426 1776 478 1804 eum
506 1760 603 1821 perfecte
624 1760 713 1806 fuerant
734 1763 812 1817 secuti,
834 1764 891 1809 dum
959 1766 960 1777 ³

123 1827 234 1881 viverent,
251 1826 282 1871 ita
298 1834 321 1870 et
335 1824 410 1884 ipsum
423 1823 524 1869 alacriter
540 1824 705 1870 comitabantur
719 1835 770 1886 post
785 1837 889 1874 mortem.

123 1891 243 1953 Accipiens
259 1887 377 1934 cultellum
393 1897 482 1934 sanctus
496 1888 634 1946 Francisms,
647 1904 736 1935 carnem
753 1891 891 1951 superfluam
959 1888 960 1939 l

124 1956 240 2012 resecavit,
258 1954 336 2000 lumen
353 1953 453 1999 restituit
470 1953 599 2015 pristinum,
620 1972 632 2000 a
653 1954 733 2000 mortis
754 1971 806 2002 eum
828 1955 892 2002 fauce
959 1994 960 1999 ,

125 2021 222 2067 reduxit.
260 2019 369 2079 Dixitque
388 2018 437 2061 illi:
456 2018 499 2062 Fili
515 2018 621 2073 Roberte,
638 2019 716 2079 gratia,
731 2036 799 2081 quam
817 2032 891 2066 tecum

123 2084 173 2140 feci,
185 2085 276 2147 signum
287 2092 320 2127 est
330 2081 438 2128 fratribus
449 2081 476 2127 ad
491 2093 588 2128 remotas
599 2083 701 2128 nationes
712 2083 818 2130 euntibus
829 2085 891 2147 quod

123 2167 166 2214 ego
184 2148 302 2211 precedam
321 2163 359 2192 eos
377 2156 399 2192 et
418 2145 521 2209 ipsorum
540 2146 636 2211 dirigam
658 2163 752 2210 gressus.
794 2149 891 2207 Vadant,

124 2214 213 2278 inquid,
230 2213 353 2277 gaudenter
372 2222 394 2258 et
411 2212 535 2258 iniunctam
558 2213 709 2259 obedientiam
731 2214 794 2261 alacri
816 2217 892 2262 animo

124 2289 271 2341 exequantur.
304 2276 423 2322 Gaudeant
438 2277 565 2323 obedientie
578 2278 625 2334 filii,
640 2279 745 2340 precipue
761 2281 801 2341 qui
817 2281 891 2326 solum

125 2344 243 2407 proprium
265 2341 424 2402 relinquentes,
447 2343 558 2386 terrestris
579 2343 649 2402 patrie
669 2353 722 2388 sunt
744 2343 817 2399 obliti,
839 2345 892 2406 quia

125 2411 206 2455 ducem
214 2405 298 2452 habent
309 2404 446 2452 industrium
457 2416 479 2451 et
490 2405 611 2451 sollicitum
623 2423 779 2467 precessorem.

173 2472 200 2518 ln
218 2472 326 2524 Zancato,
344 2469 407 2533 quod
426 2480 460 2516 est
477 2480 574 2515 castrum
592 2470 655 2516 iuxta
676 2471 810 2534 Anagniam,
828 2472 892 2520 miles

126 2538 218 2599 quidam
228 2536 338 2581 Girardus
346 2535 437 2579 nomine
445 2535 523 2580 lumen
531 2552 559 2580 ex
569 2546 620 2581 toto
628 2536 756 2596 perdiderat
767 2536 892 2584 oculorum.

126 2601 217 2647 Accidit
227 2610 254 2645 ut
264 2599 321 2644 duos
333 2596 412 2642 fratres
423 2599 520 2643 minores
535 2599 562 2643 ab
573 2599 654 2644 exteris
667 2601 768 2661 partibus
779 2603 895 2648 venientes

127 2667 155 2713 ad
176 2666 271 2714 domum
293 2663 342 2709 eius
363 2663 501 2709 diverterent
522 2663 593 2726 gratia
614 2663 751 2727 hospitandi.
792 2666 892 2730 Suscepti

127 2733 202 2795 itaque
221 2730 345 2776 honorifice
364 2746 377 2774 a
393 2728 478 2775 familia
496 2739 545 2775 tota
564 2739 586 2776 et
605 2746 656 2775 cum
676 2731 738 2777 omni
756 2730 894 2794 benignitate

127 2797 222 2853 tractati,
236 2796 264 2840 de
278 2794 374 2854 hospitis
389 2794 479 2847 cecitate
494 2793 563 2839 nichil
577 2795 705 2842 advertunt.
746 2797 893 2843 Recesserunt

127 2860 274 2924 postmodum
291 2858 319 2903 ad
334 2857 409 2902 locum
427 2856 522 2902 fratrum
540 2874 579 2918 per
597 2858 690 2904 miliaria
708 2876 746 2905 sex
764 2861 892 2919 distantem,
