1919 3169
250 101 413 148 LEGENDA
430 101 589 148 GREGORH
774 104 802 163 63

38 199 118 262 pretio,
141 197 169 242 de
196 196 271 242 medio
293 197 388 243 istarum
410 213 526 258 caprarum
553 207 576 243 et
602 198 716 245 hircorum
738 198 807 244 educ-

39 279 102 310 amus
113 278 168 309 eam.
198 262 276 307 Frater
303 261 384 323 paulus
409 278 463 307 vero
490 262 593 308 dolorem
621 263 668 310 eius
695 263 807 309 admirans

40 328 98 388 cepit
110 327 205 387 ipsemet
216 326 283 371 etiam
298 325 441 371 condolere.³⁶
474 327 533 371 Cum
551 336 627 371 autem
646 327 715 372 nichil
734 337 807 388 preter

40 392 96 438 viles
104 399 119 421 ³⁷
139 390 231 446 tunicas
254 389 337 452 quibus
364 388 522 448 induebantur,
548 389 654 437 haberent
681 402 704 437 et
728 391 808 437 sollicti

41 457 70 503 de
91 454 200 502 solvendo
221 454 294 516 pretio
321 454 449 512 existerent,
477 455 551 501 statim
579 455 672 518 quidam
699 465 809 502 mercator

41 523 83 567 iter
103 535 170 581 agens
187 519 261 564 adfuit
277 528 300 564 et
315 519 415 581 pretium
432 518 521 578 obtulit,
538 520 604 582 quodi
623 520 735 582 optabant.
775 522 809 566 At

42 585 83 645 ipsi
105 584 187 643 gratias
214 592 304 643 agentes
327 583 369 627 deo
392 593 493 643 suscepta
514 599 564 638 ove,
587 584 736 629 auximana
758 600 809 645 per-

42 656 168 704 venerunt;
185 655 207 692 et
221 646 361 692 introeuntes
376 646 404 692 ad
418 646 550 710 episcopum
562 646 665 705 civitatis,
677 647 703 693 ab
711 656 727 681 ³⁹
738 648 786 712 ipso
793 655 809 680 ³⁹

43 730 124 777 magna
145 728 197 758 cum
219 713 343 758 reverentia
364 722 418 758 sunt
440 714 544 774 suscepti.
586 714 713 760 Mirabatur
735 725 809 760 tamen

42 778 148 826 dominus
155 785 171 808 4⁰
182 776 300 838 episcopus
314 788 336 824 et
352 776 380 823 de
391 792 441 834 ove,
453 793 521 839 quam
538 778 573 823 vir
584 778 620 824 dei
637 779 731 827 ducebat
743 790 765 826 et
782 779 810 826 de

43 844 130 898 affectu,
150 858 195 905 quo
212 857 264 904 erga
281 859 329 888 eam
346 841 476 888 ducebatur.
511 842 553 888 Sed
570 859 621 888 cum
639 844 716 890 christi
733 861 810 890 servus

43 910 133 968 longam
154 907 194 950 sibi
213 906 241 950 de
261 921 303 952 ove
323 907 432 950 sermonis
451 907 581 966 parabulam
601 910 723 965 retexisset,
745 910 811 953 corde

44 978 201 1033 compunctus,
213 968 330 1031 episcopus
342 985 408 1030 super
424 969 469 1016 viri
480 969 516 1016 dei
533 970 656 1032 puritatem
672 972 753 1035 gratias
764 971 811 1034 egit

44 1037 94 1083 deo.

93 1100 137 1145 Die
146 1114 200 1145 vero
208 1100 310 1159 sequenti
317 1114 417 1160 egressus
426 1099 453 1144 de
462 1099 550 1145 civitate
558 1110 580 1144 et
591 1101 692 1161 cogitans
703 1102 812 1163 quidnam

46 1165 73 1212 de
85 1180 127 1210 ove
137 1162 226 1219 faceret,
236 1162 264 1209 de
272 1163 365 1209 consilio
374 1162 427 1209 socii
434 1170 449 1195 ⁴1
460 1172 483 1209 et
494 1162 567 1209 fratris
575 1164 609 1209 sui
620 1181 669 1212 eam
680 1165 704 1211 in
713 1166 812 1228 quodam

47 1229 144 1276 claustro
154 1226 292 1274 famularum
304 1228 381 1273 christi
393 1228 453 1289 apud
465 1238 568 1274 sanctum
580 1231 708 1278 severinum
719 1230 812 1277 tradidit

46 1292 229 1339 conservandam.
273 1291 416 1336 Venerabiles
438 1308 531 1352 quoque
553 1292 630 1337 ancille
648 1295 732 1350 christi,
749 1296 814 1341 velut

48 1372 157 1421 magnum
179 1371 270 1412 munuc,
292 1353 334 1399 sibi
357 1372 369 1399 a
390 1354 433 1399 deo
455 1354 534 1400 datum
555 1356 680 1419 gaudentes
702 1358 814 1404 oviculam

47 1431 199 1483 susceperunt.
234 1419 312 1470 Quam
321 1419 462 1482 temporibus
470 1420 547 1465 multis
555 1421 647 1467 sollicite
655 1424 814 1478 custodientes,

48 1488 75 1533 de
96 1486 146 1532 lana
165 1485 235 1545 ipsius
251 1485 351 1530 tunicam
372 1493 509 1541 texuerunt3
531 1495 553 1531 et
572 1503 621 1532 eam
643 1488 708 1533 beato
733 1489 815 1550 patrir‘}

48 1550 157 1596 francisco
168 1548 228 1611 apud
239 1548 352 1593 ecclesiam
361 1558 435 1594 sancte
446 1549 514 1594 marie
526 1549 548 1594 in
557 1550 702 1611 portiuncula
713 1544 814 1615 tempore

49 1615 165 1659 cuiusdam
192 1613 284 1673 capituli
312 1614 490 1658 transmiserunt.
536 1614 614 1663 Quam
637 1624 711 1660 cum‘*³
735 1634 816 1678 magna

49 1677 173 1725 reverentia
192 1686 214 1722 et
232 1676 300 1721 animi
324 1676 468 1732 exultatione,
489 1686 577 1723 sanctus
596 1677 632 1723 dei
654 1680 775 1742 suscipiens
794 1690 816 1726 et

49 1742 177 1805 amplexans
203 1740 346 1787 deosculatur
373 1756 429 1799 eam,
452 1757 529 1788 omnes
556 1742 653 1790 invitans
675 1745 702 1791 ad
727 1754 815 1792 tantum

49 1809 158 1871 gaudium
175 1806 351 1851 circumstantes.

98 1872 151 1918 Alia
160 1887 215 1919 vero
222 1877 237 1902 u
248 1869 296 1916 vice
309 1885 362 1917 cum
378 1886 417 1932 per
433 1870 535 1917 eamdem
552 1872 672 1919 marchiam
688 1875 817 1932 transiret,45

51 1938 130 1982 eodem
142 1936 209 1980 fratre
217 1935 292 1995 ipsum
301 1935 399 1979 alacriter
409 1937 537 1990 comitante,
549 1937 598 1981 viro
609 1938 697 1983 cuidam
709 1940 817 1994 obviavit,

51 2000 91 2062 qui
108 2000 165 2044 duos
176 1997 292 2060 agniculos
307 2013 426 2059 suspensos
438 2008 460 2043 et
476 1999 557 2060 ligatos
569 1999 614 2043 in⁴⁶
625 2000 720 2046 humero
736 2019 778 2047 suo
789 2003 816 2047 ad

51 2065 127 2110 forum
146 2073 172 2109 ut
192 2062 305 2118 venderet,
324 2061 464 2124 deportabat.
504 2063 608 2126 Cumque
628 2080 697 2127 agnos
718 2066 816 2113 balantes

52 2129 129 2174 beatus
147 2127 268 2174 franciscus
284 2127 388 2182 audisset,
407 2136 520 2172 commota
537 2138 591 2173 sunt
609 2129 693 2176 viscera
709 2132 776 2188 eius;
795 2142 817 2177 et

52 2193 231 2255 appropinquans
242 2190 318 2253 tetigit
328 2207 366 2236 eos
378 2191 440 2253 quasi
451 2201 522 2237 mater
533 2208 600 2253 super
611 2192 736 2254 plorantem
745 2197 816 2242 filium

53 2257 158 2304 affectum
169 2255 328 2317 compassionis
341 2254 468 2301 ostendens.
501 2256 533 2301 Et
544 2257 574 2302 ait
590 2258 618 2303 ad
629 2259 720 2307 virum:
738 2260 817 2313 Quare

53 2321 131 2367 fratres
142 2337 204 2366 meos
215 2336 284 2380 agnos
294 2320 325 2365 sic
341 2319 421 2380 ligatos
432 2330 455 2365 et
472 2336 592 2380 suspensos
608 2325 736 2371 excrucias?
769 2326 817 2376 Qui

54 2385 191 2448 respondens
209 2383 254 2429 ait:
278 2382 325 2428 Eos
341 2383 369 2429 ad
386 2381 463 2428 forum
482 2393 556 2446 porto,
576 2394 602 2430 ut
624 2388 728 2446 vendam,
751 2389 818 2451 pretii

54 2451 183 2497 necessitate
194 2448 331 2511 compulsus.
364 2449 396 2494 Et
408 2449 437 2495 ait
449 2458 554 2496 sanctus:
573 2450 637 2503 Quid
654 2463 731 2514 postea
742 2454 781 2500 fiet
791 2455 819 2502 de

54 2514 112 2560 illis?
145 2516 183 2561 Ad
200 2530 268 2576 quem
284 2513 336 2559 ille:
354 2513 483 2575 Emptores‚
495 2514 577 2576 inquit,
594 2532 632 2561 eos
648 2517 782 2565 interficient
797 2530 820 2566 et

55 2580 229 2624 manducabunt.
262 2578 343 2622 Absit:
362 2578 478 2637 respondit
489 2588 578 2623 sanctus
588 2595 594 2633 ;
611 2597 656 2625 non
673 2583 711 2627 fiat
722 2583 784 2628 istud
793 2594 819 2638 ;⁴⁷

54 2655 818 2670 ..η-,Ἣ

94 2679 109 2708 ³⁶
119 2682 151 2718 Os.
161 2679 226 2716 dolere.
278 2680 294 2707 37
303 2679 336 2714 Os.
346 2678 403 2714 omits.
456 2677 471 2706 3⁸
481 2679 505 2715 L.
515 2679 614 2718 Auximum.
642 2684 793 2722 Ox,AuXinium,

93 2736 109 2761 3⁹
119 2732 147 2771 M.
156 2733 214 2770 omits.
292 2734 307 2760 4⁰
317 2732 355 2767 Ox.
365 2731 422 2767 omits.
505 2736 521 2760 4¹
531 2734 570 2777 Os,
580 2735 618 2770 Ox.
628 2736 662 2772 ancl
670 2735 702 2774 W.
712 2739 794 2776 consocii.

94 2788 109 2814 4²
119 2786 144 2823 L.
154 2786 210 2822 omits.
287 2786 303 2813 43
313 2785 345 2820 Os.
355 2783 406 2819 omits
416 2796 455 2820 cum
464 2796 525 2832 magna
539 2814 543 2822 .
558 2813 562 2822 .
577 2813 581 2823 .
596 2788 687 2838 suscipiens
697 2799 719 2827 et.

94 2840 227 2874 serenantem.
284 2838 300 2865 45
310 2837 348 2872 Ox.
358 2837 445 2872 transiens.
504 2835 520 2865 4⁶
530 2839 562 2875 Os.
571 2839 629 2877 omits.
687 2842 736 2879 47L,
747 2842 794 2882 illud,
