1919 3169
264 41 426 89 Lucuuoa
441 41 598 100 ANTIQUA
786 55 814 100 23

50 154 78 183 eo
96 136 211 199 dyabolica
232 137 339 199 figmenta
359 136 460 183 laudare.
494 136 521 182 ln
539 137 633 182 veritate
651 137 734 192 sciatis,
753 138 815 201 quod

51 201 167 262 dyabolica
185 203 296 262 tenptatio
312 210 346 247 est
361 210 384 245 et
400 201 503 261 deceptio
520 200 671 247 fraudulenta.
712 202 815 246 Firmum

51 265 106 311 mihi
117 265 160 311 hoc
176 275 216 322 est,
227 265 325 329 indeque
341 263 438 310 maxime
454 263 633 327 comprobatum,
646 265 700 328 quia
715 265 816 311 confiteri

52 348 97 378 non
116 331 171 379 vult.
205 332 270 377 Dure
287 339 418 392 acceperunt
435 329 477 376 hoc
496 329 581 388 fratres,
600 331 703 393 precipue
720 330 816 378 vicarius

51 396 127 443 sancti.
160 396 192 442 Et
209 395 332 459 quomodo,
350 395 386 441 hic
403 395 505 456 inquirit,
517 412 596 441 verum
614 395 656 442 hoc
673 405 737 451 esset,
749 405 776 443 ut
792 395 815 441 in

52 469 86 506 tot
113 459 254 521 perfectionis
281 460 350 521 signis
376 459 482 504 fraudum
504 469 632 504 commenta
655 459 816 505 subluderent?

52 523 142 585 Quibus
153 535 228 587 pater:
257 524 383 569 Moneatur
394 521 435 578 bis,
444 523 480 569 vel
489 523 557 567 semel
566 522 694 569 obedientia
704 524 814 569 confiteri:

53 589 116 653 quod
127 590 145 634 si
157 606 203 635 non
213 589 298 645 fecerit,
310 588 383 633 scietis
397 603 449 633 vera
459 603 505 633 esse
516 604 561 650 que
572 587 625 634 dixi.

99 653 208 699 Adsumit
216 669 268 699 eum
277 668 377 698 seorsum
385 651 492 707 vicarius3
509 662 532 698 et
542 652 616 714 primo
623 653 715 714 quidem
727 669 779 698 cum
790 670 817 699 eo

52 717 189 764 familiariter
222 717 363 774 iocundatus‚
398 716 480 762 ultimo
515 716 677 763 confessionem
712 718 816 779 iniungit.

52 783 148 844 Respuit
164 782 209 839 ille,
226 783 388 844 imponensque
404 781 503 843 digitum
520 782 553 827 ori
570 797 618 839 su0,
630 798 722 828 excusso
739 784 817 844 capite,

52 847 134 903 innuit,
157 863 179 893 se
201 847 330 892 nullatenus
351 843 513 892 confessurum.
558 845 709 893 Obticuerunt
731 844 817 903 fratres,

53 910 156 956 timentes
178 909 307 956 scandalum
326 910 383 955 tanti
405 910 481 955 sancti.
523 910 578 954 Non
597 920 648 971 post
668 911 753 955 multos
771 912 818 956 dies

52 977 184 1039 religionem
199 975 271 1021 libens
287 975 410 1037 egreditur,
425 974 563 1020 convertitur
579 974 607 1020 ad
623 975 731 1031 seculum,
743 992 819 1022 rever-

53 1041 108 1088 titur
119 1042 147 1088 ad
158 1040 278 1097 vomitum,
290 1040 330 1103 qui
342 1039 431 1087 tandem
444 1038 543 1086 facinora
560 1039 683 1101 duplicans,
695 1041 818 1102 penitentia

53 1105 120 1152 simul
137 1116 159 1151 et
175 1106 221 1151 vita
240 1107 339 1166 privatus
356 1114 395 1152 est.
438 1105 544 1151 Cavenda
561 1121 648 1166 semper
668 1105 816 1168 singularitas,

53 1188 97 1233 que
114 1170 181 1216 nichil
199 1169 261 1215 aliud
278 1185 346 1231 quam
365 1169 486 1230 pulchrum
507 1169 650 1230 precipitium
669 1179 709 1227 est,
726 1170 754 1216 de
774 1186 819 1232 qua

53 1233 154 1295 pluribus
165 1232 316 1295 singularibus
330 1232 485 1295 experimento
501 1232 608 1290 innotuit,
621 1233 728 1297 quoniam
744 1250 819 1279 ascen-

52 1298 111 1345 dunt
132 1314 203 1361 usque
224 1298 252 1343 ad
275 1298 333 1343 celos
360 1307 382 1343 et
407 1297 545 1343 descendunt
569 1313 640 1359 usque
665 1299 693 1343 ad
720 1298 818 1360 abyssos.

53 1364 166 1410 Virtutem
177 1361 336 1408 nichilominus
353 1362 435 1409 devote
452 1360 597 1408 confessionis
608 1362 760 1426 actende,que
773 1379 819 1410 non

52 1429 125 1475 solum
136 1437 237 1474 sanctum
248 1427 322 1483 efficit,
334 1429 373 1473 sed
384 1426 490 1473 ostendit,

101 1492 176 1537 Simile
192 1492 307 1553 quoddam
324 1492 403 1536 accidit
422 1492 445 1535 in
464 1491 507 1535 alio
526 1490 594 1535 fratre
616 1493 706 1536 nomine
727 1493 817 1538 Thoma

53 1556 81 1602 de
92 1555 188 1620 Spoleto.
216 1555 327 1601 Omnium
338 1554 366 1600 de
374 1555 423 1616 ipso
431 1563 454 1600 et
462 1571 513 1601 sana
521 1554 599 1616 opinio
607 1565 629 1601 et
637 1555 701 1601 firma
708 1557 817 1603 sententia

53 1621 194 1677 sanctitatis3
212 1622 239 1668 de
257 1637 303 1683 quo
320 1619 428 1667 iudicium
446 1621 515 1666 sancti
533 1620 608 1682 patris,
620 1621 682 1684 quod
699 1637 817 1683 perversus

54 1698 108 1744 erat,
128 1686 236 1749 apostasia
254 1685 345 1731 tandem
364 1683 474 1747 probavit.
508 1685 563 1730 Non
582 1685 621 1730 diu
640 1685 747 1741 substitit,
765 1688 818 1749 quia

55 1769 100 1797 non
120 1752 143 1796 in
161 1750 257 1811 longum
276 1759 390 1811 permanet
409 1749 488 1795 fraude
507 1750 595 1811 quesita
612 1749 692 1796 virtus.
739 1751 817 1797 Exivit

55 1814 186 1878 religionem
198 1822 220 1858 et
231 1821 293 1858 extra
304 1828 352 1858 eam
364 1822 475 1870 mortuus,
487 1814 552 1858 novit
563 1814 632 1858 modo
643 1814 698 1875 quid
708 1814 790 1860 fecerit.

101 1908 243 2003 &empore
259 1956 305 2004 quo
322 1939 442 1985 damiatam
461 1939 632 1987 christianorum
651 1943 760 1989 exercitus
779 1941 881 1989 ohta-11}

55 2008 147 2062 sidebat‚
160 2008 235 2052 aderat
245 2014 335 2051 sanctus
346 2004 382 2050 dei
394 2022 446 2051 cum
456 2004 519 2050 sotiis
530 2006 592 2061 suis3
609 2007 720 2070 siquidem
731 2007 819 2055 fervore

56 2072 158 2133 martyrii
169 2087 228 2117 mare
239 2069 377 2116 transierant.
411 2071 470 2116 Cum
481 2070 551 2131 igitur
561 2070 589 2116 ad
606 2071 665 2117 diem
682 2071 734 2118 belli
748 2075 818 2120 nostri

56 2146 186 2199 pararentur
208 2134 231 2180 in
252 2151 359 2197 pugnam,
381 2134 460 2180 audito
487 2134 537 2191 hoc,
560 2145 649 2181 sanctus
675 2137 819 2184 vehementer

56 2200 163 2258 indoluit,
180 2199 282 2261 dixitque
300 2198 359 2244 sotio
378 2203 435 2244 s'uo:
470 2199 492 2244 Si
512 2199 550 2245 tali
570 2200 606 2245 die
625 2215 757 2263 congressus
773 2204 818 2260 fiat,

56 2266 155 2312 ostendit
182 2264 236 2311 mihi
262 2263 375 2319 dominus,
398 2280 444 2309 non
465 2280 570 2326 prospere
591 2264 668 2311 cedere
689 2266 819 2315 christianis.

56 2332 142 2377 Verum
163 2330 181 2375 si
203 2330 245 2375 hoc
264 2327 349 2383 dixer0,
368 2326 446 2373 fatuus
465 2328 591 2389 reputabor,
611 2330 629 2375 si
648 2340 745 2389 tacuero,
766 2349 820 2378 con-

57 2395 171 2440 scientiam
182 2408 228 2438 non
239 2393 338 2437 evadam.
372 2391 435 2450 Quid
446 2407 501 2452 ergo
511 2392 552 2437 tibi
562 2393 667 2439 videtur?
697 2396 822 2456 Respondit

57 2459 131 2506 socius
147 2456 194 2504 eius
211 2456 300 2504 dicens:
323 2455 369 2500 Pro
386 2454 480 2501 minimo
496 2454 538 2501 tibi
554 2456 589 2512 sit,
607 2467 633 2502 ut
648 2457 675 2503 ab
692 2458 821 2506 hominibus

58 2523 167 2580 iudiceris,
179 2522 232 2584 quia
243 2538 288 2566 non
300 2520 369 2565 modo
380 2520 459 2581 incipis
470 2519 546 2566 fatuus
563 2524 668 2583 reputari.
701 2524 822 2571 Exhonera

59 2588 215 2636 conscientiam
227 2597 288 2632 tuam
300 2595 322 2631 et
333 2584 401 2630 deum
413 2585 483 2647 magis
496 2584 558 2641 time,
570 2602 637 2650 quarn
648 2586 757 2635 homines.

107 2653 178 2698 Exilit
197 2668 251 2713 ergo
270 2660 373 2703 sanctus;
393 2658 416 2693 et
434 2650 568 2695 salutaribus
584 2653 675 2697 monitis
691 2655 896 2707 christianosFol.23

59 2717 196 2781 aggreditur,
206 2714 327 2776 prohibens
338 2711 429 2770 bellum,
438 2713 573 2759 denuntians
584 2731 664 2761 casum.
694 2714 731 2763 Fit
741 2719 822 2764 veritas

59 2782 82 2828 in
101 2779 207 2834 fabulam,
222 2778 384 2825 induraverunt
405 2792 528 2823 corsuum
548 2789 570 2823 et
587 2778 711 2826 noluerunt
729 2781 821 2830 adverti.
