1919 3169
126 130 154 172 86
315 127 512 173 TRACTATUS
531 128 705 174 SECUNDUS

125 234 289 271 commorantes
297 225 328 270 ita
335 224 427 271 vivendi
435 224 578 272 modumsibi
586 235 755 282 statuerant,ut
763 225 837 273 media
845 242 896 289 pars

126 290 255 337 domesticis
274 288 331 335 curis
352 289 486 347 intenderet,
504 291 578 338 media
597 291 781 352 contemplationi
800 302 894 338 vacaret.

127 355 182 403 Hoc
204 356 273 404 modo
295 353 394 418 qualibet
415 355 540 403 ebdomada
561 356 585 402 in
607 355 804 420 contemplativam
825 356 897 404 activa

128 420 235 466 transibat
262 429 285 465 et
305 420 508 481 contemplantium
530 423 595 483 quies
615 422 642 466 ad
669 422 773 467 laborum
794 423 897 467 exercitia

128 483 261 533 recurrebat.

176 551 220 596 Die
231 548 328 613 quadam
342 549 415 610 posita
431 567 514 609 mensa,
531 550 642 613 signoque
658 551 744 597 vocatis
760 548 895 607 absentibus,

129 631 206 660 omnes
228 624 302 675 preter
321 629 394 659 unum
416 615 560 669 conveniunt,
581 616 621 677 qui
643 616 671 660 de
693 616 896 677 contemplantibus

128 690 189 734 erat3
206 688 258 739 post
269 678 446 739 expectationem
461 677 623 741 aliquantulam
637 678 684 723 itur
695 679 722 723 ad
735 680 819 736 cellam,
831 688 858 724 ut
869 679 897 724 ad

129 758 229 787 mensam
245 752 347 799 vocetur,
364 757 416 787 curn
433 742 561 803 profusiore
579 742 617 788 ille
635 758 714 789 mensa
731 743 897 791 refitiebatura

68 851 69 854 ,
129 807 230 854 domino.
263 805 378 870 Siquidem
394 805 458 853 humi
476 816 601 869 prostratus
617 806 641 852 in
662 806 747 862 faciem,
760 807 784 854 in
801 807 897 854 modum

130 872 203 920 crucis
213 872 323 934 reperitur
334 881 445 929 extensus,
457 888 497 918 nec
511 872 618 929 anhelitu,
630 888 669 918 nec
681 883 747 919 motu
757 873 820 936 quod
832 872 898 919 virus

130 948 186 983 esset
196 953 309 997 apparens.
343 936 445 983 Ardebat
460 938 489 983 ad
500 947 567 997 caput
577 938 625 983 eius
641 947 663 982 et
674 938 741 998 pedes
757 937 836 984 binum
847 954 898 985 can-

131 1000 255 1059 delabrum,
268 1017 312 1063 que
328 998 399 1046 rutilo
415 999 505 1064 fulgore
520 999 596 1047 cellam
608 1000 666 1046 miro
679 1001 749 1046 modo
764 1001 898 1047 lustrabant.

131 1066 265 1115 Dimictitur
276 1066 300 1111 in
316 1082 375 1128 pace,
388 1082 415 1112 ne
426 1066 515 1112 molesti
524 1075 597 1112 essent
609 1065 717 1122 unctioni,
729 1082 757 1112 ne
767 1067 900 1113 suscitarent

131 1131 246 1189 dilectum,
261 1147 381 1194 quousque
398 1131 446 1193 ipsa
462 1131 536 1178 vellet.
570 1132 691 1178 Rimantur
709 1132 803 1193 proinde
819 1132 899 1178 fratres

131 1212 171 1257 per
182 1196 234 1240 celle
245 1195 356 1240 foramina
371 1205 453 1240 stantes
470 1205 522 1255 post
539 1196 646 1255 parietem
665 1205 688 1240 et
704 1196 844 1255 respicientes
860 1212 900 1257 per

132 1258 246 1306 cancellos.
275 1257 340 1309 Quid
351 1258 432 1320 plura?
460 1259 524 1304 Dum
535 1275 591 1315 eam,
603 1274 647 1321 que
658 1257 771 1304 habitabat
782 1260 805 1304 in
820 1259 899 1315 hortis,

131 1324 282 1371 auscultarent
297 1322 369 1380 amici,
380 1323 463 1379 subito,
474 1322 560 1370 lumine
576 1323 710 1385 disparente,
721 1323 780 1369 redit
796 1323 865 1369 frater
875 1323 900 1369 in

132 1389 263 1445 hominem;
286 1387 360 1451 surgit
378 1387 483 1451 protinus
499 1398 522 1434 et
541 1388 569 1434 ad
585 1404 685 1434 mensam
703 1389 794 1434 veniens
811 1387 899 1450 culpam

132 1454 187 1500 dicit
203 1453 231 1499 de
248 1469 317 1500 mora.
352 1452 394 1508 Sic,
411 1453 491 1515 inquid
510 1452 547 1498 ille
566 1453 687 1514 hyspanus,
704 1453 728 1499 in
749 1463 808 1499 terra
824 1463 901 1499 nostra

132 1519 214 1565 evenit.

181 1582 235 1629 Non
246 1597 269 1629 se
282 1589 370 1643 poterat
380 1596 420 1644 per
430 1580 514 1644 gaudio
525 1595 601 1643 capere
611 1589 700 1627 sanetus
716 1580 846 1627 Franciscus
862 1580 901 1627 tali

132 1664 246 1712 respersus
256 1647 354 1693 filiorum
365 1647 435 1694 odore
445 1662 451 1702 ;
468 1645 544 1693 subito
555 1646 650 1693 surrexit
665 1647 688 1692 in
704 1645 794 1694 laudem
805 1657 828 1693 et
839 1646 902 1710 quasi

133 1714 174 1760 hec
190 1714 238 1761 sola
256 1712 297 1758 sibi
317 1711 388 1774 gloria
404 1711 469 1768 foret,
488 1711 565 1757 audire
583 1710 641 1757 bona
657 1711 686 1757 de
702 1710 816 1769 fratribus,
831 1712 902 1774 plenis

134 1778 244 1824 eructavit
265 1775 401 1822 visceribus:
425 1776 513 1821 Gratias
534 1775 575 1820 tibi
596 1792 646 1838 ag0,
665 1776 756 1821 domine
776 1792 901 1837 pauperum

134 1841 281 1887 sanctificator
292 1850 315 1885 et
325 1849 406 1896 rector,
418 1839 458 1902 qui
468 1856 504 1884 me
516 1838 543 1884 de
554 1839 662 1885 fratribus
677 1839 732 1885 meis
742 1838 781 1885 tali
792 1839 902 1885 letificasti

135 1907 221 1953 auditu.
255 1905 358 1961 Benedic,
370 1920 455 1967 precor,
464 1903 515 1949 illos
525 1902 604 1949 fratres
614 1903 770 1949 benedictione
781 1904 903 1966 largissima

135 1981 158 2018 et
166 1986 249 2028 ornnes,
258 1969 297 2033 qui
308 1968 414 2032 perbona
424 1969 526 2031 exempla
535 1967 635 2016 redolere
645 1967 731 2015 faciunt
741 1968 903 2033 professionem

135 2052 206 2091 suam,
217 2036 278 2081 dono
289 2035 398 2095 spirituali
408 2034 524 2080 sanctifica.

38 2195 133 2237 [n-cmV]
175 2185 261 2249 Contra
274 2185 333 2228 male
346 2185 370 2227 in
383 2184 534 2247 heremitoriis
547 2186 691 2228 romorantes
703 2187 726 2228 et
740 2183 800 2237 qnod
813 2183 903 2228 volebat

137 2251 213 2283 omma
226 2250 278 2283 esse
292 2249 427 2282 communia.
896 2247 898 2250 ’

185 2328 278 2412 [licet
289 2355 341 2400 hinc
352 2355 421 2399 sancti
432 2356 547 2401 caritatem
559 2355 696 2410 noverimus,
707 2371 750 2417 que
767 2357 905 2418 congaudere

48 2434 87 2476 Fol.
97 2421 202 2483 31t⁰iubet
213 2419 347 2469 successibus
357 2419 498 2475 dilectorum,
510 2418 560 2464 illos
570 2428 653 2477 tamen,
664 2418 703 2482 qui
717 2420 740 2464 in
756 2419 906 2465 heremitoriis

140 2488 277 2535 dissimiliter
287 2486 374 2541 vivunt,
387 2502 432 2531 non
443 2501 522 2547 parum
537 2484 648 2531 credimus
663 2484 802 2548 redargutos.
835 2485 906 2532 Multi

139 2554 199 2600 enim
206 2552 281 2600 locum
292 2549 486 2612 contemplationis
497 2559 632 2598 convertunt
640 2551 662 2596 in
675 2550 748 2596 otium
759 2560 782 2597 et
792 2551 907 2598 heremiti-

139 2633 190 2663 cum
206 2619 284 2673 ritum,
296 2615 323 2661 ad
340 2615 465 2659 animarum
484 2616 605 2676 profictum
621 2616 740 2660 inventum
757 2616 779 2659 in
796 2617 905 2660 sentinam

139 2680 277 2729 transferunt
287 2677 418 2742 voluptatis.

188 2748 287 2793 Monens
303 2745 394 2806 insuper
410 2744 438 2790 ad
454 2744 583 2790 charitatem
605 2742 683 2789 beatus
699 2743 836 2802 Franciscus,
853 2744 907 2791 affa-

140 2811 249 2858 bilitatem
259 2820 282 2857 et
294 2809 440 2856 domesticam
455 2808 628 2855 familiaritatem
645 2808 758 2855 ortabatur
774 2809 906 2857 ostendere:

140 2878 207 2933 Volo,
224 2875 311 2937 inquid,
326 2885 352 2920 ut
368 2873 447 2919 fratres
463 2874 507 2920 mei
524 2874 581 2919 filios
597 2874 698 2920 eiusdem
714 2876 792 2920 matris
805 2876 907 2922 ostendat
