1919 3169
274 90 434 137 Lucanos
454 87 610 151 nurroua
798 105 827 151 43

60 186 136 248 potius
154 195 231 231 nostra
247 187 356 232 mentitur
374 185 487 248 iniquitas.
527 185 587 231 Ecce
601 185 669 241 enim,
678 186 728 231 luce
745 184 825 230 clarius

61 250 180 298 innotescit
191 261 213 299 et
225 251 303 299 crescit
314 251 337 298 in
348 250 402 298 dies.

158 394 312 441 ennumquam
349 377 417 422 etiam
457 377 497 422 hec
537 376 687 439 ingeminabat
730 387 873 428 sanctustr-J]

62 442 181 493 Quantum
192 443 271 488 fratres
286 440 430 488 declinabunt
446 457 458 485 a
474 450 611 502 paupertate,
623 450 712 486 tantum
727 441 827 486 mundus

61 505 182 553 declinabit
198 507 226 552 ab
243 506 274 552 eis
290 516 313 551 et
329 515 431 569 querent‚
442 504 522 569 inquid
539 514 562 550 et
578 521 625 550 non
639 504 772 562 invenient;
788 505 827 551 sed

61 572 79 617 si
96 572 212 618 dominam
229 587 304 617 meam
322 580 477 633 paupertatem
492 568 603 633 complexi
622 569 712 625 fuerint,
728 571 827 616 mundus

62 653 101 682 eos
118 637 210 693 nutriet,
221 637 274 700 quia
291 635 377 681 mundo
394 635 440 681 dati
451 635 541 681 suntad
553 635 653 680 salutem.
687 635 719 681 Et
730 635 826 682 iterum:

62 702 231 748 Commercium
247 711 281 747 est
303 701 361 746 inter
382 701 495 746 mundum
517 710 539 745 et
562 698 658 755 fratres;
682 699 765 747 debent
785 701 827 762 ipsi

62 766 149 810 mundo
172 765 258 810 bonum
275 765 413 824 exemplum,
427 764 493 810 debet
512 765 610 810 mundus
627 764 658 808 eis
675 765 827 825 provisionem

63 827 227 874 necessitatum.
261 827 361 879 Quando
376 828 417 890 ipsi
435 827 568 873 retraxerint
587 826 672 873 bonum
690 828 908 892 exemplum,F01,411

63 893 106 940 fide
117 894 219 951 mentita,
229 892 327 940 retrahet
337 893 437 939 mundus
447 908 527 939 manus
534 892 599 956 juxta
610 908 710 940 censura.

110 959 240 1020 Paupertati
264 975 343 1004 cavens
365 958 434 1003 homo
456 958 492 1003 dei
514 956 683 1004 multitudinem
705 957 827 1015 metuebat,

63 1039 131 1084 quam
148 1023 189 1069 etsi
207 1039 253 1068 non
270 1038 313 1079 res,
324 1032 399 1068 tamen
416 1022 498 1083 species
510 1022 604 1067 divitem
621 1032 750 1078 monstrat3
767 1023 828 1068 unde

63 1085 166 1132 dicebat:
191 1087 213 1130 Ο
235 1086 253 1130 si
275 1086 323 1130 fieri
345 1095 426 1146 posset,
449 1085 538 1146 poterit,
560 1085 659 1148 inquam,
682 1096 708 1130 ut
729 1086 829 1130 mundus

63 1166 152 1212 perraro
163 1150 242 1196 fratres
253 1150 350 1196 minores
361 1150 467 1211 aspiciens
482 1150 593 1211 paucitate
609 1150 703 1197 miretur
715 1151 720 1196 l
755 1151 827 1197 Indis-

63 1214 153 1261 solubili
173 1216 247 1278 itaque
265 1213 357 1262 vinculo
375 1215 467 1261 domine
488 1214 625 1276 paupertatis
646 1232 760 1261 connexus
782 1232 828 1261 non

63 1290 196 1340 presentem,
216 1280 255 1325 sed
277 1279 377 1324 futuram
399 1280 447 1340 ejus
468 1278 546 1324 dotem
568 1289 677 1339 expectat.
721 1279 828 1337 Psalmos‚

63 1342 103 1405 qui
121 1352 275 1404 paupertatem
292 1351 378 1399 sonant,
398 1351 424 1387 ut
440 1340 513 1386 illud:
540 1342 651 1387 Patientia
667 1358 789 1404 pauperum
806 1353 829 1388 et

63 1406 154 1453 videant
171 1422 286 1468 pauperes,
303 1416 326 1452 et
342 1405 449 1462 letentur,
466 1404 598 1453 ferventiori
616 1406 697 1453 affectu
716 1418 739 1453 et
758 1407 830 1454 letiori

64 1470 135 1517 iubilo
146 1470 281 1517 decantabat.

290 1615 324 1656 De
338 1614 436 1665 petenda
448 1613 608 1664 heleemosyna

110 1699 157 1785 P
159 1741 205 1777 ater
218 1741 305 1776 sanctus
317 1730 423 1776 utebatur
434 1730 596 1791 heleemosynis
606 1731 721 1777 hostiatim
738 1734 863 1793 quesitisffi]

66 1795 139 1839 multo
160 1794 274 1851 libentius,
294 1810 361 1857 quarn
383 1793 481 1848 oblatis;
509 1795 665 1839 verecundiam
689 1795 830 1840 mendicandi

65 1859 170 1905 inimican
187 1858 253 1905 saluti
272 1857 364 1915 dicebat,
383 1858 540 1905 verecundiam
562 1858 586 1904 in
607 1859 763 1916 mendicando,
782 1861 830 1906 eam

66 1941 110 1987 que
132 1923 212 1985 pedem
234 1939 281 1968 non
300 1922 399 1979 retrahit,
419 1933 517 1969 sanctam
537 1940 582 1970 esse
600 1924 748 1980 confirmans;
772 1926 830 1972 nasci

66 1988 170 2033 ruborem
182 1989 205 2033 in
216 1997 291 2033 tenera
301 1986 376 2032 fronte
392 1987 503 2042 laudabat,
516 1986 598 2033 tiinore
614 1989 724 2034 confundi
735 2006 781 2035 non
792 1991 830 2036 ita.

66 2051 245 2114 Nonnumquam
257 2066 309 2096 suos
321 2050 348 2096 ad
359 2051 479 2111 petendam
490 2050 669 2113 heleemosynam
680 2052 779 2109 hortans,
789 2054 831 2099 hiis

66 2115 173 2162 utebatur
190 2114 280 2163 verbis:
308 2114 348 2171 lte,
360 2115 448 2178 inquid,
460 2114 567 2179 quoniam
584 2116 623 2163 hac
641 2116 762 2163 novissima
777 2118 832 2165 hora

66 2179 145 2227 fratres
163 2181 261 2226 minores
282 2180 419 2225 commodati
441 2190 494 2226 sunt
515 2181 611 2237 mundo,
631 2192 657 2227 ut
675 2181 739 2228 electi
761 2185 832 2230 ineis

66 2244 192 2308 compleant
218 2244 279 2291 unde
306 2262 318 2290 a
351 2244 424 2290 iudice
457 2245 658 2292 commendentur:
694 2247 766 2299 Quod
793 2248 832 2294 uni

66 2310 149 2354 fecistis
172 2326 200 2353 ex
216 2308 322 2354 fratribus
341 2309 397 2352 meis
415 2309 546 2364 minoribus,
563 2310 631 2354 michi
650 2310 749 2365 fecistis3
772 2313 833 2358 unde

66 2373 228 2435 privilegiatam
254 2389 266 2416 a
287 2387 370 2433 magno
392 2372 501 2434 propheta
525 2372 610 2417 dicebat
631 2373 771 2437 religionem,
793 2376 833 2438 qui

67 2438 160 2483 titulum
182 2436 280 2483 nominis
301 2436 349 2482 eius
370 2445 417 2480 tam
438 2437 555 2483 evidenter
578 2439 691 2501 expressit.
732 2439 833 2503 Ideoque

67 2502 157 2549 volebat
179 2500 257 2548 fratres
278 2517 324 2547 non
346 2499 418 2545 solum
440 2502 463 2546 in
480 2501 613 2559 civitatibus,
631 2503 670 2549 sed
691 2502 715 2549 in
736 2504 832 2550 heremis

67 2582 216 2621 commanere,
241 2576 267 2611 ut
292 2564 376 2611 cunctis
400 2566 500 2611 merendi
527 2566 661 2613 tribueretur
688 2569 780 2615 materia
808 2580 831 2615 et

67 2629 215 2676 excusationis
231 2628 332 2675 velamen
348 2627 448 2690 reprobis
463 2629 590 2676 tolleretur.

100 2726 187 2818 ¹:Qec
203 2756 241 2805 vel
257 2757 326 2805 semel
340 2765 437 2804 sanctam
454 2756 517 2804 illam
531 2774 635 2820 sponsam
646 2759 777 2817 offenderet,
789 2761 882 2811 hecto-J]

68 2822 138 2869 facere
160 2822 240 2868 solitus
261 2832 307 2867 erat
330 2838 407 2867 servus
428 2822 515 2867 excelsi.
549 2824 571 2868 Si
591 2824 681 2884 quando
697 2825 832 2871 invitatusa
