1919 3169
144 138 185 183 172
330 124 530 172 TRACTATUS
546 125 722 174 SECUNDUS

139 220 255 267 restitutio
266 221 371 277 sanitatis,
384 221 423 267 sed
440 221 563 267 mirabilior
573 221 675 285 dignatio
685 221 792 286 Virginis,
805 238 850 285 que
861 232 907 269 tam

140 286 261 348 dignanter
277 296 300 333 et
319 286 408 333 infirmo
428 286 514 334 homini
533 287 691 335 condescendit
710 298 733 334 et
749 288 819 335 sancti
836 288 907 335 nostri

141 352 220 397 merita
231 351 367 399 sublimavit.
902 392 904 395 ,

125 438 127 443 v
189 415 322 462 Succurrere
333 415 397 461 novit
405 415 441 459 hic
448 424 538 464 sanctus
547 415 652 460 omnibus
659 415 814 461 invocantibus
825 416 905 476 ipsum,

141 496 182 525 nec
203 481 338 543 dedignatur
360 480 479 526 hominum
501 479 668 544 qualescunque
689 482 836 526 necessitates.
880 481 907 526 ln

141 545 240 606 Yspania
261 546 321 608 apud
342 555 445 591 sanctum
468 546 611 603 Facundum,
632 546 668 592 vir
689 546 782 608 quidam
805 552 906 592 cerasum

143 609 237 657 habebat
257 611 280 656 in
299 619 357 665 orto,
378 626 422 672 que
439 609 519 655 uberes
536 626 563 655 ex
581 626 603 656 se
621 608 710 656 fructus
727 611 843 657 annuatim
854 627 908 672 pro-

142 675 227 719 ducens
246 672 327 720 cultori
346 673 475 735 proficiebat
494 674 522 719 ad
540 674 638 719 lucrum.
671 675 785 736 Tempore
806 676 907 736 quodam

143 738 252 786 desiccata
274 749 307 784 est
329 737 395 785 arbor
414 749 436 784 et
455 756 467 785 a
487 737 598 785 radicibus
617 736 719 785 arefacta.
739 739 830 792 Quam
849 740 905 787 dum

144 803 212 850 vellet
234 803 346 851 succidere
368 804 481 860 dominus,
503 820 531 849 ne
553 814 635 849 terram
658 804 754 851 ulterius
781 815 906 866 occuparet,

144 871 246 915 monitus
268 887 280 915 a
301 869 376 914 vicino
399 880 424 914 ut
446 886 495 914 eam
517 868 583 914 beato
607 869 725 915 Francisco
747 870 908 926 commicteret,

144 934 252 978 concessit
263 932 400 993 hocipsum.
434 932 499 976 Miro
516 932 586 993 igitur
604 932 673 978 modo
691 943 769 978 contra
787 948 849 993 spem
867 949 908 979 suo

144 1009 245 1059 ternpore
266 995 342 1054 viruit,
364 996 448 1050 floruit,
472 994 576 1041 fronduit
598 995 737 1058 fructusque,
755 997 813 1042 sicut
834 996 907 1043 fuerat

144 1073 256 1119 consueta,
276 1061 390 1123 produxit.
425 1062 495 1108 Unde
514 1071 605 1123 propter
623 1062 679 1107 tanti
696 1061 796 1109 miraculi
812 1063 907 1124 gratiam

144 1128 259 1173 annuatim
281 1125 370 1171 fructus
391 1126 439 1170 eius
460 1125 568 1170 fratribus
589 1126 729 1173 transmictit.
765 1127 825 1171 Cum
846 1127 907 1188 apud

144 1192 248 1238 Villesios
270 1190 415 1252 quorundam
437 1191 548 1235 vermium
570 1200 632 1250 peste
653 1191 718 1236 vinee
740 1191 874 1247 lederentur,
895 1210 908 1237 a

144 1257 244 1318 quodam
255 1256 284 1301 de
295 1255 373 1300 ordine
384 1253 553 1299 Predicatorum
565 1253 636 1300 incole
648 1253 765 1299 consilium
776 1271 819 1316 pro
829 1255 908 1300 huius-

144 1320 206 1366 modi
218 1320 286 1383 pestis
298 1318 396 1364 remedio
408 1318 529 1381 petierunt.
553 1317 602 1369 Qui
611 1335 663 1364 cum
671 1318 729 1364 duos
737 1329 824 1365 sanctos
833 1320 909 1382 quales

144 1386 227 1432 vellent
238 1386 330 1432 doceret
341 1384 423 1446 eligere
434 1401 458 1430 ac
470 1395 529 1430 sorte
541 1401 614 1430 unum
625 1384 693 1429 exeis
704 1386 732 1431 ad
743 1386 908 1432 removendum

143 1461 228 1511 pestem
248 1448 327 1494 habere
345 1459 475 1509 patronum,
486 1458 588 1493 sanctum
607 1449 751 1494 Franciscum
768 1459 791 1493 et
805 1460 907 1495 sanetum

143 1515 298 1568 Dominicum,
316 1512 438 1575 elegerunt.
478 1513 550 1557 Missa
567 1512 662 1571 proinde
680 1527 728 1558 sors
745 1513 824 1558 cecidit
841 1528 908 1574 super

144 1591 248 1626 sanctum
268 1577 429 1633 Franciscum3
446 1588 468 1622 et
486 1577 515 1622 ad
534 1593 574 1622 sua
593 1576 697 1640 suffragia
718 1576 848 1623 hominibus
868 1578 907 1625 de-

144 1643 237 1702 volutis,
256 1642 332 1689 statim
355 1642 428 1687 omnis
450 1641 575 1702 pestilentia
594 1641 660 1704 fugit.
694 1642 772 1703 Ipsum
791 1653 907 1704 propterea

144 1709 232 1768 speciali
243 1707 367 1752 reverentia
378 1706 456 1750 colunt
466 1715 489 1749 et
499 1721 567 1750 suum
584 1707 687 1751 ordinem
703 1707 819 1750 affectione
831 1709 908 1752 multi-

145 1772 196 1834 plici
220 1780 360 1817 venerantur.
405 1769 465 1814 Nam
488 1779 510 1814 et
532 1769 627 1830 singulis
651 1769 715 1814 annis
737 1787 778 1831 pro
799 1771 907 1817 miraculo

145 1838 262 1884 vinearum
273 1835 430 1881 transmittunt
440 1832 547 1880 fratribus
558 1834 604 1879 vini
616 1833 760 1881 elemosinam
771 1836 894 1896 specialem.

194 1903 261 1949 iuxta
271 1900 396 1946 Palentiam
415 1899 515 1945 sacerdos
533 1899 625 1961 quidam
642 1899 751 1946 horreum
768 1899 861 1948 habebat
879 1902 907 1948 ad

145 1968 248 2014 triticum
259 1964 445 2019 conservandum,
457 1965 520 2027 quod
536 1964 560 2009 in
576 1964 697 2011 sacerdotis
713 1965 837 2027 dampnum
849 1983 908 2029 quo-

145 2031 200 2075 libet
221 2047 280 2075 anno
301 2028 484 2091 gurgulionibus,
506 2028 620 2072 vermibus
644 2028 727 2073 scilicet
748 2029 908 2087 frumentariis,

145 2094 277 2157 replebatur.
313 2092 417 2155 Cumque
433 2091 534 2137 sacerdos
550 2101 615 2138 tanto
631 2092 780 2139 conturbatus
790 2093 908 2154 dispendio

146 2160 272 2206 remedium
283 2157 376 2218 aliquod
391 2156 505 2217 cogitaret,
518 2155 583 2202 beato
599 2157 718 2202 Francisco
734 2157 908 2205 custodiendum

144 2225 253 2270 horreum
264 2222 391 2284 assignavit.
415 2220 471 2272 Quo
479 2220 539 2266 facto
548 2230 599 2283 post
607 2221 723 2267 modicum
731 2233 793 2268 extra
801 2222 908 2270 horreum

147 2304 224 2335 omnes
235 2286 370 2335 vermiculos
385 2295 533 2347 congregatos
544 2295 566 2330 et
577 2296 681 2330 mortuos
695 2287 783 2348 reperit,
796 2303 835 2332 nec
847 2289 908 2334 ultra

146 2363 233 2416 pestem
244 2350 399 2399 huiuscemodi
416 2348 536 2395 tolleravit.
569 2349 675 2395 Sacerdos
691 2367 752 2406 vero,
764 2367 806 2413 pro
818 2353 908 2399 exaudi-

145 2421 208 2465 tione
219 2420 317 2465 devotus
328 2428 351 2462 et
362 2432 403 2478 pro
414 2414 522 2461 beneficio
533 2431 579 2460 non
596 2416 705 2478 ingratus,
715 2417 785 2463 sancti
797 2417 908 2465 Francisci

146 2501 223 2531 amore
233 2482 313 2545 prebet
324 2483 352 2528 de
363 2480 441 2526 tritico
452 2480 586 2542 pauperibus
597 2497 695 2527 annuam
705 2482 841 2542 pensionem.

195 2545 347 2608 Temporibus
358 2545 401 2590 illis
412 2545 503 2605 quando
514 2544 638 2590 brucorum
647 2545 725 2590 odiosa
733 2547 802 2606 pestis
810 2562 907 2608 regnum

146 2613 229 2675 Apulie
248 2609 382 2665 devastavit,
393 2607 500 2654 dominus
520 2607 637 2654 cuiusdam
654 2609 725 2667 castri,
744 2610 806 2673 quod
822 2610 907 2658 dicitur

147 2677 280 2732 Petramala,
298 2675 363 2721 beato
382 2673 502 2721 Francisco
519 2683 602 2719 terram
619 2690 682 2719 suam
700 2675 830 2736 suppliciter
847 2693 909 2722 com-

147 2743 268 2789 mendavit.
303 2740 357 2790 Que
376 2738 462 2783 meritis
481 2738 550 2783 sancti
570 2755 582 2783 a
601 2738 716 2784 maledicta
737 2749 799 2801 peste
820 2742 909 2802 penitus

146 2807 274 2868 indempnis
291 2804 406 2859 remansit,
425 2818 482 2848 cumv
494 2813 569 2848 tamen
587 2802 610 2848 in
628 2803 723 2850 circuitu
742 2804 818 2852 omnia
836 2816 909 2853 essent

146 2871 245 2938 predicta
255 2868 382 2934 pestilentia
392 2868 506 2916 devorata.
