1919 3169
255 126 455 174 TRACTATUS
471 125 646 172 SECUNDUS
796 142 824 171 *11

65 226 104 287 qui
112 225 167 270 licet
178 226 219 271 sibi
231 225 318 272 tedium
331 239 376 268 non
390 237 485 284 parvum
502 223 612 285 ingereret
628 231 650 267 et
666 221 790 280 horrorem,
801 239 829 268 ne

62 300 140 338 tamen
149 291 220 335 uelud
232 288 331 335 mandati
342 298 492 348 transgressor
503 288 554 332 date
564 286 617 333 fidei
628 286 742 347 frangeret
759 303 830 331 sacra-

61 351 174 409 mentum,
186 354 214 400 ad
224 350 416 400 deobseulandum
427 367 486 409 eum,
497 367 556 413 equo
564 349 646 412 lapsus,
655 349 757 396 accurrit.
781 350 828 396 Cui

66 434 117 464 cum
129 434 221 466 manum
233 416 295 482 quasi
313 415 398 479 aliquid
411 426 540 479 accepturus
549 415 659 478 leprosus
676 415 829 477 protenderet,

64 483 181 543 pecuniam
208 500 260 529 cum
290 481 383 527 obsculo
409 482 538 542 reportavit.
584 482 616 527 Et
643 480 719 525 statim
746 496 830 543 equum

65 547 184 594 ascendens
197 558 220 594 et
231 548 275 594 huc
290 556 313 592 et
329 545 383 592 illuc
394 563 417 592 se
428 556 566 601 convertens,
578 563 630 592 cum
644 562 735 606 campus
746 555 831 606 pateret

66 611 165 674 undique
182 612 250 668 liber,
274 609 341 655 nullis
362 610 454 655 obiectis
476 610 602 668 obstaculis,
624 609 738 671 leprosum
765 609 830 654 illum

66 676 159 722 minime
173 676 237 722 vidit.
271 675 438 721 Ammiratione
455 675 507 721 inde
523 677 620 737 repletus
637 684 659 720 et
676 674 767 737 gaudio,
776 683 830 736 ,post

66 740 113 785 dies
134 756 216 801 paucos
241 756 297 802 opus
321 739 393 785 simile
414 739 485 784 facere
512 749 580 785 curat.
624 739 663 784 Ad
689 739 830 801 leprosorum

67 803 192 850 habitacula
207 805 281 850 tendit
291 814 314 849 et
327 805 416 865 leproso
427 801 547 866 unicuique
564 804 616 849 data
626 803 726 865 pecunia,
737 818 831 848 manum

66 868 157 913 illorum
179 868 308 913 obsculatur
329 878 352 912 et
373 868 471 913 buccam.
513 868 548 912 Sic
569 884 642 912 amara
663 883 705 929 pro
727 866 831 916 dulcibus

67 933 137 979 sumit
147 942 170 978 et
181 933 312 979 naturaliter
324 933 351 979 ad
361 933 448 996 reliqua
458 933 565 979 servanda
576 948 599 978 se
609 941 679 994 parat.

82 1099 87 1107 .
99 1046 141 1107 'De
150 1021 258 1141 inpatgine
267 1045 370 1088 crucifixi
379 1056 424 1098 que
433 1044 476 1088 sibi
485 1045 561 1087 locuta
572 1044 614 1087 fuit
627 1046 651 1087 et
664 1044 749 1085 honore
762 1028 830 1095 quem
836 1052 882 1096 [nv
883 1052 901 1096 J]

68 1110 89 1140 er
98 1110 173 1148 imper
190 1111 198 1139 ι
209 1129 213 1138 .

114 1167 244 1249 mutatus
265 1195 363 1259 perfecte
378 1196 423 1241 iam
445 1196 511 1241 corde
533 1196 557 1240 in
577 1196 641 1241 brevi
664 1196 786 1241 mutandus
808 1205 831 1240 et
862 1201 863 1204 ’

67 1276 167 1323 corpore,
179 1260 278 1308 ambulat
289 1261 324 1307 die
336 1261 432 1325 quadam
443 1261 506 1307 iuxta
516 1260 629 1307 ecclesiam
640 1260 709 1306 sancti
726 1260 831 1315 damiani,

68 1341 111 1387 que
129 1325 175 1371 fere
192 1326 267 1372 diruta
284 1335 330 1371 erat
347 1337 370 1373 et
387 1326 414 1371 ab
432 1326 536 1371 omnibus
554 1326 665 1381 derelicta,
682 1341 761 1387 quam,
779 1341 830 1371 cum

68 1389 148 1450 spiritu
164 1390 265 1447 ducente,
283 1407 347 1436 causa
363 1390 490 1437 devotionis
506 1390 606 1448 intraret,
622 1400 674 1436 ante
692 1390 831 1449 crucifixum,

68 1453 162 1514 supplex
178 1465 200 1500 et
216 1456 319 1510 devotus,
336 1456 486 1516 prosternitur
500 1464 527 1499 »et
546 1454 713 1500 visitationibus
732 1455 832 1516 pulsatus

68 1518 171 1577 insolitis,
188 1518 284 1565 alterum
301 1535 369 1581 quam
390 1519 501 1581 ingressus
522 1518 596 1565 fuerat
617 1537 640 1564 se
661 1519 753 1564 invenit.
787 1519 831 1564 Cui

68 1583 173 1645 protinus
189 1584 220 1631 sic
236 1583 331 1642 affectio,
347 1585 409 1647 quod
425 1595 458 1632 est
474 1602 487 1631 a
502 1583 581 1631 seculis
598 1583 733 1642 inauditum,
750 1600 832 1647 ymago

70 1648 154 1694 Christi
164 1649 262 1696 crucifixi
278 1649 342 1695 labiis
355 1650 441 1713 picture
452 1650 570 1707 deductus,
582 1649 718 1712 colloquitur
728 1665 734 1705 3
752 1666 832 1695 vocans

68 1713 129 1758 enim
150 1714 224 1774 ipsum
248 1732 275 1759 ex
297 1716 394 1769 nomine,
418 1716 538 1769 ancisce,
561 1715 647 1776 inquid,
669 1714 733 1770 vade,
754 1730 833 1774 repara

69 1776 163 1822 domum
179 1794 235 1833 mea,
252 1795 303 1840 que,
320 1787 347 1823 ut
361 1777 442 1836 cernis,
459 1787 507 1824 tota
522 1777 653 1824 destruitur.
678 1807 679 1811 =

116 1841 273 1888 Tremefactus
290 1842 419 1889 Franciscus
435 1852 512 1905 stupet
528 1859 574 1889 non
592 1841 708 1889 modicum
727 1852 750 1888 et
764 1841 832 1904 quasi

69 1905 153 1952 alienus
160 1924 172 1951 a
179 1924 245 1953 sensu
253 1907 348 1953 efficitur
356 1907 379 1952 in
388 1924 496 1955 sermone.
526 1908 564 1953 Ad
573 1906 722 1954 obediendum
732 1916 831 1968 separat,

69 1979 143 2015 totum
154 1988 177 2015 se
193 1973 296 2034 recoligit
311 1972 339 2016 ad
356 1973 493 2018 mandatum.
527 1974 560 2017 At
570 1989 625 2017 vero
635 1972 688 2033 quia
698 1970 832 2015 ineffabilem

69 2034 103 2078 sui
120 2036 269 2081 mutationem
285 2037 398 2097 persensit,
410 2037 473 2099 quod
489 2037 613 2099 exprimere
628 2037 675 2097 ipse
697 2051 742 2080 non
758 2036 877 2096 potuitFol.
889 2045 912 2087 3¹·

70 2099 159 2159 expedit
192 2116 232 2147 nos
264 2101 333 2148 silere.
390 2101 496 2163 lnfigitur
522 2117 549 2147 ex
575 2111 630 2147 tunc
657 2108 744 2146 sancte
761 2100 833 2147 anime

70 2163 168 2210 crucifixi
184 2164 323 2228 compassi0;
345 2175 376 2222 et,
393 2176 419 2211 ut
436 2167 472 2229 pie
493 2166 567 2229 putari
589 2175 674 2229 potest,
694 2164 756 2211 cordi
777 2164 832 2223 eius,

69 2227 121 2272 licet
144 2232 246 2275 nondum
273 2231 339 2285 carni,
362 2233 487 2277 venerande
508 2233 612 2292 stigmata
633 2230 741 2290 passionis
767 2230 833 2274 altius

70 2290 239 2353 imprimuntur,
273 2293 336 2339 Mira
367 2310 403 2339 res
435 2304 458 2341 et
490 2294 572 2341 nostris
604 2293 683 2339 seculis
717 2293 831 2340 inaudita!

71 2356 127 2416 Quis
143 2374 189 2404 non
205 2368 281 2421 stupet
299 2358 327 2404 ad
345 2357 407 2405 ista?
439 2359 496 2421 Quis
515 2358 649 2422 quandoque
668 2357 749 2404 similia
767 2356 833 2404 intel-

70 2420 141 2467 lexit?
187 2424 245 2484 Quis
272 2423 415 2475 Franciscum
442 2425 486 2469 iam
519 2425 649 2470 redeuntem
682 2423 710 2469 ad
738 2423 833 2484 patriam

70 2487 195 2545 apparuisse
217 2487 305 2534 dubitat
330 2487 468 2545 crucifixum,
490 2488 534 2545 cui,
557 2488 628 2536 adhuc
655 2486 742 2533 mundo
769 2486 833 2548 plene

70 2550 167 2595 exterius
177 2568 224 2597 non
234 2561 372 2613 contempte,
384 2569 445 2597 novo
456 2562 478 2597 et
489 2552 592 2599 inaudito
608 2550 723 2609 miraculo,
732 2552 760 2597 de
771 2550 833 2614 ligno

65 2615 140 2674 ‘crucis
150 2615 252 2679 loquitur
263 2617 373 2662 christus?
408 2617 446 2661 Ab
463 2634 488 2662 ea
505 2619 575 2681 igitur
593 2618 647 2662 hora
664 2615 783 2679 liquefacta
800 2626 833 2661 est

71 2679 144 2726 anima
154 2681 210 2738 eius,
222 2692 247 2728 ut
258 2680 351 2729 dilectus
361 2681 381 2727 ei
391 2680 481 2728 locutus
491 2693 532 2729 est.

119 2744 197 2791 Patuit
215 2747 283 2808 paulo
302 2757 352 2809 post
374 2763 436 2792 amor
458 2748 531 2793 cordis
553 2764 591 2809 per
612 2745 706 2791 vulnera
724 2745 832 2807 corporis.

72 2806 165 2869 Nequid
186 2827 213 2855 ex
233 2821 288 2856 tunc
308 2821 426 2872 propterea
449 2812 563 2857 continere
585 2827 597 2856 a
619 2811 680 2865 fletu,
696 2811 770 2855 etiam
791 2809 835 2854 alta

72 2887 126 2917 voce
138 2873 214 2920 christi
225 2876 349 2937 passionem
361 2876 423 2938 quasi
434 2893 509 2922 coram
522 2875 617 2939 positam
628 2873 721 2937 plangit.
754 2873 836 2937 Replet
