1919 3169
129 86 157 129 88
340 86 500 131 LEGENDA
517 87 679 132 GREGORII

129 181 243 226 modicum
255 181 353 234 celebris,
365 182 428 225 cuius
446 197 529 226 nomen
547 197 607 226 nunc
623 181 727 225 existimo
744 178 891 231 reticendum,

129 244 237 307 quoniam
249 243 305 290 dum
314 243 371 291 vivit
379 244 402 288 in
413 259 484 302 carne,
492 262 538 290 non
546 243 597 290 vult
605 253 669 289 tanto
677 242 783 305 preconio
794 240 892 305 gloriari,

129 308 189 357 vidit
199 309 296 356 animam
307 309 438 356 sanctissimi
456 312 525 371 patris
542 320 603 357 recto
614 309 702 356 tramite
713 308 737 354 in
748 307 821 354 celum
838 322 892 352 con-

130 375 234 422 scendere
245 391 311 437 super
322 391 389 436 aquas
400 374 490 422 multas.
524 377 579 423 Erat
596 375 656 422 enim
673 374 735 436 quasi
752 371 822 429 stella,
833 388 892 434 quo-

130 438 252 484 dammodo
259 445 275 469 ³⁰
285 438 339 482 lune
349 439 522 484 immensitatem
538 439 629 495 habens,
640 438 694 482 solis
703 453 758 482 vero
769 446 892 496 utcumque

131 502 228 548 retinens
239 500 390 560 claritatem,a
406 502 501 549 candida
516 503 622 551 subvecta
639 501 771 548 nubeculae
803 498 871 545 Libet
877 506 892 531 ³²

132 577 248 628 propterea
258 567 286 612 de
296 567 346 628 ipso
357 567 387 611 sic
398 567 533 614 exclamare:
568 569 590 613 O
602 583 670 629 quam
686 567 798 628 gloriosus
808 574 842 609 est
852 565 893 609 iste

132 641 226 687 sanctus,
238 631 301 675 cuius
318 631 415 677 animam
430 631 488 677 vidit
505 631 629 693 discipulus
645 632 669 676 in
685 631 758 676 celum
778 628 895 675 ascendere

132 691 224 756 pulchra
243 704 268 740 ut
287 694 349 752 luna,
365 694 434 741 electa
453 705 479 741 ut
498 697 539 752 sol,
555 696 579 741 in
597 695 656 742 nube
675 694 769 741 candida
788 709 840 739 cum
859 709 894 738 as-

133 760 244 816 cenderet,
255 759 416 820 gloriosissime
432 760 536 806 rutilabat
546 760 575 804 1³³
607 761 629 805 Ο
642 775 696 807 vere
707 758 787 805 mundi
797 757 894 813 lucerna,

133 822 179 866 sole
189 823 330 884 splendidius
340 822 417 867 lucens
428 824 451 868 in
458 831 474 854 ³⁴
485 823 562 868 christi
573 823 668 869 ecclesia.
702 823 761 867 Ecce
777 821 821 865 iarn
837 821 895 866 lucis

133 895 173 931 tue
189 886 263 932 radios
273 886 404 932 subtraxisti
414 895 437 931 et
448 887 471 931 in
483 887 520 932 illa
530 887 642 932 luminosa
656 887 726 948 patria
738 885 842 931 secedens
852 900 895 946 pro

133 949 197 996 nobis
217 950 304 997 miseris
321 949 454 1014 angelorum
473 961 496 997 et
514 961 642 998 sanctorum
664 949 814 1014 frequentiam
835 966 897 995 com-

133 1017 240 1063 mutasti!
274 1017 297 1063 Ο
308 1016 402 1078 insignis
412 1017 511 1077 preconii
522 1016 608 1062 almitas
618 1017 722 1079 gloriosa,
735 1014 781 1062 noli
798 1014 896 1061 filiorum

134 1090 156 1124 te
167 1097 219 1125 cura
229 1096 317 1138 exuere,
328 1080 380 1125 licet
391 1092 473 1125 exutus
484 1082 528 1125 iarn
539 1081 569 1125 sis
579 1081 690 1125 consimili
708 1082 785 1124 carne!
820 1079 896 1136 Nosti,

133 1159 210 1191 revera
229 1145 295 1199 nosti,
315 1144 339 1189 in
358 1153 444 1205 quanto
465 1160 504 1190 eos
523 1144 651 1190 discrimine
672 1144 757 1205 positos
778 1143 896 1204 reliquisti,

134 1224 232 1271 quorum
242 1207 330 1255 labores
344 1208 474 1255 innumeros
490 1219 512 1255 et
524 1206 653 1271 frequentes
669 1208 781 1272 angustias
796 1207 842 1254 sola
858 1218 897 1254 tua

133 1273 245 1333 presentia
255 1272 308 1318 felix
319 1273 382 1318 omni
393 1274 447 1318 hora
463 1274 638 1319 misericorditer
653 1273 769 1320 relevabat.
805 1274 827 1318 Ο
844 1288 897 1317 vere

133 1336 259 1382 misericors
276 1347 338 1396 pater
354 1337 500 1392 sanctissime,
511 1337 550 1398 qui
567 1337 711 1398 peccantibus
728 1336 779 1382 filiis
796 1336 896 1381 misereri

134 1416 221 1462 semper
238 1410 260 1445 et
273 1416 362 1462 parcere
373 1399 470 1463 benigne
485 1411 575 1463 paratus
591 1401 654 1446 eras!
688 1400 743 1446 Tibi
760 1416 815 1462 ergo
830 1399 898 1446 bene-

134 1465 237 1523 dicimus,
248 1464 316 1528 digne
323 1470 338 1496 ³⁵
347 1474 416 1526 pater,
428 1466 464 1511 cui
482 1464 596 1512 benedixit
612 1464 742 1523 altissimus,
754 1465 793 1529 qui
811 1480 898 1527 semper

134 1540 167 1575 est
178 1529 235 1576 deus
246 1545 313 1591 super
325 1530 401 1576 omnia
413 1530 548 1576 benedictus.
582 1531 664 1577 Amen.

45 1846 272 1891 tB-V111J1Lamentum
281 1848 377 1888 fratrum
386 1850 422 1889 et¹
431 1847 557 1898 gaudium,2
567 1859 619 1888 cum
629 1859 681 1889 eum
691 1850 809 1890 cernerent
818 1847 899 1899 signa³

282 1900 393 1941 ferentem
402 1900 487 1947 crucis;
501 1903 524 1941 et
534 1900 562 1941 de
571 1900 627 1941 alisi
636 1901 757 1951 seraphim.

171 1987 284 2075 Euctus
295 2024 327 2059 est
345 2023 463 2073 propterea
479 2029 600 2059 concursus
616 2014 753 2075 populorum
771 2013 897 2059 multorum

132 2076 273 2126 laudantium
303 2077 373 2124 deum
393 2094 417 2124 ac
436 2076 574 2125 dicentium:
596 2077 713 2125 Laudatus
729 2089 751 2126 et
767 2076 899 2125 benedictus

132 2153 159 2189 tu
175 2144 268 2190 domine
283 2143 338 2189 deus
355 2152 438 2200 noster,
452 2144 491 2205 qui
509 2142 574 2189 nobis
592 2144 692 2206 indignis
711 2154 757 2190 tam
774 2143 898 2205 pretiosum

133 2208 277 2270 depositum⁵
293 2207 471 2253 commendasti:
494 2208 555 2253 Laus
574 2218 597 2253 et
615 2209 686 2270 gloria
702 2209 730 2254 sit
746 2207 795 2266 tibi,
812 2207 900 2253 trinitas

133 2272 259 2318 ineffabilis.
301 2272 439 2318 Catervatim
457 2273 519 2316 tota⁶
537 2272 615 2318 civitas
633 2273 703 2318 assisii
721 2274 767 2318 ruit
783 2282 807 2318 et
824 2273 899 2317 omnis

134 2336 250 2381 accerlerat
264 2335 340 2398 regio⁷
351 2334 429 2380 videre
445 2335 555 2397 magnalia
571 2335 615 2394 dei,
627 2352 671 2398 que
688 2336 711 2380 in
727 2352 792 2380 servo
809 2337 899 2380 sancto8

134 2415 176 2446 suo
187 2400 284 2464 gloriose
295 2400 423 2445 ostenderat
437 2399 543 2446 dominus
559 2400 685 2447 maiestatis.
719 2400 901 2462 Unusquisque⁹

134 2475 208 2511 autem
235 2464 336 2510 cantabat
362 2464 473 2510 canticum
500 2464 578 2522 letitie,
601 2475 668 2527 prout
690 2465 763 2511 cordis
789 2464 898 2528 gaudium

172 2602 188 2627 ³⁰
202 2597 229 2636 H.
238 2598 273 2635 and
282 2600 320 2636 Ox.
330 2597 459 2647 quoquomodo.
510 2601 525 2626 ³¹
535 2597 563 2636 M.
573 2597 640 2636 nebula.
692 2601 707 2626 3²
721 2597 749 2636 H.
758 2598 815 2636 Licet.

172 2654 188 2677 ³³
203 2651 225 2687 E.
235 2651 269 2686 and
278 2650 306 2688 M.
317 2662 361 2687 raus
370 2661 472 2686 aroxnrro.
575 2653 591 2679 ³4
605 2652 627 2688 L.
637 2651 671 2687 and
680 2653 719 2687 Ox.
728 2652 786 2687 omits.

172 2705 189 2731 ³5
202 2705 235 2740 Os.
244 2704 322 2750 benigne.
349 2704 371 2739 L.
380 2703 414 2751 pie.

174 2754 310 2797 ¹Osomits.
363 2755 417 2791 ²Os.
427 2753 501 2796 omits.
553 2754 715 2805 ³0ssignum.
764 2753 871 2795 sosatii.

172 2807 283 2844 5H.ornits
310 2805 360 2844 ⁶Os.
370 2807 426 2843 omits.
453 2806 500 2844 ⁷W.
510 2806 576 2854 religio.
603 2804 720 2845 ⁸0aumits.
746 2805 878 2856 ⁹M.quisque.
