1919 3169
116 93 146 139 60
330 92 490 139 LEGENDA
506 91 664 154 ANTIQUA

33 249 110 291 [M-VIJ]
161 221 288 303 Predicti
305 247 404 293 Silvestri
420 248 595 303 conversionem,
615 246 711 308 qualiter
729 264 782 293 eum
800 248 829 294 ad
846 248 881 292 in-

116 314 221 362 trandum
242 313 345 361 ordinem
366 312 458 375 spiritus
479 312 583 369 moverit,
606 328 652 358 non
673 312 793 377 indignum
814 313 881 360 credo

115 379 256 440 presentibus
272 378 377 440 copulari.
405 378 510 424 Silvester
526 378 601 441 itaque
617 378 718 424 sacerdos
733 377 807 425 fuerat
820 396 880 424 secu-

43 462 45 464 ·
101 482 102 485 ,
115 443 167 488 laris
178 444 205 489 de
216 443 305 489 civitate
316 441 403 499 Assisii,
415 458 427 486 a
438 458 484 504 quo
495 442 579 503 lapides
596 457 638 503 pro
654 443 776 502 reparanda
791 442 882 488 ecclesia

113 507 230 568 quondam
252 515 335 551 emerat
357 507 426 551 homo
448 506 490 552 dei.
534 506 586 550 Hic.
610 521 661 550 cum
689 507 776 552 videret
797 506 836 551 illo
857 508 881 551 in

115 580 217 634 tempore
237 569 330 615 fratrem
352 570 498 627 Bernardum,
517 570 556 633 qui
575 579 627 632 post
645 580 747 615 sanctum
764 570 800 616 dei
822 570 881 615 min-

115 652 182 682 orum
204 636 289 683 ordinis
308 635 380 696 prima
396 635 496 697 plantula
513 635 564 691 fuit,
582 651 621 680 sua
642 635 740 697 perfecte
757 635 882 699 relinquere

115 718 139 745 ac
150 701 203 747 dare
214 700 356 763 pauperibus,
368 700 440 746 veraci
453 699 576 761 cupiditate
592 716 716 756 succensus,
728 701 789 762 apud
805 701 881 746 virum

116 764 152 809 dei
179 764 208 810 de
237 763 349 824 lapidibus
381 763 436 808 olim
460 763 502 807 sibi
530 763 627 808 venditis
655 774 731 809 movet
760 764 881 826 querelam,

41 832 80 869 Fol.
88 827 179 892 57quasi
191 845 236 876 nou
247 827 372 890 perfectum
383 827 403 873 ei
418 826 516 890 pretium
529 826 628 874 solutum
639 827 745 875 extiterit.
778 828 883 876 Subridet

117 894 263 941 Francischus
284 893 386 939 animum
405 892 525 939 sacerdotis
547 893 664 939 advertens
685 894 777 939 avaritie
795 912 882 941 veneno

115 957 240 1014 infectum;
256 958 295 1003 sed
306 956 449 1019 refrigerium
460 956 580 1002 maledicto
595 957 669 1002 ardori
685 957 776 1019 cupiens
792 968 883 1003 utcum-

116 1040 159 1084 que
180 1032 285 1082 prestare,
303 1038 382 1066 manus
403 1021 451 1066 eius
468 1038 515 1066 non
532 1032 649 1066 numerata
665 1023 782 1080 pecuniam
803 1024 882 1083 replet.

116 1085 212 1131 Gavisus
222 1095 255 1131 est
265 1084 381 1147 presbyter
389 1083 492 1129 Silvester
500 1084 524 1127 in
532 1084 589 1128 datis
599 1099 605 1139 ;
622 1084 661 1128 sed
669 1085 719 1146 plus
727 1085 882 1131 liberalitatem

116 1150 189 1196 dantis
211 1150 312 1205 miratus,
332 1149 426 1195 domum
447 1164 560 1211 regressus
580 1148 664 1194 factum
692 1166 743 1211 sepe
766 1150 882 1214 recogitat,

116 1226 267 1263 senescentem
277 1215 321 1262 iam
340 1232 362 1260 se
380 1213 473 1277 diligere
490 1213 603 1260 mundum
620 1230 737 1261 murmure
753 1214 812 1262 felici
830 1215 883 1263 sub-

116 1290 241 1326 murmurat
263 1290 285 1325 et
307 1280 411 1325 iuvenem
432 1278 504 1335 illum,
521 1295 543 1323 se
565 1289 645 1323 cuncta
665 1279 778 1341 despicere
799 1290 881 1341 stupet.

117 1343 195 1390 Odore
214 1343 275 1389 bono
293 1342 337 1387 iam
354 1342 448 1405 proinde
467 1342 535 1404 pleno
551 1341 703 1388 misericordie
722 1359 760 1388 sue
780 1344 882 1390 Christus

115 1408 187 1471 aperit
195 1408 286 1455 sinum:
302 1407 401 1454 ostendit
407 1423 447 1469 per
454 1407 563 1453 visionem
571 1423 639 1468 opera
646 1407 764 1467 Francisci‚
772 1418 882 1472 quantum

116 1473 211 1529 valeant,
223 1482 306 1537 quanta
316 1488 391 1518 coram
402 1472 451 1533 ipso
462 1471 582 1516 eminentia
592 1470 699 1533 fulgeant,
711 1490 778 1536 quam
794 1474 883 1536 magni-

117 1538 157 1582 fice
168 1547 239 1583 totam
257 1538 336 1582 mundi
353 1537 480 1581 machinam
496 1535 628 1594 compleant.
661 1536 730 1582 Videt
746 1554 842 1598 namque
859 1539 882 1582 in

116 1600 217 1663 sompnis
244 1617 332 1646 crucem
359 1616 448 1645 auream
473 1598 500 1644 de
522 1615 560 1644 ore
584 1598 742 1660 procedentem
765 1600 882 1658 Francisci,

118 1666 182 1711 cuius
200 1666 319 1711 summitas
336 1665 394 1709 celos
411 1662 522 1725 tangebat,
538 1662 602 1708 cuius
620 1662 726 1721 bracchia,
738 1674 842 1725 protensa
859 1667 882 1710 in

117 1730 196 1788 altum,
208 1740 329 1793 utramque
340 1728 421 1774 mundi
431 1738 518 1790 partem
529 1727 675 1789 amplexando
686 1729 810 1791 cingebant.

166 1796 324 1857 Compunctus
334 1794 436 1839 sacerdos
446 1793 470 1837 in
479 1793 529 1837 visu
540 1792 685 1853 dampnosam
694 1796 779 1839 excutit
788 1811 882 1851 moram,

117 1860 215 1921 reliquid
242 1858 362 1913 mundum,
384 1857 428 1904 viri
455 1856 491 1902 dei
518 1855 630 1917 perfectus
657 1856 757 1904 imitator
781 1859 882 1905 efficitur.

118 1924 219 1969 Perfecte
240 1923 276 1968 hic
298 1921 357 1982 cepit
378 1921 401 1966 in
424 1920 502 1966 ordine
524 1920 650 1967 conversari
678 1932 700 1967 et
724 1921 884 1982 perfectissime

118 1987 203 2034 Christi
214 1987 285 2048 gratia
295 1984 444 2031 consumavit.
477 1983 519 2027 Sed
530 1983 586 2046 quid
601 1984 691 2040 mirum,
703 1985 721 2030 si
738 1986 885 2033 Francischus

118 2052 237 2098 crucifixus
256 2050 366 2113 apparuit,
385 2048 421 2094 cui
440 2057 530 2094 tantum
551 2064 638 2110 semper
660 2064 713 2094 cum
735 2066 800 2096 cruce
821 2050 882 2097 fuit?

118 2118 191 2163 Cruce
210 2115 304 2162 mirifica
322 2115 353 2160 sic
372 2113 467 2159 interius
485 2112 587 2167 radicata,
608 2113 664 2175 quid
683 2131 799 2177 magnum,
819 2117 837 2161 si
856 2116 884 2161 de

117 2191 176 2225 terra
186 2180 245 2224 bona
260 2178 361 2222 exoriens
378 2177 451 2231 flores,
466 2176 557 2220 frondes
573 2185 595 2220 et
612 2176 701 2222 fructus
718 2179 813 2238 protulit
831 2195 885 2223 con-

118 2242 246 2306 spectivos?
279 2241 320 2286 Nil
330 2239 422 2286 alterius
438 2239 526 2302 generis
542 2239 566 2283 in
582 2238 620 2284 illa
636 2241 712 2301 potuit
728 2241 799 2305 gigni,
817 2258 884 2306 quam

118 2309 150 2356 ita
160 2308 202 2355 sibi
212 2318 285 2355 totam
294 2323 348 2352 crux
364 2305 402 2351 illa
413 2303 519 2349 mirabilis
530 2322 542 2349 a
553 2304 664 2366 principio
676 2307 810 2354 vendicavit.
843 2308 885 2354 Sed

118 2374 163 2421 iarn
174 2390 235 2420 nunc
243 2372 271 2418 ad
282 2371 397 2417 materiam
407 2370 577 2415 recurrendum.

31 2517 116 2561 [m-vuJ]
164 2481 348 2576 &emptatione
359 2510 459 2572 spiritus,
470 2527 514 2573 que
524 2510 595 2556 carnis
605 2510 719 2557 incentivo
735 2512 840 2559 subtilior
852 2527 886 2562 est

120 2591 143 2627 et
160 2580 230 2641 peior,
247 2577 327 2623 accidit
344 2575 436 2621 fratrem
456 2576 576 2638 quemdam
594 2576 681 2622 diutius
699 2593 746 2622 esse
762 2589 885 2637 vexatum,

121 2645 160 2710 qui
171 2644 262 2690 tandem
273 2642 302 2689 ad
313 2651 416 2687 sanctum
428 2640 587 2687 Francischum
598 2641 696 2697 veniens,
708 2642 736 2688 ad
752 2644 820 2705 pedes
837 2645 886 2692 eius

121 2728 144 2755 se
155 2709 249 2769 proiecit
260 2706 391 2758 humiliter3
409 2705 551 2749 amarissimis
563 2715 639 2764 autem
656 2706 767 2752 inundans
783 2709 886 2769 lacrymis

121 2773 153 2819 nil
165 2772 237 2819 dicere
248 2768 375 2833 prevalebat
385 2767 436 2814 altis
452 2766 589 2830 singultibus
604 2768 742 2830 prepeditus.
775 2771 887 2819 Movetur

121 2839 191 2902 pietas
210 2835 278 2901 patris
299 2834 323 2881 in
345 2849 398 2879 eum
419 2842 442 2878 et
463 2832 567 2895 malignis
587 2832 721 2895 impulsibus
743 2836 885 2884 molestatum
