1919 3169
96 72 127 116 60
280 69 485 118 TRACTATUS
503 69 675 116 SECUNDUS

95 165 181 211 multos
198 172 267 211 annos
284 165 384 211 dehicere
404 180 449 209 non
468 167 543 226 potuit
560 182 629 228 quem
651 167 754 222 tentavit,
776 182 862 212 moram

96 242 205 288 causatur,
217 230 343 278 dummodo
357 228 398 276 sibi
412 230 475 278 cedat
489 230 512 277 in
527 231 576 279 fine,
606 231 661 277 Hoc
677 241 710 277 est
727 232 787 278 enirn
805 238 862 294 opus

95 312 172 356 suum,
183 314 222 343 nec
233 307 267 343 est
278 298 305 343 ad
317 296 358 341 alia
369 297 405 342 die
416 306 528 360 noctuque
542 297 656 342 sollicitus.

8 442 106 483 [n-xevs
170 440 308 492 Exemplum
322 440 396 482 sancti
410 443 490 482 contra
503 441 594 482 nimiam
608 431 798 484 familiaritatem-¹

144 523 269 621 (lontigit
292 558 365 613 semel,
389 574 442 605 cum
463 568 552 605 sanctus
574 558 720 605 Francischus
741 560 862 606 Berianum

96 634 204 686 pergeret,
223 639 262 684 pre
282 622 395 669 debilitate
417 623 500 686 ieiunij,
520 624 547 669 ad
566 632 663 669 castrum
682 625 798 685 pervenire
817 640 862 669 non

95 705 175 749 posse:
192 688 264 734 sotius
281 705 342 744 vero,
356 688 424 733 misso
442 689 524 734 nuncio
541 688 569 734 acl
586 689 707 750 quamdam
724 689 862 750 spiritualem

96 753 216 809 dominam,
229 768 309 813 panem
323 763 345 797 et
356 754 436 798 vinum
449 768 491 813 pro
504 763 580 797 sancto
591 753 706 798 humiliter
718 754 790 814 petiit.
824 754 863 799 Illa

96 827 123 864 ut
134 818 228 875 audivit,
237 834 290 864 curn
301 816 351 874 filia,
360 817 447 880 virgine
459 818 501 864 deo
512 819 599 874 devota,
609 818 708 864 cucurrit
716 819 744 865 ad
753 820 862 878 sanctum,

96 894 187 945 portans
206 900 251 946 que
271 883 389 929 necessaria
411 892 479 929 erant.
514 882 619 929 Refectus
638 894 714 929 autem
733 895 822 930 sanctus
841 894 864 930 et

96 948 262 1020 aliquantulum
278 947 437 1000 comfortatus,
446 947 514 993 verbo
525 948 561 993 dei
573 958 667 993 matrem
680 958 702 993 et
715 949 746 993 fili
740 966 784 994 ram
800 965 864 994 versa

96 1012 144 1058 vice
155 1010 245 1056 refecit·
241 1027 360 1074 cumque
371 1010 506 1073 predicasset
524 1012 614 1066 eisdem,
626 1011 712 1084 nullam
729 1012 825 1073 respexit
840 1012 863 1057 in

96 1075 183 1122 faciem

145 1139 344 1187 Recedentibusl
319 1139 350 1185 ill
345 1158 369 1196 rs,
383 1140 439 1186 dixit
452 1139 523 1186 sotius
537 1140 564 1186 ad
578 1158 646 1187 eum:
665 1141 719 1195 Cur,
730 1140 805 1198 frater,
818 1158 863 1186 non

97 1206 211 1268 respexisti
223 1217 320 1251 sanctam
331 1206 450 1268 virginem,
462 1222 506 1268 que
520 1222 572 1251 cum
589 1216 650 1251 tanta
666 1206 786 1251 devotione
802 1206 865 1252 venit

97 1272 125 1317 ad
146 1273 184 1316 te?
220 1271 265 1316 Cui
287 1281 364 1332 pater:
394 1271 453 1321 Quis
475 1287 522 1315 non
544 1271 634 1316 deberet
655 1271 734 1316 timere
756 1272 864 1332 respicere

97 1350 201 1396 sponsam
213 1334 311 1380 Christi?
347 1334 419 1386 Quod
436 1334 453 1378 si
471 1334 541 1380 oculis
559 1335 687 1395 predicatur
704 1345 725 1380 et
743 1334 805 1392 facie,
817 1335 864 1396 ipsa

97 1418 134 1447 me
145 1400 232 1454 viderit,
246 1416 292 1444 non
308 1416 350 1461 ego
367 1397 435 1444 illam.
461 1399 608 1444 Multotiens
624 1416 678 1444 vero
692 1399 720 1444 de
733 1398 864 1445 huiusmodi

96 1466 192 1527 loquens
209 1462 306 1510 asserbat
323 1463 432 1509 frivolum
451 1481 498 1508 esse
516 1482 582 1508 omne
600 1464 739 1527 colloquium
757 1465 864 1523 mulieris,

97 1540 187 1591 excepta
205 1529 251 1575 sola
269 1528 415 1583 confessione,
432 1527 474 1583 vel,
493 1538 519 1574 ut
536 1528 619 1585 affolet‚
639 1530 763 1575 monitione
781 1529 865 1576 brevis-

97 1595 159 1641 sima,
193 1593 289 1638 Dicebat
300 1594 376 1638 enim:
395 1594 449 1643 Que
462 1604 515 1637 sunt
527 1593 591 1637 fratri
603 1594 691 1638 Minori
705 1610 757 1639 curn
771 1595 865 1639 muliere

97 1657 212 1702 tractanda
223 1657 319 1719 negotia,
332 1657 374 1701 nisi
386 1673 438 1701 cum
450 1667 547 1700 sanctam
558 1657 712 1717 penitentiam,
722 1658 757 1702 vel
769 1658 867 1713 melioris

99 1722 145 1770 vite
156 1721 275 1768 consilium
286 1720 390 1784 religiosa
400 1720 507 1782 petitione
519 1721 633 1783 deposcit?

4 1882 33 1924 [11
33 1881 95 1923 xcv]
140 1877 174 1917 De
197 1874 387 1969 ttemptationibus
407 1874 480 1914 sancti
500 1877 523 1914 et
545 1873 658 1924 quomodo
678 1874 866 1925 temptationibus

100 1939 222 1979 superavr

11 2048 50 2086 Fol.
58 2051 98 2084 11νο
150 2004 329 2094 Grescentibus
340 2036 425 2081 meritis
436 2037 505 2081 sancti
522 2037 639 2092 Francisci,
650 2037 760 2082 crescebat
776 2054 868 2100 quoque

102 2104 212 2152 discordia
231 2119 283 2150 cum
302 2102 395 2164 antiquo
414 2111 531 2162 serpente;
554 2118 605 2146 nam
628 2118 674 2164 quo
695 2103 779 2148 maiora
800 2103 868 2148 huius

102 2170 223 2224 carismata,
240 2167 357 2213 subtiliora
375 2165 436 2210 illius
455 2175 615 2227 temptamenta
633 2176 656 2210 et
677 2168 779 2228 graviora
800 2166 869 2228 prelia

103 2233 259 2280 movebantur.
292 2232 356 2277 Licet
374 2240 449 2276 autem
467 2231 543 2277 virum
560 2230 690 2276 bellatorem
709 2242 731 2277 et
750 2241 868 2277 strenuum

102 2316 153 2360 sepe
179 2298 293 2359 probasset
321 2312 361 2340 nec
384 2296 411 2340 ad
433 2295 511 2340 horam
536 2296 623 2340 cessisse
650 2305 773 2353 remanum,
795 2297 869 2341 adhuc

103 2374 177 2408 tamen
196 2361 289 2423 aggredi
308 2361 389 2404 nititur
407 2375 493 2432 semper
512 2360 644 2405 vincentem.
680 2360 789 2409 Quodam
808 2361 869 2405 enirn

103 2439 203 2503 tempore
218 2425 318 2473 immissa
333 2434 366 2471 est
383 2423 522 2471 sanctissimo
538 2423 596 2487 patri
611 2424 740 2487 gravissima
751 2425 869 2488 temptatio

103 2495 202 2555 spiritus,
224 2492 304 2553 utique
328 2491 356 2535 ad
383 2506 464 2534 corone
490 2500 647 2552 augmentum
690 2491 871 2552 Angustiabatur

103 2558 183 2604 exinde
209 2567 231 2602 et
257 2555 385 2616 replebatur
411 2553 533 2610 doloribus,
561 2554 672 2626 affligebat
698 2564 720 2600 et
747 2555 871 2601 macerabat

105 2637 194 2682 corpus,
212 2620 290 2664 orabat
309 2628 331 2663 et
350 2618 514 2677 lacrymabatur
535 2618 646 2663 acerrime.
681 2618 786 2664 Pluribus
808 2619 871 2664 annis

105 2685 197 2734 taliter
193 2694 346 2747 impugnatus
358 2683 414 2728 dum
430 2699 468 2727 ora
478 2682 514 2728 die
526 2682 640 2746 quadam
635 2699 658 2726 111
674 2693 747 2728 sancta
758 2684 832 2730 Maria
843 2684 871 2730 de

105 2750 252 2814 portiuncula,
265 2765 344 2795 vocem
355 2747 457 2793 audivit
453 2763 476 2792 m
487 2747 585 2809 spiritu:
603 2746 724 2805 Francisce,
737 2765 754 2793 sr
749 2748 871 2795 habueris

105 2817 173 2863 fidem
197 2826 224 2862 ut
248 2831 344 2877 granum
371 2812 459 2873 sinapis,
485 2813 545 2860 dices
569 2813 649 2870 monti,
675 2822 701 2859 ut
725 2824 821 2861 transeat
848 2824 871 2861 et
