1919 3169
256 65 415 111 LEGENDA
432 63 591 110 GREGORII
764 77 806 123 103

44 159 147 205 omniurn
157 161 313 207 membrorum
325 161 429 207 officium
434 177 474 233 per
490 176 575 206 annum
591 158 682 222 penitus
693 158 808 215 amisisset,

44 222 72 268 ad
89 223 237 272 obtinendam
248 226 343 289 gratiam
360 225 461 272 sanitatis
478 225 555 271 nutrix
571 224 620 270 eius
634 239 685 271 cum
704 223 809 286 ymagine

46 304 106 334 cerea
128 287 199 350 ipsam
221 291 248 336 ad
268 290 390 336 beatissimi
411 291 480 351 patris
505 289 607 335 francisci
629 288 744 335 tumulum
770 288 809 333 de-

46 351 151 412 portavit.
198 354 303 417 Cumque
328 353 413 398 ibidem
441 369 481 414 per
505 363 557 398 octo
593 353 680 398 dierum
710 352 808 424 spatium

45 427 179 473 moraretur,
191 418 226 464 die
206 434 281 464 iuna
299 419 329 463 ita
344 417 441 480 propriis
455 416 532 464 usibus
548 417 653 463 restituta
668 426 720 463 sunt
733 415 810 462 omnia

45 481 145 527 membra
172 482 227 540 eius,
258 483 319 544 quod
347 483 374 528 ad
405 482 498 544 pristina
531 481 602 527 officia
633 481 714 527 idonea
744 479 809 526 solita

45 545 187 592 haberetur²³

93 610 161 657 Alius
178 627 270 673 quoque
287 626 344 672 puer
361 610 389 656 de
405 610 548 684 montenigro
565 620 617 656 ante
633 608 692 656 fores
711 579 808 665 ecclesie,

46 672 85 719 ubi
107 675 215 737 requiesci
244 691 324 748 corpus
350 675 443 721 sancti²⁴
470 674 579 733 francisci,
602 691 642 736 per
665 675 741 737 plures
762 673 810 719 dies

46 738 165 797 decubans,
181 739 234 801 quia
250 740 334 786 necire
350 749 447 801 poterat,
464 756 504 784 nec
520 739 603 796 sedere,
620 737 811 801 acinguloinfra

46 803 152 848 omnibus
179 814 227 848 erat
248 804 333 848 viribus
358 813 380 848 et
401 804 555 848 membrorum
582 803 656 848 officio
678 803 809 849 destitutus.

48 865 152 924 Quadam
168 882 224 912 vero
241 866 277 911 die
294 866 379 911 intrans
401 866 522 921 ecclesiam,
541 866 569 911 ad
591 876 676 912 tactum
698 864 810 926 sepulchri

47 928 167 976 beatissimi
194 931 263 992 patris
291 928 392 977 francisci
414 929 475 977 foras
501 946 567 976 sanus
589 941 611 976 et
636 929 756 976 incolumis
777 939 811 975 est

47 1011 167 1056 regressus.
200 994 296 1041 Dicebat
309 1006 386 1042 autem
402 995 512 1057 puerulus
527 995 585 1069 ipse.
594 994 657 1058 quod
668 995 724 1041 dum
736 1011 810 1040 coram

47 1059 136 1104 tumulo
158 1058 250 1120 gloriosi
273 1060 342 1105 sancti
364 1060 451 1113 iaceret,
474 1060 545 1105 astitit
567 1060 587 1104 ei
609 1059 696 1104 iuvenis
717 1059 810 1121 quidam

47 1121 126 1167 habitu
137 1121 233 1169 fratrum
244 1123 337 1169 indutus
353 1139 420 1197 supra
436 1122 579 1184 sepulchrum
597 1122 700 1178 existens,
712 1138 752 1184 qut
763 1123 812 1183 pira

47 1187 71 1233 in
93 1187 196 1233 manibus
218 1198 309 1250 portans
331 1190 420 1234 vocavit
441 1203 510 1243 eum;
533 1198 555 1234 et
577 1186 710 1249 prebens'
693 1203 713 1233 ei
735 1186 811 1249 pirum

47 1268 128 1325 unum,
147 1263 173 1298 ut
189 1263 297 1326 surgeret
312 1251 463 1299 confortavit
500 1252 549 1303 Qui
565 1269 647 1313 pyrum
664 1253 692 1298 de
708 1251 812 1298 manibus

47 1316 116 1376 ipsius
137 1316 258 1377 suscipiens
282 1317 448 1376 respondebat:
477 1316 535 1362 Ecce
562 1326 691 1363 contractus
717 1333 767 1363 sum
790 1327 812 1363 et

48 1378 112 1426 nullo
129 1379 198 1425 modo
215 1397 306 1443 surgere
322 1396 430 1442 possum3
448 1379 533 1441 Pyrum
545 1396 598 1425 vero
609 1379 735 1425 exhibitum
750 1395 812 1424 man-

48 1444 139 1489 ducavit
165 1454 187 1489 et
209 1445 237 1490 ad
259 1445 320 1489 aliud
342 1460 430 1506 pyrum,
453 1445 516 1507 quod
538 1445 558 1488 ei
580 1445 607 1489 ab
628 1445 708 1490 eodem
730 1444 812 1490 iuvene

48 1508 192 1566 offerebatur,
205 1508 264 1570 cepit
274 1508 395 1554 extendere
411 1525 510 1555 manum.
545 1508 617 1560 Quia
636 1509 691 1555 dum
707 1507 789 1554 iterum
797 1509 812 1534 ²⁵

48 1582 74 1618 ut
85 1584 186 1635 surgeret
197 1574 330 1628 hortaretur,
342 1573 472 1618 infirmitate
483 1583 601 1635 gravatum
618 1589 642 1619 se
658 1573 756 1619 sentiens
767 1589 812 1619 non

48 1637 169 1700 surgebat,
194 1638 236 1683 Sed
256 1639 312 1684 dum
332 1638 359 1683 ad
378 1638 453 1699 pirum
472 1653 565 1683 manum
587 1638 724 1695 extenderet,
740 1636 813 1683 dictus

48 1702 142 1760 iuvenis,
162 1702 261 1748 exhibito
284 1701 338 1747 illi²7
358 1702 416 1763 piro,
438 1718 531 1748 manum
553 1701 600 1748 eius
622 1703 769 1764 apprehendit
791 1712 813 1748 et

48 1764 106 1810 foras
123 1766 219 1811 educens
233 1782 286 1811 eum
298 1766 409 1827 disparuit
425 1766 452 1808 ab
469 1766 540 1810 oculis
551 1767 605 1810 eius.
640 1767 689 1816 Qui
701 1783 779 1810 sanum
791 1776 814 1810 et

48 1828 186 1875 incolumem
203 1829 288 1875 facturn
299 1845 322 1873 se
338 1828 425 1884 videns,
437 1829 495 1890 cepit
512 1830 556 1874 alta
570 1845 625 1876 voce
639 1829 740 1886 clamare,
751 1829 814 1891 quod

49 1893 133 1940 factum
142 1895 167 1943 ,in
179 1911 206 1941 eo
218 1893 289 1941 fuerat
300 1893 406 1940 omnibus
416 1893 567 1941 manifestans.

97 1959 183 2004 Mulier
200 1959 296 2021 quedam
313 1959 341 2004 de
358 1968 437 2013 castre,
449 1959 512 2021 quod
526 1959 609 2004 dicitur
626 1974 769 2014 cucoranum,
785 1959 813 2004 ad

49 2023 194 2083 sepulchrum
213 2023 306 2084 gloriosi
327 2021 397 2084 patris
417 2023 439 2067 in
459 2022 520 2067 cistis
539 2021 612 2068 delata
633 2033 682 2078 est;
706 2023 729 2067 in
751 2021 815 2068 nullo

49 2087 109 2129 enim
131 2086 285 2130 membrorum
307 2096 451 2148 preterquam
471 2087 494 2129 in
513 2087 560 2131 sola
581 2087 659 2146 lingua
680 2087 833 2146 operation-is*

50 2150 181 2212 cuiusquam
203 2159 337 2196 remanserat
358 2165 420 2195 usus.
454 2149 546 2194 Moram
568 2150 638 2211 igitur
660 2148 755 2195 faciente
776 2149 815 2196 ali·
840 2152 842 2155 ”

49 2216 184 2276 quantulum
195 2225 245 2261 ante
256 2214 358 2261 tumbam
370 2214 503 2260 sanctissimi
514 2214 565 2272 viri,
577 2215 674 2261 surrexit
689 2213 815 2277 peroptime

48 2278 147 2325 liberata.

97 2343 199 2407 Quidam
216 2344 271 2389 alius
286 2342 341 2389 civis
352 2342 481 2402 eugubinus
498 2359 550 2389 cum
564 2342 636 2388 filium
647 2359 714 2390 suum
726 2344 749 2403 in
761 2344 815 2390 cista

49 2416 189 2454 contractum
206 2407 234 2453 ad
250 2406 320 2453 sancti
336 2406 406 2469 patris
422 2405 539 2466 tumulum
556 2406 678 2463 detulisset,
695 2423 774 2454 sanum
793 2417 816 2454 et

48 2471 186 2518 incolumem
207 2473 315 2533 recepit.28
348 2472 431 2517 Fuerat
450 2471 511 2517 enim
530 2481 590 2517 tanta
608 2473 742 2518 enormitate
761 2488 815 2518 con-

49 2544 141 2594 tractus,
152 2546 178 2582 ut
189 2535 244 2582 tibie
255 2535 349 2594 natibus,
363 2535 465 2581 manibus
472 2544 488 2569 ²⁹
498 2535 629 2589 adherentes
640 2534 715 2583 forent
726 2536 815 2599 penitus

49 2601 150 2646 arefacte.

88 2741 103 2766 ²³
114 2741 152 2777 Ox'.
162 2740 270 2777 haberentur.
310 2738 431 2776 ²⁴Ox.beati0
474 2738 583 2788 251ιιιιιιιιι.
624 2737 639 2760 ²⁶
647 2740 668 2777 L.
678 2740 721 2776 adds
730 2753 774 2778 eum.

88 2792 103 2817 ²⁷
114 2790 140 2827 H.
150 2791 184 2827 and
194 2793 232 2828 Ox.
242 2791 264 2827 ei.
360 2788 376 2813 ²⁸
386 2791 407 2827 L.
417 2804 462 2827 eum.
559 2793 575 2819 29
584 2788 611 2828 H.
621 2790 655 2827 and
665 2793 702 2829 Ox.
713 2792 762 2829 omit
