1919 3169
135 118 178 151 122
318 103 517 152 TRACTATUS
535 104 706 151 SECUNDUS

179 203 226 248 Iter
236 200 320 247 faciens
330 199 451 263 aliquando
466 200 501 246 vir
513 200 557 245 Dei
569 201 597 245 de
608 201 669 246 Senis
685 202 713 247 ad
724 201 806 248 vallem
818 203 897 263 Spole-

130 276 213 322 tanam,
230 264 334 327 pervenit
351 265 379 310 ad
397 265 511 327 quendam
528 280 639 326 campum,
651 264 674 309 in
690 281 735 328 quo
751 281 797 311 non
814 282 895 326 parvus

130 347 185 393 grex
202 331 279 378 ovium
296 328 434 390 pascebatur.
468 328 532 381 Quas
543 346 594 375 cum
605 328 700 392 benigne
712 340 738 377 ut
754 340 801 376 erat
816 329 896 378 solitus

130 395 252 454 salutasset,
264 404 412 442 cucurrerunt
423 411 501 442 omnes
512 395 539 442 ad
556 410 616 452 eum,
628 396 728 442 levantes
743 396 814 458 capita
825 412 864 442 sua
875 406 897 443 et

131 461 217 523 magnis
224 458 333 504 balatibus
340 459 478 504 salutationis
485 459 631 520 rependentes
638 460 777 520 applausum.
794 461 896 505 Vicarius

131 525 179 570 eius
200 523 315 570 attentiori
337 522 522 569 considerationis
547 522 613 569 oculo
634 522 698 585 quod
720 540 774 571 oves
799 522 897 569 fecerant

131 590 262 645 annotavit3
279 598 365 635 etcum
381 586 430 634 aliis
441 588 502 634 sotiis
513 587 606 634 tardiori
619 588 715 651 vestigio
727 605 828 653 sequens,
840 589 897 636 dixit

130 655 157 700 ad
168 653 268 717 reliquos
280 670 285 699 ε
303 653 367 698 Num
379 652 469 699 vidistis
484 653 539 715 quid
555 668 608 698 oves
620 652 721 699 fecerunt
733 663 808 699 sancto
819 656 876 715 patri
886 655 894 699 i

131 719 224 776 Revera,
247 717 335 780 inquid,
355 733 451 778 magnus
468 727 502 761 est
521 718 569 772 iste,
587 734 656 779 quem
677 717 743 763 bruta
760 729 896 763 venerantur

131 792 157 828 ut
174 793 279 844 patrem,
302 782 388 827 ratione
415 781 511 826 carentia
540 781 655 827 Creatoris
676 781 710 827 sui
732 793 897 844 recognoscunt

40 846 234 896 tolerantem.

177 913 275 969 Alaude‚
287 926 340 961 aves
359 911 429 956 amice
447 910 568 956 meridiane
590 912 647 956 lucis
668 921 691 956 et
713 913 897 973 crepusculorum

130 976 231 1021 tenebras
243 978 403 1029 horrescentes,
412 990 439 1017 eo
450 990 500 1018 sero
512 991 557 1036 quo
568 985 657 1019 sanctus
668 976 798 1020 Franciscus
810 977 897 1021 mundo

131 1040 236 1088 transivit
246 1038 275 1087 ad
286 1038 412 1095 Christum,
424 1054 475 1084 cum
486 1038 531 1084 iam
543 1048 599 1084 esset
611 1039 682 1084 noctis
693 1048 796 1085 secuture
808 1051 896 1101 crepus-

130 1107 216 1163 culum,
227 1115 338 1153 venerunt
354 1120 423 1166 supra
439 1115 525 1150 tectum
542 1103 641 1160 domus3
659 1115 681 1151 et
692 1104 732 1152 diu
746 1121 797 1151 cum
814 1121 897 1169 magno

130 1180 229 1216 rotantes
236 1170 339 1230 strepitu
348 1185 376 1214 an
383 1169 493 1231 gaudium
499 1186 527 1214 an
536 1168 650 1214 tristitiam
659 1185 701 1215 suo
709 1170 779 1215 modo
788 1171 897 1217 cantando

131 1234 298 1289 mostraverint‚
309 1234 448 1294 ignoramus.
482 1232 573 1278 Flebilis
588 1234 670 1278 iubilus
686 1244 708 1279 et
719 1234 815 1280 iubilans
830 1234 897 1281 fletus

131 1298 247 1346 resonabat
264 1295 291 1344 ab
306 1298 344 1354 eis,
362 1297 408 1343 sive
424 1297 486 1359 quod
504 1296 603 1342 filiorum
619 1298 752 1359 plangerent
768 1297 896 1357 orbitatem,

130 1363 177 1411 sive
197 1362 260 1428 quod
277 1372 364 1425 patrem
378 1362 498 1407 innuerent
513 1370 589 1407 eterne
603 1361 675 1424 glorie
694 1362 894 1425 propinquantem.

131 1428 242 1476 Custodes
258 1428 360 1483 civitatis,
378 1428 417 1489 qui
433 1426 534 1473 sollicitis
548 1426 630 1489 vigiliis
644 1427 798 1474 custodiebant
813 1428 896 1487 locum,

130 1494 191 1554 pleni
203 1503 294 1554 stupore
305 1492 333 1536 ad
344 1492 523 1535 ammirationem
535 1500 619 1535 ceteros
630 1492 761 1536 invitarunt.

95 1639 126 1682 [Vl
170 1637 273 1690 Qualiter
290 1635 410 1677 desideriis
428 1635 502 1676 sancti
521 1634 636 1676 Francisci
652 1637 730 1685 presto
747 1632 790 1677 suit
807 1646 897 1686 semper

131 1688 207 1731 divina
220 1688 344 1731 clementia.

177 1772 258 1862 non
274 1803 348 1849 solum
364 1812 465 1848 creatura
476 1803 526 1848 viro
542 1804 579 1848 isti
590 1804 700 1850 serviebat
714 1806 742 1851 ad
758 1814 845 1859 nutum,
858 1806 897 1852 sed

132 1870 245 1917 Creatoris
262 1867 345 1931 ubique
363 1867 504 1929 providentia
520 1867 711 1913 condescendebat
732 1868 759 1914 ad
781 1868 896 1929 placitum.

132 1933 286 1997 Preocupabat
302 1934 349 1978 eius
365 1942 420 1979 vota
435 1943 527 1994 paterna
538 1932 575 1978 illa
585 1932 704 1979 clementia
714 1944 744 1990 et,
755 1932 822 1980 velud
835 1934 858 1978 in
875 1950 897 1979 se

133 2002 214 2047 iactato
240 2008 351 2061 preventu
375 1997 540 2054 sollicitudinis,
562 1998 699 2044 occurrebat.
745 1998 814 2044 Simul
836 2009 898 2045 erant

132 2079 209 2111 rerum
220 2062 322 2122 defectus
335 2071 358 2106 et
373 2061 491 2121 supplebo,
505 2062 571 2105 simul
583 2062 719 2107 desiderium
731 2072 753 2110 et
766 2072 896 2124 proventus.

180 2129 246 2175 Sexto
257 2143 296 2172 sue
311 2125 462 2171 conversionis
477 2141 543 2183 anne,
555 2126 665 2172 desiderio
681 2127 783 2190 martyrii
794 2127 897 2189 flagrans,

133 2196 161 2242 ad
169 2205 242 2258 partes
251 2192 314 2253 Syrie
323 2191 396 2237 voluit
403 2190 549 2240 transfretare.
579 2192 627 2244 Qui
636 2208 688 2238 cum
697 2207 776 2240 navem
785 2192 897 2256 quandam

133 2271 159 2306 ut
177 2259 229 2305 illuc
247 2256 349 2303 tenderet
366 2256 499 2312 intravisset,
517 2257 589 2302 ventis
610 2257 726 2303 contrariis
743 2257 856 2315 flantibus,
873 2258 897 2303 in

133 2323 234 2384 partibus
259 2320 375 2365 Sclavonie
400 2335 452 2364 cum
477 2321 555 2365 ceteris
580 2322 737 2382 navigantibus
758 2338 781 2366 se
803 2322 896 2367 invenit.

132 2388 219 2434 Videns
232 2395 307 2432 autem
320 2401 332 2429 a
346 2393 409 2428 tanto
424 2383 535 2429 desiderio
551 2400 573 2428 se
590 2383 725 2442 fraudatum,
736 2384 794 2430 facto
808 2386 898 2431 modico

133 2452 242 2515 temporis
253 2448 381 2505 intervall0,
392 2459 472 2494 nautos
485 2449 595 2512 quosdam
606 2449 724 2496 Anconam
735 2449 860 2506 tendentes,
871 2461 898 2496 ut

134 2534 186 2564 eum
208 2531 283 2562 secum
305 2513 481 2572 transveherent,
503 2514 610 2560 exoravit.
654 2516 741 2561 Verum
762 2517 806 2561 hoc
832 2531 897 2577 agere

134 2581 266 2642 pertinacius
295 2577 448 2622 recusantibus
478 2589 570 2638 propter
600 2578 713 2623 defectum
743 2595 897 2639 expensarum,

132 2655 221 2692 sanctus
237 2643 280 2690 Dei
297 2640 411 2688 confidens
421 2642 545 2703 plurimum
556 2642 585 2689 de
596 2642 690 2688 Domini
704 2642 801 2690 bonitate
816 2658 896 2690 navem

132 2712 228 2761 latenter
239 2725 290 2756 cum
298 2709 358 2754 sotio
367 2707 475 2754 introivit.
503 2707 579 2754 Affuit
587 2706 663 2754 subito
670 2708 746 2756 divina
754 2707 898 2771 providentia

133 2777 225 2840 quidam
241 2791 253 2822 a
270 2774 358 2819 nemine
371 2771 483 2834 cognitus,
498 2788 574 2818 secum
590 2774 709 2819 necessaria
726 2774 799 2821 victus
816 2773 896 2820 ferens.

135 2842 183 2893 Qui
194 2839 308 2903 quendam
319 2838 395 2882 Deum
412 2837 528 2881 timentem
545 2837 574 2882 de
589 2838 639 2883 navi
656 2839 684 2883 ad
695 2855 718 2883 se
733 2839 823 2885 vocavit
832 2838 856 2884 et
867 2840 897 2884 ait
