1919 3169
276 102 435 149 euoenon
452 102 607 163 anatona
797 103 825 161 63

61 197 109 305 pice
119 196 209 256 refecit;
227 215 324 262 cumque
335 197 470 260 predicasset
487 197 578 253 eisdem,
591 196 676 243 nullam
694 196 789 258 respexit
803 196 827 242 in

72 278 148 307 &Clem-

110 326 274 372 Recedentibus
284 325 334 380 illis,
348 325 405 371 dixit
416 324 487 370 sotius
498 325 526 370 ad
542 340 611 369 eum:
629 324 684 379 Cur,
695 323 770 381 frater,
783 340 828 367 non

62 388 177 452 respexisti
188 401 285 438 sanctam
296 389 416 453 virginem,
428 406 472 453 que
484 405 536 437 cum
553 399 614 436 tanta
630 389 751 436 devotione
767 388 829 435 venit

62 455 90 501 ad
111 456 149 502 te?
185 455 229 503 Cui
252 466 329 518 pater:
359 455 419 507 Quis
440 472 487 501 non
509 454 599 501 deberet
621 454 700 500 timere
721 454 829 516 respicere

63 536 166 581 sponsam
178 520 277 566 Christi?
312 519 384 571 Quod
401 520 418 564 si
437 518 507 565 oculis
524 519 653 581 predicatur
669 529 691 564 et
709 517 771 575 facie,
783 518 830 579 ipsa

63 602 100 630 me
116 584 203 638 viderit,
221 600 267 629 non
283 600 326 645 ego
343 585 412 628 illam.
446 583 569 628 Multoties
584 599 639 628 vero
654 583 683 628 de
699 582 830 628 huiusmodi

63 649 159 710 loquens
186 646 296 694 asserebat
323 645 432 694 frivolum
460 662 527 693 omne
555 646 694 709 colloquium
722 646 829 703 mulieris,

63 721 154 773 excepta
170 711 217 758 sola
234 710 380 766 confessione,
394 710 436 767 vel,
455 720 482 757 ut
498 710 585 769 assolet,
604 711 728 757 monitione
746 710 830 757 brevis-

64 777 125 823 sima.
160 775 256 822 Dicebat
267 776 327 822 enim
338 794 343 823 :
361 776 415 828 Que
426 786 480 823 sunt
491 775 555 822 fratri
567 776 655 822 Minori
672 791 724 823 cum
735 775 830 822 muliere

64 840 178 886 tractanda
189 842 285 902 negotia,
298 842 340 884 nisi
352 857 404 885 cum
416 851 514 884 sanctam
525 842 678 901 penitentiam,
686 841 722 885 vel
733 839 832 885 melioris

65 903 111 952 vite
122 902 241 951 consilium
252 903 355 965 religiosa
366 903 474 964 petitione
484 904 598 965 deposcit?

229 1060 263 1102 De
272 1059 460 1110 temptationibus
468 1070 527 1109 quas
535 1069 619 1110 passus
628 1062 665 1101 est

114 1142 293 1231 Grescentibus
304 1173 389 1221 meritis
399 1174 469 1220 sancti
486 1175 603 1230 Francimi,
615 1173 724 1220 crescebat
740 1181 865 1236 quoquetot

67 1241 177 1287 discordia
195 1256 247 1285 cum
266 1239 359 1302 antiquo
378 1248 496 1302 serpente;
519 1255 570 1284 nam
592 1254 638 1302 quo
660 1239 743 1285 maiora
764 1238 832 1286 huius

67 1306 189 1362 carismata,
205 1304 322 1350 subtiliora
339 1303 400 1350 illius
418 1313 579 1366 temptamenta
598 1314 620 1349 et
642 1304 743 1367 graviora
764 1303 834 1365 prelia

68 1369 224 1416 movebantur.
258 1369 322 1414 Licet
332 1378 415 1414 'autem
433 1369 509 1414 virum
527 1367 656 1413 bellatorem
673 1378 696 1413 et
715 1378 833 1413 strenuum

67 1448 118 1494 sepe
145 1432 259 1493 probasset
287 1447 327 1477 nec
349 1432 376 1477 ad
398 1431 477 1477 horam
502 1432 589 1476 cessisse
616 1430 738 1490 certamini,
760 1431 834 1479 adhuc

68 1509 144 1545 tamen
160 1497 252 1561 aggredi
272 1498 353 1543 nititur
372 1513 458 1559 semper
477 1497 610 1544 vincentem.
645 1497 755 1549 Quodam
773 1497 833 1543 enim

69 1573 169 1624 tempore
196 1561 294 1608 immissa
321 1571 354 1608 est
378 1572 455 1608 sancto
482 1562 540 1624 patri
565 1563 695 1625 gravissima
716 1563 835 1624 temptatio

68 1628 168 1690 spiritus,
191 1627 270 1691 utique
292 1628 319 1673 ad
346 1642 428 1672 corone
454 1636 612 1689 augmentum.
655 1627 835 1688 Angustiabatur

68 1693 148 1739 exinde
158 1703 181 1738 et
191 1691 318 1752 replebatur
328 1691 451 1746 doloribus,
460 1692 571 1752 affligebat
581 1701 604 1736 et
612 1692 735 1736 macerabat
746 1707 835 1752 corpus,

69 1755 148 1802 orabat
170 1765 192 1801 et
213 1755 378 1817 lacrymabatur
399 1754 511 1801 acerrime.
556 1754 662 1802 Pluribus
681 1755 743 1801 annis
762 1756 836 1802 taliter

69 1822 223 1884 impugnatus
243 1821 299 1867 dum
319 1830 392 1866 oraret
411 1820 447 1866 die
466 1820 562 1883 quadam
580 1820 603 1865 in
623 1831 697 1867 sancta
715 1820 789 1867 Maria
808 1821 836 1867 de

69 1885 217 1946 portiuncula,
251 1900 330 1930 vocem
362 1884 449 1930 audivit
479 1884 502 1928 in
533 1884 630 1945 spiritu:
667 1883 788 1941 Francisce‚
817 1886 835 1929 si

69 1949 172 1994 habueris
204 1948 271 1993 fidem
304 1957 331 1993 ut
363 1963 459 2010 granum
491 1946 580 2009 sinapis,
608 1947 668 1993 dices
700 1947 781 2006 monti,
809 1957 836 1994 ut

69 2023 166 2059 transeat
184 2022 208 2058 et
225 2010 336 2058 transibit.
378 2011 502 2074 Respondit
524 2023 628 2060 sanctus:
656 2013 760 2069 Domine,
785 2013 836 2076 quis

69 2088 103 2124 est
133 2094 205 2133 mons,
233 2093 302 2139 quem
332 2076 399 2123 velim
429 2077 476 2138 ipse
508 2078 642 2124 transferre?
690 2078 722 2123 Et
754 2078 835 2124 iterato

70 2142 173 2189 audivit:
199 2142 270 2188 Mons
292 2150 324 2186 est
347 2143 465 2203 temptatio
486 2151 531 2189 tua.
574 2143 606 2189 Et
627 2143 673 2203 ipse
694 2142 835 2205 illacrymans

70 2207 143 2254 dixit:
171 2206 221 2252 Fiat
249 2207 316 2262 enim,
338 2206 436 2263 domine,
459 2207 518 2252 sicut
544 2206 628 2252 dixisti.
671 2207 751 2252 Statim
772 2208 911 2253 omniFol.60

70 2270 216 2331 temptatione
233 2270 346 2331 propulsa,
364 2270 420 2316 liber
437 2270 533 2317 efficitur
550 2281 572 2316 et
589 2270 689 2317 totaliter
707 2272 731 2316 in
750 2271 835 2317 intimis

70 2345 192 2399 quietatur.

117 2439 167 2522 In
188 2459 279 2505 heremo
300 2457 396 2505 fratrum
418 2458 445 2504 de
469 2458 570 2505 Sartiano
591 2458 703 2522 malignus
730 2458 772 2516 ille,
795 2461 886 2523 qui[⁰·l]

73 2542 159 2586 semper
169 2523 307 2584 perfectibus
319 2523 407 2569 invidet
423 2522 522 2568 filiorum
539 2525 590 2580 Dei,
600 2524 643 2569 tale
659 2524 769 2586 quiddam
785 2540 837 2588 erga

73 2600 176 2637 sanctum
194 2588 337 2651 presumpsit.
369 2586 455 2634 Videns
474 2604 571 2652 namque
588 2598 689 2635 sanctum
706 2589 837 2636 sanctificari

73 2656 154 2711 adhuc,
173 2671 214 2700 nec
232 2670 274 2716 pro
293 2654 397 2700 hesterno
415 2653 551 2700 hodiernum
570 2654 720 2701 intermictere
740 2656 837 2712 lucrum,

74 2737 126 2767 cum
139 2730 204 2765 nocte
214 2718 312 2781 quadam
324 2718 351 2764 ad
366 2718 489 2763 orationem
506 2729 594 2766 vacaret
612 2720 634 2764 in
652 2718 738 2776 cellula,
751 2721 838 2766 vocavit

75 2800 127 2830 eum
154 2793 188 2828 ter
215 2783 306 2828 dicens:
335 2781 455 2836 Francisce‚
485 2783 605 2840 Francisce‚
633 2783 754 2831 Francisce.
789 2783 838 2836 Qui

75 2847 190 2909 respondit
212 2846 304 2892 dicens:
332 2846 398 2898 Quid
425 2845 477 2893 vis?
520 2847 552 2892 Et
573 2846 625 2893 ille:
653 2847 739 2895 Nullus
760 2858 793 2894 est
815 2847 838 2894 in
