1919 3169
254 93 412 139 LEGENDA
429 93 589 138 GREGORII
760 109 800 141 101

41 182 157 232 inferiores
167 186 250 248 gradus
260 188 288 235 ad
299 187 414 235 offerenda
422 198 475 235 vota
483 187 498 219 ⁵⁶
509 198 532 234 et
540 187 645 235 sacrificia
656 188 804 234 sanctuarium

40 250 115 307 intrat,
134 248 235 298 tumbam
258 253 297 316 qui
319 252 472 300 continentem
492 268 579 300 sacrum
598 262 621 300 et
642 251 685 300 deo
704 251 803 300 dicatum

41 330 123 378 corpus
133 315 236 363 felicibus
246 317 309 364 labiis
324 317 445 376 osculatur,
457 318 524 364 offert
540 328 562 364 et
579 317 713 380 multiplicat
728 333 805 380 preces

41 380 180 444 celebratque
196 383 301 445 mysteria
313 399 378 430 sacra.
412 385 460 430 Stat
470 384 527 430 circa
543 382 605 430 illum
618 399 699 430 corona
710 381 804 430 fratrum

40 445 157 503 laudans‚⁵⁷
168 446 262 492 adorans
268 449 284 478 ⁵ss
295 457 318 492 et
332 447 466 493 benedicens
482 448 660 508 omnipotentem
676 448 753 502 deum,
764 448 804 509 qui

40 506 183 574 fecitmagna
193 511 216 557 in
227 512 290 558 omni
301 521 365 559 terra.

88 576 219 638 Amplificat
233 577 350 624 universus
365 578 464 640 populus
479 578 555 623 laudes
571 578 624 634 dei;
640 587 663 623 et
679 577 702 622 in
719 576 818 623 honore

41 639 161 685 Trinitatis
187 642 271 686 excelse
298 651 375 687 sancto
402 642 508 687 francisco
534 642 666 704 persolvunt
693 657 804 687 sacrarum

42 719 136 749 munera
161 705 293 765 gratiarum,
315 722 385 751 amen.
430 707 498 751 Facta
519 716 573 751 sunt
593 713 692 751 autem⁵⁹
714 707 754 750 hec
782 706 805 749 in

41 766 131 815 civitate
157 769 226 815 assisii
251 770 373 817 secund0⁶⁰
394 785 453 817 anno
478 770 620 831 pontificatus
642 769 728 817 domini
750 786 806 831 pape

41 832 139 895 gregorii
156 831 243 880 decimo
259 834 354 896 septimo
370 833 406 880 die
417 832 565 881 kalendarum
579 834 660 881 mensis
666 835 681 861 ⁶¹
691 833 805 897 augusti.⁶²

340 963 500 1027 [Miracula]
568 1020 570 1024 ,

81 1060 122 1100 1in
136 1059 221 1101 Christi
230 1061 326 1101 nornine.
347 1061 459 1111 Incipiunt
469 1060 578 1101 miracula
585 1060 724 1102 sanctissimi
734 1060 805 1109 patris
829 1100 833 1113 ,

42 1111 115 1153 nostri
124 1111 238 1152 francisci·
826 1117 829 1134 ,-
857 1115 859 1117 -

90 1188 162 1273 Iesu
195 1210 270 1258 christi
308 1211 395 1257 domini
434 1211 505 1258 nostri
543 1210 673 1274 suppliciter
710 1210 805 1273 gratiam

42 1275 180 1334 invocantes,
206 1276 235 1321 ad
257 1277 394 1322 excitandam
419 1277 559 1339 presentium
585 1286 608 1322 et
630 1276 806 1338 amplectandam

43 1340 190 1385 devotionem
218 1350 240 1384 et
267 1341 398 1386 futurorum
421 1341 610 1386 corroborandam
637 1341 713 1393 fidem,
741 1341 806 1385 mira-

44 1404 100 1461 cula,
123 1421 167 1466 que
189 1420 264 1450 coram
287 1404 380 1451 domino
401 1421 458 1466 papa
479 1403 592 1467 gregorio,
610 1414 635 1450 ut
657 1403 743 1450 dictum
765 1413 806 1461 est,

43 1469 140 1530 perlecta
151 1478 205 1514 sunt
221 1478 243 1513 et
260 1470 346 1531 populo
361 1470 469 1525 nuntiata,
481 1469 565 1514 christo
577 1469 641 1525 duce,
653 1467 757 1525 breviter,
768 1468 807 1514 sed

43 1533 150 1580 veraciter
162 1533 332 1580 conscribemus.

288 1663 322 1704 De
335 1664 458 1705 contractis
471 1663 563 1704 sanctis.
811 1663 855 1704 [Oi]

92 1748 128 1792 Eo
141 1762 237 1807 namque
248 1747 293 1804 die,
305 1761 352 1807 quo
362 1761 450 1792 sacrum
460 1756 482 1791 et
488 1756 590 1790 sanctum
599 1761 679 1807 corpus
688 1745 808 1790 beatissimi

45 1811 114 1871 patris
152 1808 252 1856 francisci
284 1810 427 1856 reconditum
460 1809 506 1855 fuit
538 1810 602 1855 velut
634 1809 808 1871 pretiosissimus

46 1875 168 1931 thesaurus,
185 1876 256 1937 magis
273 1875 456 1937 supercelestibus
472 1874 617 1930 aromatibus
630 1891 698 1937 quam
714 1874 808 1919 terrenis

46 1939 161 2003 speciebus
179 1940 305 1998 inunctum,
323 1949 441 2003 apportata
455 1950 491 1987 est
507 1939 582 2002 puella
593 1940 691 2004 quedam
707 1939 752 1985 iam
768 1954 808 2001 per

45 2021 129 2050 annum
156 2005 239 2049 habens
267 2005 349 2050 collum
378 2015 520 2050 monstruose
548 2005 656 2065 plicatum
690 2014 713 2048 et
742 2015 809 2065 caput

46 2068 142 2115 humero
164 2069 284 2126 adnexum,
306 2084 346 2114 nec
373 2078 461 2130 poterat
489 2068 530 2114 nisi
553 2084 580 2113 ex
602 2068 696 2130 obliquo
718 2083 809 2114 sursum

45 2133 159 2196 respicere.
194 2133 246 2185 Que
270 2133 341 2179 dum²
362 2133 405 2179 sub
421 2150 477 2190 arca,
494 2133 517 2178 in
540 2150 584 2196 qua
601 2132 725 2195 pretiosum
740 2131 809 2178 sancti

46 2199 189 2246 reconditum
216 2198 300 2245 iacebat
321 2214 409 2260 corpus,
428 2209 494 2261 caput
516 2197 646 2262 aliquandiu
668 2197 811 2252 immisisset,3

47 2265 123 2310 statim
140 2263 225 2309 meritis
246 2263 379 2309 sanctissimi
401 2264 444 2308 viri
464 2264 547 2308 collum
566 2264 650 2319 erexit3
668 2272 691 2308 et
713 2262 736 2306 in
758 2279 810 2307 con-

47 2327 134 2374 decenti
150 2338 210 2375 statu
226 2338 294 2391 caput
315 2328 390 2373 extitit
412 2338 540 2390 reparatum
562 2328 599 2386 ita,
616 2328 678 2391 quod
695 2325 768 2388 puella
784 2344 811 2372 ex

48 2393 122 2439 subita
138 2393 173 2440 sui
195 2393 321 2439 mutatione
343 2391 497 2454 obstupefacta
519 2392 585 2437 nimis
607 2393 665 2454 cepit
685 2390 766 2454 fugere
787 2408 812 2437 ac

47 2455 142 2518 plorare.
176 2457 252 2503 Fovea
267 2456 364 2520 quedam
382 2472 478 2520 namque
494 2456 613 2519 apparebat
628 2456 651 2501 in
663 2456 764 2514 humero,
777 2456 812 2501 cui

86 2571 221 2608 noemma.
273 2573 289 2601 57
300 2572 319 2607 L.
330 2571 372 2606 adds
381 2580 405 2607 et.
457 2570 473 2600 5⁸
483 2573 516 2608 Os.
525 2580 543 2606 et
552 2584 607 2608 orans.
659 2573 675 2600 ⁵9
684 2569 712 2607 H.
722 2571 778 2607 omits.

87 2621 212 2660 ⁶⁰Os.ornits.
320 2620 336 2643 ⁶1
346 2621 373 2659 H.
383 2622 417 2658 and
427 2622 448 2659 L.
458 2623 507 2659 omit.
606 2621 788 2659 ⁶2L.N0vemnis.

88 2679 93 2699 ¹
104 2674 128 2711 E·
138 2674 206 2716 omits
215 2674 245 2716 all
255 2673 354 2725 heading
364 2677 447 2725 except
462 2674 576 2726 Incipiunt
586 2674 701 2716 miracula.
728 2675 760 2711 Os.
771 2673 814 2715 has

50 2725 76 2768 In
87 2726 172 2770 Christi
181 2727 271 2768 nornine
280 2727 390 2778 incipiunt
399 2727 508 2770 miracula
517 2726 578 2770 beati
587 2727 691 2770 francisci
701 2738 745 2777 que
757 2726 814 2768 deus

50 2789 90 2828 per
99 2791 151 2822 eum
161 2782 270 2831 operatus
279 2782 321 2823 est·

87 2837 94 2853 ²
105 2835 137 2869 Os.
146 2845 191 2870 cum.
269 2836 276 2861 3
286 2835 307 2869 L.
318 2833 428 2868 submisisset.
457 2835 488 2869 Os.
499 2831 608 2869 sublevasset,
