1919 3169
269 65 469 115 TRACTATUS
488 69 662 117 SECUNDUS
817 82 844 129 71

82 158 159 220 illapsa
185 175 294 222 magnum
321 163 341 208 ei
368 161 470 210 dolorem
491 164 580 210 inflixit.
621 163 687 209 Alter
705 164 797 227 quidam
818 165 847 210 de

82 222 194 283 fratribus,
216 226 303 273 curiosa
320 226 470 290 inquisitione,
488 229 549 276 nisus
565 228 642 277 videre
659 230 722 292 quod
738 228 785 274 aliis
800 240 847 275 erat

61 324 63 327 -
82 289 246 347 absconditum,
270 292 327 339 dixit
348 303 424 339 sancto
448 295 505 354 patri
531 295 568 341 die
589 293 701 357 quadam:
728 293 847 340 Placetne

82 352 131 409 tibi,
147 353 222 412 frater,
242 366 267 400 ut
285 357 423 403 excutiamus
442 359 540 404 tunicam
559 359 638 404 tuam?
677 359 720 405 Cui
741 369 845 405 sanctus:

82 418 202 464 Retribuat
213 418 253 465 tibi
270 420 383 477 dominus,
396 422 503 482 quoniam
514 423 605 486 indigeo
618 420 718 486 quidem.
752 422 794 467 lllo
805 422 847 467 ita-

82 499 126 546 que
143 499 165 528 se
184 494 286 542 eruente,
304 486 395 532 attentis
414 485 484 533 oculis
501 485 567 535 frater
584 487 702 550 inspiciens
718 501 847 550 expressum

81 548 139 594 vidit
154 547 237 595 vulnus
253 551 276 595 in
291 551 365 598 latere.
401 551 450 597 Hic
465 553 527 599 solus
543 554 600 600 vidit
611 553 635 598 in
645 553 699 608 vita,
711 562 844 611 ceterorum,

81 611 157 659 nullus
167 629 239 675 usque
249 625 301 675 post
311 625 416 661 mortem.
850 623 889 662 Fol.
896 628 936 675 25¹⁰

291 763 335 818 [De
348 767 489 809 occultandis
501 765 639 819 virtutibus]
848 769 940 816 [a-chJ]

125 846 233 927 &aliter
243 882 313 928 homo
326 884 368 929 iste
385 900 467 929 omnen
484 883 586 945 gloriam,
602 900 646 945 que
664 884 782 930 Christum
799 900 845 929 non

78 955 172 1007 saperet,
193 945 348 1003 abiuraverat3
375 948 448 994 taliter
472 947 575 993 humanis
599 947 714 994 favoribus
740 957 844 994 eternum

78 1011 215 1074 irrogaverat
235 1012 357 1061 anathema.
403 1011 488 1060 Sciebat
509 1011 568 1059 fame
590 1011 690 1075 pretium
712 1012 845 1060 conscientie

78 1086 187 1122 secretum
198 1078 308 1133 minuere,
319 1077 432 1141 longeque
447 1078 591 1139 dampnosius
606 1077 676 1134 abuti,
687 1094 755 1140 quam
771 1094 844 1123 carere

77 1139 212 1212 virtutibus.¹
247 1141 332 1187 Sciebat
354 1157 400 1187 non
422 1143 533 1188 minorem
555 1143 663 1188 virtutem
685 1158 753 1203 quam
775 1158 844 1205 quere

78 1213 140 1264 parta
155 1214 220 1250 tuen.

116 1349 239 1392 Humilitas
256 1349 330 1392 sancti
348 1350 452 1392 francisci
468 1348 592 1401 inhabita,
608 1360 686 1401 sensu,
700 1349 801 1393 moribus
818 1353 948 1403 eun-exvij]

76 1403 155 1442 contra
168 1403 284 1452 proprium
297 1413 397 1443 sensum.

122 1490 254 1565 Omnium
274 1517 387 1564 virtutum
409 1526 484 1564 custos
505 1526 528 1562 et
546 1516 614 1563 decor
634 1516 756 1564 humilitas.
788 1516 841 1564 Hac

75 1601 120 1629 non
135 1583 247 1630 substrata
262 1581 343 1629 fabrice
361 1583 477 1644 spirituali,
495 1598 547 1629 cum
565 1599 660 1630 crescere
676 1583 774 1641 videtur,
788 1600 841 1645 pro-

74 1647 120 1693 ficit
131 1648 154 1693 in
165 1648 260 1693 ruinam.
294 1647 353 1704 Hec,
366 1663 393 1692 ne
404 1647 460 1709 quid
471 1647 520 1691 viro
531 1656 567 1692 tot
578 1649 643 1692 donis
657 1658 738 1692 ornato
748 1648 841 1703 deesset,

74 1712 193 1773 copiosiori
214 1727 267 1758 eum
289 1710 390 1757 ubertate
415 1711 554 1772 repleverat:
582 1712 605 1757 in
632 1711 721 1773 propria
748 1711 840 1775 quidem

74 1776 213 1839 reputatione
235 1775 303 1821 nichil
324 1785 378 1831 erat,
400 1775 441 1821 nisi
463 1785 572 1837 peccator,
591 1791 642 1822 cum
665 1776 733 1823 decor
751 1791 797 1822 esse
819 1786 842 1823 et

73 1841 178 1904 splendor
197 1840 327 1886 omnimode
345 1839 473 1886 sanctitatis.
514 1841 541 1886 ln
563 1841 604 1886 hac
620 1840 707 1886 studuit
724 1840 841 1887 hedificare

73 1922 95 1950 se
106 1907 187 1967 ipsum,
199 1915 225 1950 ut
236 1904 409 1950 fundamentum
420 1905 506 1961 iaceret,
518 1905 603 1966 quoda
620 1905 711 1951 Christo
727 1905 841 1953 didicerat.

76 1969 170 2026 Eorum,
193 1984 237 2031 que
258 1967 357 2015 lucratus
384 1966 463 2024 fuerat,
484 1966 574 2024 oblitus,
596 1967 655 2013 solos
686 1977 737 2014 ante
765 1969 841 2015 oculos

75 2033 171 2096 ponebat
187 2031 295 2090 defectus,
313 2031 363 2097 plus
376 2031 417 2079 sibi
432 2033 513 2091 deesse,
524 2048 592 2096 quam
603 2032 677 2079 deesse
693 2033 841 2081 considerans.

74 2100 124 2145 Sola
134 2101 158 2145 in
169 2116 196 2145 eo
206 2098 315 2161 cupiditas
322 2099 403 2159 viguit,
410 2107 436 2144 ut
447 2098 527 2144 melior
535 2100 596 2144 fieret
607 2108 633 2144 ut
644 2099 721 2160 primis
733 2115 778 2145 non
787 2116 840 2146 con-

73 2174 150 2210 tentus
158 2180 227 2210 novas
235 2164 329 2210 virtutes
337 2163 454 2226 aquireret,
461 2162 553 2208 humilis
561 2161 645 2218 habitu,
653 2163 759 2208 humilior
767 2180 840 2223 sensu,

74 2230 214 2274 humillimus
230 2237 341 2288 reputatu.
374 2227 430 2272 Non
447 2226 583 2273 discernebat
601 2227 637 2273 dei
657 2228 759 2289 princeps
775 2231 838 2291 quod

73 2303 189 2356 aqucreret
199 2292 298 2355 prelatus
309 2307 363 2348 esse,
374 2289 415 2337 nisi
426 2290 466 2337 hac
483 2290 601 2336 clarissima
610 2306 705 2354 gemma,
717 2293 768 2355 quia
781 2294 839 2339 inter

74 2358 171 2405 minores
193 2357 301 2403 minimus
321 2355 404 2402 aderat.
448 2356 500 2401 Hec
528 2356 606 2411 virtue,
628 2356 663 2401 hic
684 2356 774 2415 titulus,
796 2358 838 2404 hoc

72 2422 159 2486 insigne
175 2422 301 2486 generalem
317 2418 427 2467 indicabat
443 2437 490 2467 esse
506 2419 641 2468 ministrum.

120 2488 206 2532 Aberat
227 2487 255 2532 ab
276 2485 324 2530 eius
346 2501 384 2529 ore
405 2486 479 2530 omnis
500 2485 604 2540 altitudo,
626 2501 709 2546 pompa
731 2488 804 2532 omnis
825 2504 838 2533 a

72 2552 179 2613 gestibus,
198 2549 225 2596 ab
244 2547 329 2595 actibus
348 2548 420 2593 omnis
439 2548 515 2594 fastus.
556 2550 649 2594 Sensum
669 2549 692 2593 in
711 2550 789 2595 multis
807 2566 836 2596 ex

71 2616 206 2664 revelatione
217 2615 330 2670 didicerat,
342 2628 385 2674 que
402 2622 483 2660 tantun
495 2614 518 2659 in
529 2613 604 2659 medio
615 2611 731 2660 conferens
742 2613 834 2665 aliorum

53 2698 55 2700 ·
70 2680 308 2744 anteponebatsensus.
333 2678 449 2724 Sociorum
457 2679 574 2725 consilium
583 2679 655 2724 tutius
663 2694 709 2725 esse
717 2679 833 2737 credebat3

69 2757 92 2791 et
102 2748 188 2792 alienus
199 2746 260 2791 visus
273 2743 352 2790 melior
363 2742 455 2804 proprio
472 2743 597 2791 videbatur.
630 2743 685 2789 Non
703 2744 777 2790 omnia
793 2760 835 2806 pro

69 2810 163 2858 domino
183 2809 297 2872 reliquisse
313 2806 399 2853 dicebat
417 2823 478 2865 eum,
496 2809 536 2869 qui
556 2823 633 2854 sensus
648 2809 733 2870 proprii
751 2808 836 2856 loculos
