1919 3169
271 75 431 123 LEGENDA
448 73 608 122 GREGORII
791 87 820 135 45

60 173 169 238 sanguine
191 183 213 219 et
235 173 259 217 in
275 171 371 217 luxuriis
390 180 413 216 et
431 170 577 216 ebrietatibus
599 171 667 216 corda
688 179 710 215 et
732 185 823 231 corpora

59 238 191 285 enutrimus.
225 237 306 299 Sicque
317 235 448 297 compuncti
460 234 526 281 corde
537 235 565 281 ad
577 233 677 281 melioris
685 235 731 281 uite
739 244 823 280 statum

60 314 122 352 tanto
133 301 313 364 provocabantur
324 300 432 363 exemplo.

108 367 188 414 Multa
198 383 290 431 quoque
306 365 329 410 in
345 365 406 410 hunc
417 365 512 411 modum
524 364 638 426 sepissime
653 362 753 422 faciebat,
764 373 790 409 ut
801 373 824 409 et

61 450 85 480 se
101 433 176 494 ipsum
192 429 289 493 perfecte
305 438 459 476 contemneret
475 439 497 475 et
520 429 548 474 ad
565 427 674 475 honorem
689 439 825 490 perpetuum¹

61 506 146 543 ceteros
158 496 270 542 invitaret.
304 493 385 540 Factus
402 502 448 539 erat
465 492 506 539 sibi
523 501 637 557 tamquam
653 508 692 540 vas
703 491 824 554 perditum,

62 562 126 607 nullo
153 560 242 617 timore,
270 558 331 604 nulla
358 557 509 603 sollicitudine
536 574 578 620 pro
605 574 699 620 corpore
720 567 825 603 oneratus

61 625 214 673 strenuissime
225 622 364 670 obiiciebat²⁷
381 623 455 684 ipsum
467 622 617 679 contumeliis,
632 639 660 669 ne
670 622 740 684 ipsius
751 638 826 668 amore

61 690 186 752 temporale
202 687 288 750 aliquid
305 687 462 748 concupiscere
479 697 601 748 cogeretur.
635 687 710 733 Verus
726 686 760 732 sui
772 702 824 732 con-

62 763 162 817 temptor
173 769 253 799 omnes
261 769 285 798 se
296 752 356 814 ipsos
367 759 509 798 contemnere
519 750 590 798 verbo
598 760 621 797 et
629 751 733 812 exemplo
742 750 827 797 utiliter

62 817 193 864 instruebat.

274 926 275 931 ’
331 925 396 957 MIRA
414 925 559 956 HUMILITAS.

112 1000 177 1054 Quid
188 999 263 1047 enim?
297 998 492 1062 Magnificabatur‘
501 997 528 1044 ab
545 998 669 1056 omnibus;
685 1009 707 1046 et
723 999 827 1047 laudabili

64 1066 148 1113 iudicio
165 1063 298 1111 efferebatur
314 1081 327 1109 a
343 1063 438 1121 cunctis,
455 1065 494 1110 sed
514 1063 575 1109 solus
591 1064 638 1124 ipse
655 1081 678 1110 se
694 1064 828 1110 vilissimum

64 1128 187 1193 reputabat,
199 1127 259 1175 solus
270 1144 292 1173 se
303 1127 457 1174 ardentissime
468 1126 631 1175 contemnebat.
666 1129 721 1190 Sepe
733 1145 830 1192 namque

64 1195 91 1242 ab
103 1193 207 1240 omnibus
218 1193 341 1239 honoratus
354 1191 433 1239 dolore
445 1192 515 1238 nimio
527 1191 667 1239 sauciabatur
677 1211 683 1250 ;
695 1202 718 1239 et
728 1192 829 1240 favorem

65 1260 190 1305 humanum
201 1274 242 1320 pro
250 1256 337 1302 foribus
344 1272 420 1302 arcens
431 1255 527 1302 faciebat
538 1255 579 1301 sibi
591 1273 603 1301 e
615 1257 706 1319 regione
716 1257 743 1303 ab
754 1257 830 1320 aliquo

65 1322 190 1387 exprobari.
222 1320 321 1367 Vocabat
337 1337 428 1384 quoque
444 1321 472 1367 ad
489 1337 512 1365 se
531 1319 623 1367 fratrem
639 1321 737 1385 aliquem
754 1323 831 1369 dicens

66 1389 101 1435 ei:
134 1388 178 1433 Per
189 1386 339 1434 obedientiam
351 1385 391 1432 tibi
402 1385 461 1444 dico,
473 1395 499 1431 ut
516 1385 571 1431 mihi
583 1385 669 1432 duriter
680 1387 792 1450 injuriaris
808 1398 831 1434 et

67 1462 144 1498 contra
155 1452 251 1498 istorum
263 1450 377 1496 mendacia
390 1466 442 1495 vera
457 1449 562 1512 loquaris.
597 1449 704 1513 Cumque
715 1451 784 1498 frater
795 1451 832 1497 ille

66 1517 119 1564 licet
151 1516 236 1563 invitus
264 1531 316 1560 eum
342 1514 461 1569 rusticum,
489 1514 650 1561 mercenarium
677 1524 700 1561 et
727 1515 831 1563 inutilem

67 1581 179 1637 diceret,¹⁸
195 1579 315 1626 subridens
331 1588 354 1625 et
370 1577 508 1640 applaudens
522 1578 648 1640 plurimum
667 1580 831 1641 respondebat:

67 1645 190 1691 Benedicat
201 1643 242 1689 tibi
257 1643 372 1700 dominus,
392 1643 444 1705 quia
460 1642 576 1689 verissima
591 1642 698 1706 loqueris,
710 1644 760 1690 talia
771 1644 831 1692 enim

68 1710 132 1756 decet
151 1709 228 1755 audire
250 1707 323 1753 filium
342 1707 400 1767 petri
417 1707 446 1752 de
461 1707 645 1761 bernardone3¹⁹
663 1709 694 1753 sic
701 1716 717 1733 ²⁰
738 1709 833 1771 loquens

69 1772 191 1819 nativitatis
202 1788 241 1817 sue
247 1779 262 1796 ²¹
273 1770 398 1832 primordia
414 1769 549 1817 recolebat.²²
588 1770 649 1816 Nam
666 1782 692 1817 ut
702 1788 725 1816 se
736 1771 833 1833 perfecte

69 1835 260 1899 contemptibilem
267 1836 433 1882 demonstraret
443 1842 486 1881 et²3
494 1850 547 1881 vere
554 1832 701 1882 confessionis
706 1836 833 1899 exemplum

70 1902 148 1948 ceteris
160 1899 280 1958 exhiberet,
292 1916 344 1945 cum
357 1900 380 1944 in
388 1898 464 1962 aliquo
472 1898 624 1962 delinquebat,
636 1917 682 1947 non
690 1901 833 1949 erubescebat

69 1966 125 2012 illud
137 1966 183 2010 ina
194 1965 347 2026 predicatione
356 1971 371 1995 ²⁴
382 1980 457 2009 coram
468 1965 531 2009 omni
541 1963 627 2024 populo
637 1965 764 2011 confiteri.²⁵

117 2029 191 2074 Immo
208 2028 226 2073 si
242 2026 300 2073 forte
317 2027 406 2073 sinistra
422 2027 558 2090 cogitatione
571 2027 598 2073 de
609 2028 686 2091 aliquo
697 2038 834 2094 tangeretur,

70 2095 106 2140 vel
123 2110 174 2140 casu
195 2108 311 2157 quoquam
319 2092 335 2117 ²⁶
354 2092 487 2139 invectionis
506 2092 619 2139 emitteret
638 2093 741 2152 verbum,
761 2095 835 2141 statim

70 2175 123 2205 cum
142 2159 205 2204 omni
221 2157 348 2203 humilitate
367 2156 471 2214 illimet‚²⁷
488 2156 517 2203 de
533 2174 580 2221 quo
593 2158 708 2205 sinistrum
720 2160 835 2223 quidpiam

70 2224 207 2287 cogitaverat
225 2222 261 2269 vel
279 2223 372 2279 dixerat,
390 2232 506 2284 peccatum
525 2224 641 2281 confitens,
658 2224 685 2270 ab
702 2240 730 2270 eo
746 2225 835 2272 veniam

71 2287 223 2348 postulabat28
254 2287 338 2332 Totius
348 2287 475 2331 innocentie
486 2288 620 2333 conscientia
628 2289 690 2333 testis
698 2304 743 2333 non
752 2289 837 2335 sinebat

71 2366 123 2396 eum
149 2351 270 2414 quiescere,
291 2349 354 2395 omni
381 2348 531 2396 sollicitudine
557 2368 581 2396 se
607 2350 744 2410 custodiens,
765 2352 837 2399 donec

73 2416 154 2463 vulnus
173 2414 255 2463 mentis
274 2414 395 2461 mulcendo
417 2425 508 2462 sanaret.
543 2415 570 2462 In
592 2416 654 2462 omni
676 2426 734 2463 certe
755 2433 836 2480 genere

73 2480 206 2528 notabilium
223 2481 338 2542 proficere,
349 2496 396 2526 non
412 2480 510 2542 prospici
521 2481 635 2543 cupiebat,
648 2481 721 2528 modis
731 2483 837 2530 omnibus

112 2597 127 2622 ¹⁷
141 2597 180 2632 Ox,
189 2595 232 2632 adds
242 2608 265 2632 se.
378 2593 393 2616 ¹⁸
407 2596 440 2630 Os.
449 2595 502 2631 dicet.
619 2599 634 2624 1⁹
648 2597 680 2633 Os.
690 2595 785 2634 Bernardo.

111 2649 127 2668 ²⁰
141 2648 163 2683 E.
172 2658 291 2683 urnacouuu.
455 2650 469 2668 ²¹
484 2648 524 2691 Os,
534 2648 573 2685 Ox.
583 2647 617 2684 and
625 2646 657 2684 W.
666 2647 701 2684 add
709 2648 786 2686 humilia.

112 2701 127 2718 ²²
141 2700 179 2735 Ox.
189 2710 239 2736 noun
248 2710 271 2734 ar
280 2710 327 2734 rura
337 2709 435 2735 consessio.
539 2702 554 2726 ²³
569 2700 593 2737 L.
602 2699 636 2736 aud
646 2701 679 2737 Os.
688 2699 723 2736 add
732 2702 789 2738 etiam.

112 2752 128 2779 24
142 2752 174 2788 Os.
184 2752 241 2788 omits.
400 2751 416 2778 ²5
425 2749 453 2787 H.
463 2751 497 2787 and
506 2750 537 2788 W.
548 2765 593 2788 urna
602 2764 625 2788 ar
633 2765 680 2789 vana
688 2765 786 2792 consessio,

112 2800 128 2823 ²⁶
142 2804 174 2839 Os.
183 2803 265 2853 quodam.
368 2803 384 2829 ²⁷
398 2804 431 2839 Os.
440 2804 509 2839 istimet.
612 2802 628 2825 ²⁸
642 2806 674 2841 Os,
684 2804 781 2854 postulavit.
