1919 3169
135 54 162 97 18
351 48 513 94 LEGENDA
529 48 687 108 ANTIQUA

134 155 186 194 ante
199 145 323 201 transactis,
335 160 402 210 quam
415 153 442 191 et
459 145 483 190 in
500 145 543 190 hoc
560 143 651 190 homine
669 142 719 190 fore
736 142 901 206 complendam,

135 212 221 275 Spiritu
232 221 309 257 sancto
320 210 421 265 docente,
430 209 532 255 affirmat.
565 209 659 255 Viderat
676 209 700 253 in
717 210 818 271 sompnis
835 210 902 254 later-

136 294 240 325 anensem
251 275 363 322 basilicam
374 273 423 320 fore
439 274 565 336 proximam
581 274 624 321 iam
641 274 711 329 ruine,
724 289 793 337 quam
810 274 901 339 quidam

137 344 254 405 religiosus
271 342 347 395 homo,
365 339 468 385 modicus
480 350 502 384 et
519 340 643 400 despectus,
655 339 748 399 proprio
765 339 833 384 dorso
850 339 901 384 sub-

138 407 213 465 misso,
224 422 252 450 ne
269 405 364 460 caderet,
383 402 528 449 sustentabat.
561 402 628 457 Vere,
646 401 735 467 inquid,
752 402 789 448 hic
806 402 843 448 ille
860 412 900 458 est,

138 473 185 537 qui,
212 485 280 534 opere
306 485 331 515 ac
358 467 460 514 doctrina
489 468 574 524 christi,
601 466 751 514 substentabit
781 466 900 516 ecclesiam.

138 538 193 583 Inde
215 535 321 581 dominus
343 533 380 579 ille
402 533 507 594 petitioni
526 532 573 579 eius
594 533 638 578 iam
660 531 723 579 facile
748 550 770 578 se
796 532 902 579 inclinat:

138 601 191 645 hinc
201 600 237 644 dei
248 598 369 643 devotione
383 599 483 659 repletus
499 597 577 643 christi
591 596 703 642 famulum
716 598 804 656 speciali
817 613 904 657 semper

140 664 217 710 dilexit
238 677 329 717 amore3
357 661 452 722 proinde
473 662 588 722 postulata
612 661 658 706 cito
680 660 787 707 concessit
815 670 837 706 et
862 661 905 706 hiis

139 728 205 790 plura
233 726 306 773 adhuc
333 726 430 772 devotus
458 725 579 771 concedere
606 725 741 787 repromisit.
774 726 841 788 Cepit
867 741 903 770 ex-

140 794 199 850 inde,
216 792 348 839 auctoritate
369 790 411 837 sibi
428 806 537 846 concessa,
553 790 667 837 virtutum
689 790 773 836 semina
795 806 905 853 spargere,

141 859 242 904 civitates
259 868 281 903 et
298 855 386 902 castella
402 855 510 901 circuiens
526 855 639 917 predicare
656 854 786 901 ferventius.

66 1002 105 1041 Fal.
115 1006 136 1041 18
310 999 344 1041 De
358 999 443 1041 Sancta
458 999 533 1040 Maria
546 999 575 1040 de
589 999 735 1042 Portiuncala

105 1104 135 1148 [Β]
187 1068 295 1159 Servus
324 1100 360 1145 dei
394 1098 539 1146 Francischus
571 1115 664 1160 persona
696 1098 806 1156 modicuS,
834 1111 908 1146 mente

141 1164 238 1221 humilis,
255 1163 394 1226 professione
411 1164 491 1220 minor,
507 1164 530 1209 in
546 1163 622 1210 seculo
637 1164 726 1227 degens,
739 1165 907 1226 portiunculam

140 1247 183 1291 pro
199 1246 222 1274 se
238 1239 261 1273 et
274 1229 319 1273 suis
330 1229 358 1274 de
369 1229 454 1273 mundo
465 1228 540 1289 elegit,
551 1245 578 1272 ex
589 1246 636 1290 quo
647 1230 711 1274 aliter
726 1229 811 1274 christo
822 1230 863 1274 nisi
880 1231 908 1276 de

142 1294 230 1340 mundo
241 1291 326 1354 aliquid
344 1290 440 1349 haberet,
452 1293 535 1336 servire
546 1308 591 1336 non
602 1292 684 1354 potuit.
718 1293 772 1338 Non
787 1293 847 1337 enirn
860 1293 908 1338 sine

141 1356 272 1421 prescientia
282 1356 354 1404 divini
365 1356 455 1414 oraculi,
464 1373 476 1403 a
484 1356 563 1404 diebus
572 1357 677 1421 antiquis,
686 1357 827 1419 portiuncula
835 1358 909 1405 dictus

141 1434 175 1469 est
183 1424 254 1479 locus,
263 1423 303 1485 qui
312 1420 406 1467 debebat
417 1422 439 1466 in
449 1422 540 1467 illorum
549 1422 625 1467 cedere
633 1433 724 1480 sortem,
736 1424 776 1484 qui
785 1424 813 1469 de
822 1423 909 1469 mundo

142 1487 261 1550 cupiebant
271 1487 360 1548 penitus
371 1485 402 1531 nil
413 1485 500 1531 habere.

190 1551 251 1597 Nam
262 1561 285 1595 et
296 1552 319 1595 in
330 1567 364 1606 eo,
372 1551 465 1611 virginis
475 1552 559 1606 matris,
567 1551 656 1596 ecclesia
666 1561 713 1596 erat
722 1561 857 1607 constructa,
864 1568 909 1614 que

142 1634 182 1662 sua
203 1614 310 1677 singulari
331 1613 457 1659 humilitate
479 1615 561 1660 meruit
581 1625 633 1675 post
654 1615 725 1660 filium
747 1632 814 1661 suum
836 1616 908 1676 capud

143 1681 245 1727 omnium
256 1696 303 1724 esse
313 1679 452 1724 Sanctorum.
486 1678 513 1725 In
530 1695 555 1725 ea
570 1679 684 1725 minorum
701 1678 759 1726 ordo
774 1679 909 1742 principium

142 1745 245 1806 sumpsit,
253 1744 337 1791 ibidem
349 1743 466 1805 multiplici
478 1760 580 1801 numero,
587 1743 656 1791 velud
668 1760 734 1806 super
745 1744 823 1790 stabile
834 1745 909 1791 firma-

143 1820 253 1864 mentum,
269 1824 348 1854 eorum
366 1808 447 1853 nobilis
465 1818 580 1854 structura
596 1810 698 1855 surrexit.
743 1810 816 1854 Hunc
832 1811 908 1856 locum

142 1884 231 1919 sanctus
241 1873 352 1918 adamavit
369 1887 408 1931 pre
424 1872 536 1926 omnibus,
547 1874 608 1917 hunc
619 1874 718 1933 precepit
729 1872 808 1917 fratres
821 1874 909 1935 speciali

142 1936 266 1984 reverentia
293 1935 400 1992 venerari,
422 1935 483 1980 hunc
511 1936 579 1981 velud
606 1936 723 1997 speculum
750 1936 864 2000 religionis
886 1939 908 1983 in

142 2002 269 2049 humilitate
285 2018 309 2047 ac
325 2009 463 2064 paupertate,
478 1999 583 2046 altissima
600 2017 687 2063 semper
702 2001 776 2048 voluit
793 2002 909 2061 custodiri,

143 2068 303 2131 proprietatem
314 2081 378 2111 exeo
390 2065 438 2111 aliis
448 2081 568 2122 reservans,
579 2062 621 2111 sibi
632 2077 654 2111 et
670 2067 715 2112 suis
728 2067 825 2113 retinens
842 2084 909 2113 usum

142 2144 237 2179 tantum.
262 2130 394 2176 Servabatur
405 2129 489 2176 ibidem
499 2132 633 2192 rigidissima
644 2132 666 2176 in
678 2131 782 2177 omnibus
794 2132 910 2194 disciplina

142 2206 189 2242 tam
200 2195 289 2240 silentio
300 2203 322 2239 et
333 2194 416 2247 labore,
428 2209 496 2255 quam
507 2196 584 2240 ceteris
595 2196 734 2257 regularibus
744 2196 861 2242 institutis.

191 2260 290 2315 Nemini,
298 2260 339 2305 nisi
350 2258 473 2319 specialiter
483 2257 590 2305 fratribus
597 2260 717 2322 deputatis,
726 2258 809 2306 ibidem
821 2260 910 2321 patebat

143 2326 263 2388 ingressus,
275 2341 332 2387 quos
343 2323 445 2385 undique
456 2335 587 2385 aggregatos
597 2324 687 2371 volebat
701 2335 790 2371 sanctus
800 2342 847 2371 esse
858 2342 910 2371 vere

144 2391 238 2438 devotos
257 2398 280 2435 ct
299 2405 326 2435 ex
345 2388 407 2434 omni
424 2397 485 2450 parte
502 2388 626 2450 perfectos:
650 2388 680 2435 sic
697 2400 720 2435 et
737 2391 800 2437 omni
818 2390 909 2437 seculari

143 2471 236 2516 persone
252 2455 325 2500 omnis
342 2454 431 2514 penitus
449 2453 620 2513 precludebatur
639 2455 753 2502 introitus,
800 2456 908 2510 Nolebat,

143 2529 170 2565 ut
181 2518 260 2564 fratres
271 2517 390 2563 existentes
400 2515 489 2572 ibidem,
499 2517 537 2580 qui
546 2517 589 2562 sub
597 2527 658 2563 certo
669 2534 763 2564 numero
773 2519 908 2576 artabantur,

143 2585 170 2632 ad
186 2582 319 2631 secularium
335 2581 466 2628 relationem
483 2592 585 2645 paterent
600 2581 698 2639 auribus,
717 2600 752 2640 ne,
771 2584 910 2647 contempla-

142 2651 204 2696 tione
227 2649 352 2694 intermissa
375 2646 495 2704 celestium,
515 2649 542 2694 ad
562 2648 694 2695 inferiorum
716 2651 848 2696 commercia
870 2666 910 2712 per

142 2714 293 2774 rumigerulos
308 2713 457 2758 traherentur.

191 2778 245 2824 Non
264 2776 343 2822 licebat
360 2775 443 2822 ibidem
462 2775 526 2822 alicui
548 2777 620 2823 otiosa
642 2776 749 2839 proferre,
769 2794 808 2825 nec
826 2779 909 2824 referre
