<?xml version="1.0" encoding="UTF-8"?>
<!DOCTYPE html PUBLIC "-//W3C//DTD XHTML 1.0 Transitional//EN"
    "http://www.w3.org/TR/xhtml1/DTD/xhtml1-transitional.dtd">
<html xmlns="http://www.w3.org/1999/xhtml" xml:lang="en" lang="en">
 <head>
  <title>
</title>
<meta http-equiv="Content-Type" content="text/html;charset=utf-8" />
  <meta name='ocr-system' content='tesseract 3.04.00' />
  <meta name='ocr-capabilities' content='ocr_page ocr_carea ocr_par ocr_line ocrx_word'/>
</head>
<body>
  <div class='ocr_page' id='page_1' title='image "./MN5146ucmf_4_0260.png"; bbox 0 0 1919 3169; ppageno 0'>
   <div class='ocr_carea' id='block_1_1' title="bbox 146 50 696 114">
    <p class='ocr_par' dir='ltr' id='par_1_1' title="bbox 146 50 696 114">
     <span class='ocr_line' id='line_1_1' title="bbox 146 50 696 114; baseline 0.011 -20"><span class='ocrx_word' id='word_1_1' title='bbox 146 67 176 111; x_wconf 88' lang='lat'>94</span> <span class='ocrx_word' id='word_1_2' title='bbox 363 50 523 98; x_wconf 81' lang='lat' dir='ltr'><strong>LEGENDA</strong></span> <span class='ocrx_word' id='word_1_3' title='bbox 540 52 696 114; x_wconf 74' lang='lat' dir='ltr'><strong>ANTIQUA</strong></span> 
     </span>
    </p>
   </div>
   <div class='ocr_carea' id='block_1_2' title="bbox 145 149 914 404">
    <p class='ocr_par' dir='ltr' id='par_1_2' title="bbox 145 149 914 404">
     <span class='ocr_line' id='line_1_2' title="bbox 145 149 914 211; baseline 0.001 -19"><span class='ocrx_word' id='word_1_4' title='bbox 145 158 220 193; x_wconf 91' lang='lat' dir='ltr'>tamen</span> <span class='ocrx_word' id='word_1_5' title='bbox 239 149 329 194; x_wconf 86' lang='lat' dir='ltr'>volebat</span> <span class='ocrx_word' id='word_1_6' title='bbox 349 149 411 193; x_wconf 91' lang='lat' dir='ltr'>omni</span> <span class='ocrx_word' id='word_1_7' title='bbox 430 149 516 192; x_wconf 87' lang='lat' dir='ltr'>honore</span> <span class='ocrx_word' id='word_1_8' title='bbox 535 151 647 210; x_wconf 85' lang='lat' dir='ltr'>preveniri</span> <span class='ocrx_word' id='word_1_9' title='bbox 666 160 688 194; x_wconf 93' lang='lat' dir='ltr'>et</span> <span class='ocrx_word' id='word_1_10' title='bbox 707 150 779 211; x_wconf 76' lang='lat' dir='ltr'>diligi,</span> <span class='ocrx_word' id='word_1_11' title='bbox 796 151 854 194; x_wconf 90' lang='lat' dir='ltr'>sicut</span> <span class='ocrx_word' id='word_1_12' title='bbox 873 149 914 211; x_wconf 90' lang='lat' dir='ltr'>qui</span> 
     </span>
     <span class='ocr_line' id='line_1_3' title="bbox 145 211 914 275; baseline 0.001 -18"><span class='ocrx_word' id='word_1_13' title='bbox 145 213 236 273; x_wconf 91' lang='lat' dir='ltr'>pondus</span> <span class='ocrx_word' id='word_1_14' title='bbox 246 222 363 275; x_wconf 88' lang='lat' dir='ltr'>portarent</span> <span class='ocrx_word' id='word_1_15' title='bbox 374 211 554 259; x_wconf 76' lang='lat' dir='ltr'>sollicitudinum</span> <span class='ocrx_word' id='word_1_16' title='bbox 571 225 593 260; x_wconf 92' lang='lat' dir='ltr'>et</span> <span class='ocrx_word' id='word_1_17' title='bbox 609 213 720 261; x_wconf 89' lang='lat' dir='ltr'>laborum.</span> <span class='ocrx_word' id='word_1_18' title='bbox 755 215 860 261; x_wconf 89' lang='lat' dir='ltr'>Summos</span> <span class='ocrx_word' id='word_1_19' title='bbox 877 228 914 259; x_wconf 89' lang='lat' dir='ltr'>eos</span> 
     </span>
     <span class='ocr_line' id='line_1_4' title="bbox 145 277 914 342; baseline 0 -20"><span class='ocrx_word' id='word_1_20' title='bbox 145 278 237 339; x_wconf 87' lang='lat' dir='ltr'>premiis</span> <span class='ocrx_word' id='word_1_21' title='bbox 248 278 308 340; x_wconf 91' lang='lat' dir='ltr'>apud</span> <span class='ocrx_word' id='word_1_22' title='bbox 319 278 388 323; x_wconf 91' lang='lat' dir='ltr'>deum</span> <span class='ocrx_word' id='word_1_23' title='bbox 399 294 446 323; x_wconf 85' lang='lat' dir='ltr'>esse</span> <span class='ocrx_word' id='word_1_24' title='bbox 457 277 551 336; x_wconf 83' lang='lat' dir='ltr'>dicebat,</span> <span class='ocrx_word' id='word_1_25' title='bbox 563 279 603 342; x_wconf 91' lang='lat' dir='ltr'>qui</span> <span class='ocrx_word' id='word_1_26' title='bbox 615 280 653 325; x_wconf 86' lang='lat' dir='ltr'>tali</span> <span class='ocrx_word' id='word_1_27' title='bbox 671 278 752 334; x_wconf 84' lang='lat' dir='ltr'>forma,</span> <span class='ocrx_word' id='word_1_28' title='bbox 763 279 848 342; x_wconf 85' lang='lat' dir='ltr'>talique</span> <span class='ocrx_word' id='word_1_29' title='bbox 865 277 914 340; x_wconf 91' lang='lat' dir='ltr'>lege</span> 
     </span>
     <span class='ocr_line' id='line_1_5' title="bbox 145 342 555 404; baseline 0.01 -18"><span class='ocrx_word' id='word_1_30' title='bbox 145 342 239 389; x_wconf 90' lang='lat' dir='ltr'>creditas</span> <span class='ocrx_word' id='word_1_31' title='bbox 249 343 291 389; x_wconf 90' lang='lat' dir='ltr'>sibi</span> <span class='ocrx_word' id='word_1_32' title='bbox 302 342 386 388; x_wconf 87' lang='lat' dir='ltr'>animas</span> <span class='ocrx_word' id='word_1_33' title='bbox 397 342 555 404; x_wconf 79' lang='lat' dir='ltr'>gubernarent.</span> 
     </span>
    </p>
   </div>
   <div class='ocr_carea' id='block_1_3' title="bbox 66 505 914 597">
    <p class='ocr_par' dir='ltr' id='par_1_3' title="bbox 66 505 914 597">
     <span class='ocr_line' id='line_1_6' title="bbox 66 505 914 597; baseline -0.002 -16"><span class='ocrx_word' id='word_1_34' title='bbox 66 505 142 596; x_wconf 54' lang='lat' dir='ltr'>iiiiii</span> <span class='ocrx_word' id='word_1_35' title='bbox 194 505 369 596; x_wconf 68' lang='lat' dir='ltr'>Interrogatus</span> <span class='ocrx_word' id='word_1_36' title='bbox 380 550 393 579; x_wconf 92' lang='lat' dir='ltr'>a</span> <span class='ocrx_word' id='word_1_37' title='bbox 403 532 504 597; x_wconf 88' lang='lat' dir='ltr'>quodam</span> <span class='ocrx_word' id='word_1_38' title='bbox 515 533 583 580; x_wconf 88' lang='lat' dir='ltr'>fratre</span> <span class='ocrx_word' id='word_1_39' title='bbox 594 534 670 591; x_wconf 85' lang='lat' dir='ltr'>semel,</span> <span class='ocrx_word' id='word_1_40' title='bbox 682 549 721 581; x_wconf 91' lang='lat' dir='ltr'>cur</span> <span class='ocrx_word' id='word_1_41' title='bbox 739 533 819 580; x_wconf 89' lang='lat' dir='ltr'>fratres</span> <span class='ocrx_word' id='word_1_42' title='bbox 837 549 914 580; x_wconf 91' lang='lat' dir='ltr'>omnes</span> 
     </span>
    </p>
   </div>
   <div class='ocr_carea' id='block_1_4' title="bbox 145 598 918 2001">
    <p class='ocr_par' dir='ltr' id='par_1_4' title="bbox 145 598 915 1048">
     <span class='ocr_line' id='line_1_7' title="bbox 145 598 913 658; baseline 0.001 -13"><span class='ocrx_word' id='word_1_43' title='bbox 145 602 204 647; x_wconf 90' lang='lat' dir='ltr'>sica</span> <span class='ocrx_word' id='word_1_44' title='bbox 221 617 261 645; x_wconf 92' lang='lat' dir='ltr'>sua</span> <span class='ocrx_word' id='word_1_45' title='bbox 279 598 381 644; x_wconf 88' lang='lat' dir='ltr'>custodia</span> <span class='ocrx_word' id='word_1_46' title='bbox 398 599 491 645; x_wconf 89' lang='lat' dir='ltr'>reiectos</span> <span class='ocrx_word' id='word_1_47' title='bbox 508 600 586 645; x_wconf 88' lang='lat' dir='ltr'>alienis</span> <span class='ocrx_word' id='word_1_48' title='bbox 604 616 642 645; x_wconf 92' lang='lat' dir='ltr'>eos</span> <span class='ocrx_word' id='word_1_49' title='bbox 661 600 784 646; x_wconf 84' lang='lat' dir='ltr'>tradiderat</span> <span class='ocrx_word' id='word_1_50' title='bbox 802 599 913 658; x_wconf 69' lang='lat' dir='ltr'>manibus³</span> 
     </span>
     <span class='ocr_line' id='line_1_8' title="bbox 145 662 915 726; baseline -0.001 -16"><span class='ocrx_word' id='word_1_51' title='bbox 145 666 208 726; x_wconf 86' lang='lat' dir='ltr'>quasi</span> <span class='ocrx_word' id='word_1_52' title='bbox 228 664 256 709; x_wconf 89' lang='lat' dir='ltr'>ad</span> <span class='ocrx_word' id='word_1_53' title='bbox 275 679 328 708; x_wconf 91' lang='lat' dir='ltr'>eum</span> <span class='ocrx_word' id='word_1_54' title='bbox 348 662 477 709; x_wconf 87' lang='lat' dir='ltr'>nullatenus</span> <span class='ocrx_word' id='word_1_55' title='bbox 496 665 639 724; x_wconf 85' lang='lat' dir='ltr'>pertinerent,</span> <span class='ocrx_word' id='word_1_56' title='bbox 658 664 790 725; x_wconf 90' lang='lat' dir='ltr'>respondit:</span> <span class='ocrx_word' id='word_1_57' title='bbox 825 664 915 709; x_wconf 88' lang='lat' dir='ltr'>Fratres</span> 
     </span>
     <span class='ocr_line' id='line_1_9' title="bbox 145 727 914 790; baseline -0.001 -17"><span class='ocrx_word' id='word_1_58' title='bbox 145 727 216 790; x_wconf 85' lang='lat' dir='ltr'>diligo</span> <span class='ocrx_word' id='word_1_59' title='bbox 233 727 292 772; x_wconf 87' lang='lat' dir='ltr'>sicut</span> <span class='ocrx_word' id='word_1_60' title='bbox 308 741 417 787; x_wconf 82' lang='lat' dir='ltr'>possum3</span> <span class='ocrx_word' id='word_1_61' title='bbox 439 728 478 773; x_wconf 91' lang='lat' dir='ltr'>sed</span> <span class='ocrx_word' id='word_1_62' title='bbox 495 727 514 772; x_wconf 90' lang='lat' dir='ltr'>si</span> <span class='ocrx_word' id='word_1_63' title='bbox 532 744 581 773; x_wconf 90' lang='lat' dir='ltr'>mea</span> <span class='ocrx_word' id='word_1_64' title='bbox 597 737 744 789; x_wconf 84' lang='lat' dir='ltr'>sequerentur</span> <span class='ocrx_word' id='word_1_65' title='bbox 762 728 863 789; x_wconf 83' lang='lat' dir='ltr'>vestigia,</span> <span class='ocrx_word' id='word_1_66' title='bbox 876 743 914 772; x_wconf 90' lang='lat' dir='ltr'>eos</span> 
     </span>
     <span class='ocr_line' id='line_1_10' title="bbox 145 791 913 854; baseline -0.003 -16"><span class='ocrx_word' id='word_1_67' title='bbox 145 794 225 854; x_wconf 88' lang='lat' dir='ltr'>utique</span> <span class='ocrx_word' id='word_1_68' title='bbox 236 791 287 852; x_wconf 91' lang='lat' dir='ltr'>plus</span> <span class='ocrx_word' id='word_1_69' title='bbox 298 806 403 846; x_wconf 84' lang='lat' dir='ltr'>amarem,</span> <span class='ocrx_word' id='word_1_70' title='bbox 415 807 456 836; x_wconf 89' lang='lat' dir='ltr'>nec</span> <span class='ocrx_word' id='word_1_71' title='bbox 467 808 503 836; x_wconf 90' lang='lat' dir='ltr'>me</span> <span class='ocrx_word' id='word_1_72' title='bbox 513 791 558 837; x_wconf 90' lang='lat' dir='ltr'>illis</span> <span class='ocrx_word' id='word_1_73' title='bbox 575 793 693 839; x_wconf 89' lang='lat' dir='ltr'>redderem</span> <span class='ocrx_word' id='word_1_74' title='bbox 710 791 817 838; x_wconf 83' lang='lat' dir='ltr'>alienum.</span> <span class='ocrx_word' id='word_1_75' title='bbox 853 791 913 836; x_wconf 91' lang='lat' dir='ltr'>Nam</span> 
     </span>
     <span class='ocr_line' id='line_1_11' title="bbox 145 855 913 919; baseline 0 -18"><span class='ocrx_word' id='word_1_76' title='bbox 145 867 198 904; x_wconf 92' lang='lat' dir='ltr'>sunt</span> <span class='ocrx_word' id='word_1_77' title='bbox 209 856 303 919; x_wconf 90' lang='lat' dir='ltr'>quidam</span> <span class='ocrx_word' id='word_1_78' title='bbox 314 855 343 901; x_wconf 90' lang='lat' dir='ltr'>de</span> <span class='ocrx_word' id='word_1_79' title='bbox 354 872 450 902; x_wconf 86' lang='lat' dir='ltr'>numero</span> <span class='ocrx_word' id='word_1_80' title='bbox 461 855 606 916; x_wconf 80' lang='lat' dir='ltr'>prelatorum,</span> <span class='ocrx_word' id='word_1_81' title='bbox 619 857 659 919; x_wconf 91' lang='lat' dir='ltr'>qui</span> <span class='ocrx_word' id='word_1_82' title='bbox 670 873 708 901; x_wconf 91' lang='lat' dir='ltr'>eos</span> <span class='ocrx_word' id='word_1_83' title='bbox 719 856 746 902; x_wconf 92' lang='lat' dir='ltr'>ad</span> <span class='ocrx_word' id='word_1_84' title='bbox 758 856 800 901; x_wconf 87' lang='lat' dir='ltr'>alia</span> <span class='ocrx_word' id='word_1_85' title='bbox 813 856 913 913; x_wconf 85' lang='lat' dir='ltr'>trahunt,</span> 
     </span>
     <span class='ocr_line' id='line_1_12' title="bbox 145 920 914 985; baseline -0.003 -17"><span class='ocrx_word' id='word_1_86' title='bbox 145 922 293 985; x_wconf 90' lang='lat' dir='ltr'>antiquorum</span> <span class='ocrx_word' id='word_1_87' title='bbox 304 920 336 965; x_wconf 89' lang='lat' dir='ltr'>eis</span> <span class='ocrx_word' id='word_1_88' title='bbox 346 930 498 982; x_wconf 90' lang='lat' dir='ltr'>proponentes</span> <span class='ocrx_word' id='word_1_89' title='bbox 509 921 611 983; x_wconf 82' lang='lat' dir='ltr'>exempla</span> <span class='ocrx_word' id='word_1_90' title='bbox 626 931 649 967; x_wconf 90' lang='lat' dir='ltr'>et</span> <span class='ocrx_word' id='word_1_91' title='bbox 665 937 746 983; x_wconf 88' lang='lat' dir='ltr'>parum</span> <span class='ocrx_word' id='word_1_92' title='bbox 762 937 812 967; x_wconf 90' lang='lat' dir='ltr'>mea</span> <span class='ocrx_word' id='word_1_93' title='bbox 827 921 914 967; x_wconf 91' lang='lat' dir='ltr'>monita</span> 
     </span>
     <span class='ocr_line' id='line_1_13' title="bbox 145 985 730 1048; baseline 0.003 -18"><span class='ocrx_word' id='word_1_94' title='bbox 145 996 282 1048; x_wconf 90' lang='lat' dir='ltr'>reputantes.</span> <span class='ocrx_word' id='word_1_95' title='bbox 315 986 357 1030; x_wconf 85' lang='lat' dir='ltr'>Sed</span> <span class='ocrx_word' id='word_1_96' title='bbox 368 985 424 1046; x_wconf 91' lang='lat' dir='ltr'>quid</span> <span class='ocrx_word' id='word_1_97' title='bbox 435 996 509 1046; x_wconf 85' lang='lat' dir='ltr'>agant,</span> <span class='ocrx_word' id='word_1_98' title='bbox 521 987 544 1030; x_wconf 94' lang='lat' dir='ltr'>in</span> <span class='ocrx_word' id='word_1_99' title='bbox 555 987 599 1031; x_wconf 88' lang='lat' dir='ltr'>fine</span> <span class='ocrx_word' id='word_1_100' title='bbox 610 987 730 1032; x_wconf 88' lang='lat' dir='ltr'>videbitur.</span> 
     </span>
    </p>

    <p class='ocr_par' dir='ltr' id='par_1_5' title="bbox 145 1048 918 2001">
     <span class='ocr_line' id='line_1_14' title="bbox 193 1048 914 1113; baseline -0.001 -17"><span class='ocrx_word' id='word_1_101' title='bbox 193 1050 225 1096; x_wconf 91' lang='lat' dir='ltr'>Et</span> <span class='ocrx_word' id='word_1_102' title='bbox 241 1048 310 1111; x_wconf 90' lang='lat' dir='ltr'>paulo</span> <span class='ocrx_word' id='word_1_103' title='bbox 327 1059 379 1110; x_wconf 90' lang='lat' dir='ltr'>post</span> <span class='ocrx_word' id='word_1_104' title='bbox 396 1066 448 1095; x_wconf 90' lang='lat' dir='ltr'>cum</span> <span class='ocrx_word' id='word_1_105' title='bbox 466 1049 595 1095; x_wconf 88' lang='lat' dir='ltr'>infirmitate</span> <span class='ocrx_word' id='word_1_106' title='bbox 613 1050 682 1095; x_wconf 91' lang='lat' dir='ltr'>nimia</span> <span class='ocrx_word' id='word_1_107' title='bbox 698 1061 835 1113; x_wconf 85' lang='lat' dir='ltr'>gravaretur,</span> <span class='ocrx_word' id='word_1_108' title='bbox 846 1049 914 1095; x_wconf 91' lang='lat' dir='ltr'>vehe-</span> 
     </span>
     <span class='ocr_line' id='line_1_15' title="bbox 145 1113 914 1178; baseline -0.001 -17"><span class='ocrx_word' id='word_1_109' title='bbox 145 1115 230 1161; x_wconf 90' lang='lat' dir='ltr'>mentia</span> <span class='ocrx_word' id='word_1_110' title='bbox 241 1113 332 1177; x_wconf 86' lang='lat' dir='ltr'>spiritus</span> <span class='ocrx_word' id='word_1_111' title='bbox 343 1114 367 1159; x_wconf 89' lang='lat' dir='ltr'>in</span> <span class='ocrx_word' id='word_1_112' title='bbox 377 1115 462 1161; x_wconf 90' lang='lat' dir='ltr'>lectulo</span> <span class='ocrx_word' id='word_1_113' title='bbox 480 1131 502 1159; x_wconf 89' lang='lat' dir='ltr'>se</span> <span class='ocrx_word' id='word_1_114' title='bbox 516 1115 613 1161; x_wconf 84' lang='lat' dir='ltr'>direxit:</span> <span class='ocrx_word' id='word_1_115' title='bbox 632 1114 681 1168; x_wconf 90' lang='lat' dir='ltr'>Qui</span> <span class='ocrx_word' id='word_1_116' title='bbox 699 1124 753 1161; x_wconf 91' lang='lat' dir='ltr'>sunt</span> <span class='ocrx_word' id='word_1_117' title='bbox 769 1114 814 1170; x_wconf 86' lang='lat' dir='ltr'>isti,</span> <span class='ocrx_word' id='word_1_118' title='bbox 825 1114 856 1161; x_wconf 89' lang='lat' dir='ltr'>ait</span> <span class='ocrx_word' id='word_1_119' title='bbox 873 1115 914 1178; x_wconf 91' lang='lat' dir='ltr'>qui</span> 
     </span>
     <span class='ocr_line' id='line_1_16' title="bbox 146 1179 911 1242; baseline 0 -17"><span class='ocrx_word' id='word_1_120' title='bbox 146 1181 279 1242; x_wconf 85' lang='lat' dir='ltr'>religionem</span> <span class='ocrx_word' id='word_1_121' title='bbox 294 1196 368 1225; x_wconf 89' lang='lat' dir='ltr'>meam</span> <span class='ocrx_word' id='word_1_122' title='bbox 379 1190 401 1225; x_wconf 91' lang='lat' dir='ltr'>et</span> <span class='ocrx_word' id='word_1_123' title='bbox 417 1179 515 1226; x_wconf 85' lang='lat' dir='ltr'>fratrum</span> <span class='ocrx_word' id='word_1_124' title='bbox 533 1181 561 1226; x_wconf 93' lang='lat' dir='ltr'>de</span> <span class='ocrx_word' id='word_1_125' title='bbox 579 1180 634 1226; x_wconf 92' lang='lat' dir='ltr'>meis</span> <span class='ocrx_word' id='word_1_126' title='bbox 651 1179 755 1227; x_wconf 89' lang='lat' dir='ltr'>manibus</span> <span class='ocrx_word' id='word_1_127' title='bbox 772 1181 911 1242; x_wconf 88' lang='lat' dir='ltr'>repuerunt?</span> 
     </span>
     <span class='ocr_line' id='line_1_17' title="bbox 146 1243 913 1307; baseline 0 -19"><span class='ocrx_word' id='word_1_128' title='bbox 146 1245 168 1289; x_wconf 88' lang='lat' dir='ltr'>Si</span> <span class='ocrx_word' id='word_1_129' title='bbox 179 1245 207 1289; x_wconf 89' lang='lat' dir='ltr'>ad</span> <span class='ocrx_word' id='word_1_130' title='bbox 218 1243 320 1305; x_wconf 86' lang='lat' dir='ltr'>generale</span> <span class='ocrx_word' id='word_1_131' title='bbox 331 1243 455 1304; x_wconf 87' lang='lat' dir='ltr'>capitulum</span> <span class='ocrx_word' id='word_1_132' title='bbox 466 1261 556 1300; x_wconf 84' lang='lat' dir='ltr'>venero,</span> <span class='ocrx_word' id='word_1_133' title='bbox 568 1253 624 1289; x_wconf 91' lang='lat' dir='ltr'>tunc</span> <span class='ocrx_word' id='word_1_134' title='bbox 640 1244 672 1288; x_wconf 87' lang='lat' dir='ltr'>eis</span> <span class='ocrx_word' id='word_1_135' title='bbox 689 1244 812 1299; x_wconf 86' lang='lat' dir='ltr'>ostendam,</span> <span class='ocrx_word' id='word_1_136' title='bbox 823 1245 913 1307; x_wconf 91' lang='lat' dir='ltr'>qualem</span> 
     </span>
     <span class='ocr_line' id='line_1_18' title="bbox 146 1306 914 1370; baseline 0 -17"><span class='ocrx_word' id='word_1_137' title='bbox 146 1307 239 1354; x_wconf 89' lang='lat' dir='ltr'>habeam</span> <span class='ocrx_word' id='word_1_138' title='bbox 255 1306 405 1354; x_wconf 88' lang='lat' dir='ltr'>voluntatem.</span> <span class='ocrx_word' id='word_1_139' title='bbox 438 1307 470 1353; x_wconf 88' lang='lat' dir='ltr'>Et</span> <span class='ocrx_word' id='word_1_140' title='bbox 487 1308 575 1354; x_wconf 88' lang='lat' dir='ltr'>addidit</span> <span class='ocrx_word' id='word_1_141' title='bbox 592 1306 662 1354; x_wconf 87' lang='lat' dir='ltr'>frater</span> <span class='ocrx_word' id='word_1_142' title='bbox 679 1307 733 1361; x_wconf 81' lang='lat' dir='ltr'>ille;</span> <span class='ocrx_word' id='word_1_143' title='bbox 751 1308 874 1370; x_wconf 90' lang='lat' dir='ltr'>Numquid</span> <span class='ocrx_word' id='word_1_144' title='bbox 891 1317 914 1353; x_wconf 91' lang='lat' dir='ltr'>et</span> 
     </span>
     <span class='ocr_line' id='line_1_19' title="bbox 146 1371 914 1435; baseline -0.001 -17"><span class='ocrx_word' id='word_1_145' title='bbox 146 1371 293 1434; x_wconf 88' lang='lat' dir='ltr'>provinciales</span> <span class='ocrx_word' id='word_1_146' title='bbox 304 1371 355 1418; x_wconf 91' lang='lat' dir='ltr'>illos</span> <span class='ocrx_word' id='word_1_147' title='bbox 366 1372 488 1429; x_wconf 71' lang='lat' dir='ltr'>ministros</span> <span class='ocrx_word' id='word_1_148' title='bbox 500 1372 539 1435; x_wconf 92' lang='lat' dir='ltr'>qui</span> <span class='ocrx_word' id='word_1_149' title='bbox 550 1371 638 1419; x_wconf 90' lang='lat' dir='ltr'>tamdiu</span> <span class='ocrx_word' id='word_1_150' title='bbox 654 1371 758 1418; x_wconf 86' lang='lat' dir='ltr'>libertate</span> <span class='ocrx_word' id='word_1_151' title='bbox 774 1372 837 1418; x_wconf 85' lang='lat' dir='ltr'>abusi</span> <span class='ocrx_word' id='word_1_152' title='bbox 853 1382 914 1429; x_wconf 88' lang='lat' dir='ltr'>sunt,</span> 
     </span>
     <span class='ocr_line' id='line_1_20' title="bbox 147 1436 914 1501; baseline 0 -17"><span class='ocrx_word' id='word_1_153' title='bbox 147 1455 193 1484; x_wconf 92' lang='lat' dir='ltr'>non</span> <span class='ocrx_word' id='word_1_154' title='bbox 215 1436 328 1484; x_wconf 87' lang='lat' dir='ltr'>mutabis?</span> <span class='ocrx_word' id='word_1_155' title='bbox 370 1436 402 1483; x_wconf 86' lang='lat' dir='ltr'>Et</span> <span class='ocrx_word' id='word_1_156' title='bbox 423 1447 486 1499; x_wconf 88' lang='lat' dir='ltr'>pater</span> <span class='ocrx_word' id='word_1_157' title='bbox 507 1437 661 1501; x_wconf 86' lang='lat' dir='ltr'>ingemiscens,</span> <span class='ocrx_word' id='word_1_158' title='bbox 681 1436 776 1484; x_wconf 89' lang='lat' dir='ltr'>verbum</span> <span class='ocrx_word' id='word_1_159' title='bbox 798 1437 914 1499; x_wconf 90' lang='lat' dir='ltr'>respondit</span> 
     </span>
     <span class='ocr_line' id='line_1_21' title="bbox 146 1501 913 1564; baseline 0 -16"><span class='ocrx_word' id='word_1_160' title='bbox 146 1502 261 1549; x_wconf 86' lang='lat' dir='ltr'>terribile:</span> <span class='ocrx_word' id='word_1_161' title='bbox 289 1501 374 1548; x_wconf 89' lang='lat' dir='ltr'>Vivant</span> <span class='ocrx_word' id='word_1_162' title='bbox 400 1518 442 1562; x_wconf 90' lang='lat' dir='ltr'>pro</span> <span class='ocrx_word' id='word_1_163' title='bbox 468 1501 541 1558; x_wconf 87' lang='lat' dir='ltr'>libitu,</span> <span class='ocrx_word' id='word_1_164' title='bbox 571 1503 623 1564; x_wconf 89' lang='lat' dir='ltr'>quia</span> <span class='ocrx_word' id='word_1_165' title='bbox 650 1503 742 1549; x_wconf 89' lang='lat' dir='ltr'>minoris</span> <span class='ocrx_word' id='word_1_166' title='bbox 763 1512 796 1548; x_wconf 90' lang='lat' dir='ltr'>est</span> <span class='ocrx_word' id='word_1_167' title='bbox 821 1502 913 1564; x_wconf 88' lang='lat' dir='ltr'>dampni</span> 
     </span>
     <span class='ocr_line' id='line_1_22' title="bbox 147 1565 913 1627; baseline 0 -16"><span class='ocrx_word' id='word_1_168' title='bbox 147 1582 279 1627; x_wconf 90' lang='lat' dir='ltr'>paucorum,</span> <span class='ocrx_word' id='word_1_169' title='bbox 291 1582 360 1627; x_wconf 90' lang='lat' dir='ltr'>quam</span> <span class='ocrx_word' id='word_1_170' title='bbox 371 1565 497 1611; x_wconf 87' lang='lat' dir='ltr'>multorum</span> <span class='ocrx_word' id='word_1_171' title='bbox 508 1566 611 1626; x_wconf 90' lang='lat' dir='ltr'>perditio.</span> <span class='ocrx_word' id='word_1_172' title='bbox 645 1566 699 1610; x_wconf 92' lang='lat' dir='ltr'>Non</span> <span class='ocrx_word' id='word_1_173' title='bbox 717 1576 810 1626; x_wconf 89' lang='lat' dir='ltr'>propter</span> <span class='ocrx_word' id='word_1_174' title='bbox 827 1582 913 1622; x_wconf 84' lang='lat' dir='ltr'>omnes,</span> 
     </span>
     <span class='ocr_line' id='line_1_23' title="bbox 146 1628 914 1694; baseline 0.001 -19"><span class='ocrx_word' id='word_1_175' title='bbox 146 1630 186 1677; x_wconf 89' lang='lat' dir='ltr'>sed</span> <span class='ocrx_word' id='word_1_176' title='bbox 202 1640 294 1693; x_wconf 89' lang='lat' dir='ltr'>propter</span> <span class='ocrx_word' id='word_1_177' title='bbox 311 1629 422 1693; x_wconf 90' lang='lat' dir='ltr'>quosdam</span> <span class='ocrx_word' id='word_1_178' title='bbox 442 1628 535 1686; x_wconf 83' lang='lat' dir='ltr'>dicebat,</span> <span class='ocrx_word' id='word_1_179' title='bbox 555 1630 594 1694; x_wconf 90' lang='lat' dir='ltr'>qui</span> <span class='ocrx_word' id='word_1_180' title='bbox 613 1629 681 1675; x_wconf 89' lang='lat' dir='ltr'>nimia</span> <span class='ocrx_word' id='word_1_181' title='bbox 698 1631 806 1692; x_wconf 90' lang='lat' dir='ltr'>temporis</span> <span class='ocrx_word' id='word_1_182' title='bbox 823 1629 914 1677; x_wconf 89' lang='lat' dir='ltr'>diutur-</span> 
     </span>
     <span class='ocr_line' id='line_1_24' title="bbox 147 1695 915 1756; baseline 0.001 -16"><span class='ocrx_word' id='word_1_183' title='bbox 147 1698 216 1740; x_wconf 82' lang='lat' dir='ltr'>nitate</span> <span class='ocrx_word' id='word_1_184' title='bbox 234 1695 370 1741; x_wconf 87' lang='lat' dir='ltr'>videbantur</span> <span class='ocrx_word' id='word_1_185' title='bbox 389 1695 535 1756; x_wconf 90' lang='lat' dir='ltr'>prelationem</span> <span class='ocrx_word' id='word_1_186' title='bbox 557 1696 691 1741; x_wconf 89' lang='lat' dir='ltr'>hereditario</span> <span class='ocrx_word' id='word_1_187' title='bbox 712 1696 845 1742; x_wconf 88' lang='lat' dir='ltr'>vendicasse.</span> <span class='ocrx_word' id='word_1_188' title='bbox 888 1697 915 1741; x_wconf 91' lang='lat' dir='ltr'>ln</span> 
     </span>
     <span class='ocr_line' id='line_1_25' title="bbox 148 1759 917 1821; baseline -0.001 -16"><span class='ocrx_word' id='word_1_189' title='bbox 148 1760 210 1805; x_wconf 92' lang='lat' dir='ltr'>omni</span> <span class='ocrx_word' id='word_1_190' title='bbox 222 1759 315 1821; x_wconf 90' lang='lat' dir='ltr'>quidem</span> <span class='ocrx_word' id='word_1_191' title='bbox 326 1775 407 1821; x_wconf 88' lang='lat' dir='ltr'>genere</span> <span class='ocrx_word' id='word_1_192' title='bbox 417 1759 556 1820; x_wconf 87' lang='lat' dir='ltr'>prelatorum</span> <span class='ocrx_word' id='word_1_193' title='bbox 568 1760 706 1820; x_wconf 88' lang='lat' dir='ltr'>regularium</span> <span class='ocrx_word' id='word_1_194' title='bbox 719 1759 762 1805; x_wconf 90' lang='lat' dir='ltr'>hoc</span> <span class='ocrx_word' id='word_1_195' title='bbox 773 1759 917 1820; x_wconf 87' lang='lat' dir='ltr'>potissimum</span> 
     </span>
     <span class='ocr_line' id='line_1_26' title="bbox 148 1822 918 1879; baseline 0 -11"><span class='ocrx_word' id='word_1_196' title='bbox 148 1822 326 1879; x_wconf 86' lang='lat' dir='ltr'>commendabat,</span> <span class='ocrx_word' id='word_1_197' title='bbox 337 1840 412 1868; x_wconf 91' lang='lat' dir='ltr'>mores</span> <span class='ocrx_word' id='word_1_198' title='bbox 425 1839 471 1868; x_wconf 92' lang='lat' dir='ltr'>non</span> <span class='ocrx_word' id='word_1_199' title='bbox 487 1834 574 1868; x_wconf 91' lang='lat' dir='ltr'>mutare</span> <span class='ocrx_word' id='word_1_200' title='bbox 591 1824 632 1868; x_wconf 87' lang='lat' dir='ltr'>nisi</span> <span class='ocrx_word' id='word_1_201' title='bbox 649 1823 673 1867; x_wconf 92' lang='lat' dir='ltr'>in</span> <span class='ocrx_word' id='word_1_202' title='bbox 689 1823 777 1878; x_wconf 85' lang='lat' dir='ltr'>melius,</span> <span class='ocrx_word' id='word_1_203' title='bbox 789 1824 918 1868; x_wconf 91' lang='lat' dir='ltr'>conciliatos</span> 
     </span>
     <span class='ocr_line' id='line_1_27' title="bbox 148 1887 918 1949; baseline -0.001 -16"><span class='ocrx_word' id='word_1_204' title='bbox 148 1887 236 1934; x_wconf 87' lang='lat' dir='ltr'>favores</span> <span class='ocrx_word' id='word_1_205' title='bbox 254 1902 299 1934; x_wconf 89' lang='lat' dir='ltr'>non</span> <span class='ocrx_word' id='word_1_206' title='bbox 316 1903 416 1949; x_wconf 88' lang='lat' dir='ltr'>querere,</span> <span class='ocrx_word' id='word_1_207' title='bbox 428 1896 562 1948; x_wconf 87' lang='lat' dir='ltr'>potestatem</span> <span class='ocrx_word' id='word_1_208' title='bbox 580 1903 626 1932; x_wconf 89' lang='lat' dir='ltr'>non</span> <span class='ocrx_word' id='word_1_209' title='bbox 644 1903 752 1945; x_wconf 84' lang='lat' dir='ltr'>exercere,</span> <span class='ocrx_word' id='word_1_210' title='bbox 768 1887 807 1932; x_wconf 91' lang='lat' dir='ltr'>sed</span> <span class='ocrx_word' id='word_1_211' title='bbox 825 1887 918 1949; x_wconf 89' lang='lat' dir='ltr'>implere</span> 
     </span>
     <span class='ocr_line' id='line_1_28' title="bbox 149 1951 253 2001; baseline 0.019 -2"><span class='ocrx_word' id='word_1_212' title='bbox 149 1951 253 2001; x_wconf 89' lang='lat' dir='ltr'>offitium.</span> 
     </span>
    </p>
   </div>
   <div class='ocr_carea' id='block_1_5' title="bbox 392 2094 679 2145">
    <p class='ocr_par' dir='ltr' id='par_1_6' title="bbox 392 2094 679 2145">
     <span class='ocr_line' id='line_1_29' title="bbox 392 2094 679 2145; baseline 0 -10"><span class='ocrx_word' id='word_1_213' title='bbox 392 2094 427 2135; x_wconf 86' lang='lat' dir='ltr'>De</span> <span class='ocrx_word' id='word_1_214' title='bbox 440 2097 521 2136; x_wconf 85' lang='lat' dir='ltr'>sancta</span> <span class='ocrx_word' id='word_1_215' title='bbox 534 2094 679 2145; x_wconf 85' lang='lat' dir='ltr'>simplicitate</span> 
     </span>
    </p>
   </div>
   <div class='ocr_carea' id='block_1_6' title="bbox 105 2177 918 2861">
    <p class='ocr_par' dir='ltr' id='par_1_7' title="bbox 105 2177 918 2861">
     <span class='ocr_line' id='line_1_30' title="bbox 105 2177 917 2276; baseline 0.001 -19"><span class='ocrx_word' id='word_1_216' title='bbox 105 2217 146 2257; x_wconf 77' lang='lat'>[00]</span> <span class='ocrx_word' id='word_1_217' title='bbox 200 2177 328 2267; x_wconf 68' lang='lat' dir='ltr'>Sanctam</span> <span class='ocrx_word' id='word_1_218' title='bbox 355 2209 520 2272; x_wconf 87' lang='lat' dir='ltr'>simplicitatem</span> <span class='ocrx_word' id='word_1_219' title='bbox 541 2210 613 2273; x_wconf 89' lang='lat' dir='ltr'>gratie</span> <span class='ocrx_word' id='word_1_220' title='bbox 635 2210 711 2268; x_wconf 87' lang='lat' dir='ltr'>filiam,</span> <span class='ocrx_word' id='word_1_221' title='bbox 739 2211 846 2274; x_wconf 87' lang='lat' dir='ltr'>sapientie</span> <span class='ocrx_word' id='word_1_222' title='bbox 867 2228 917 2276; x_wconf 87' lang='lat' dir='ltr'>ger-</span> 
     </span>
     <span class='ocr_line' id='line_1_31' title="bbox 149 2275 918 2338; baseline -0.005 -11"><span class='ocrx_word' id='word_1_223' title='bbox 149 2297 246 2338; x_wconf 70' lang='lat' dir='ltr'>manam,</span> <span class='ocrx_word' id='word_1_224' title='bbox 255 2287 349 2322; x_wconf 88' lang='lat' dir='ltr'>matrem</span> <span class='ocrx_word' id='word_1_225' title='bbox 360 2275 446 2321; x_wconf 91' lang='lat' dir='ltr'>iustitie</span> <span class='ocrx_word' id='word_1_226' title='bbox 457 2276 555 2338; x_wconf 87' lang='lat' dir='ltr'>quodam</span> <span class='ocrx_word' id='word_1_227' title='bbox 564 2276 679 2321; x_wconf 91' lang='lat' dir='ltr'>attentiori</span> <span class='ocrx_word' id='word_1_228' title='bbox 688 2276 765 2322; x_wconf 92' lang='lat' dir='ltr'>studio</span> <span class='ocrx_word' id='word_1_229' title='bbox 772 2277 918 2337; x_wconf 87' lang='lat' dir='ltr'>pretendebat</span> 
     </span>
     <span class='ocr_line' id='line_1_32' title="bbox 150 2339 917 2403; baseline -0.003 -13"><span class='ocrx_word' id='word_1_230' title='bbox 150 2355 239 2392; x_wconf 88' lang='lat' dir='ltr'>sanctus</span> <span class='ocrx_word' id='word_1_231' title='bbox 249 2343 273 2388; x_wconf 89' lang='lat' dir='ltr'>in</span> <span class='ocrx_word' id='word_1_232' title='bbox 284 2356 307 2386; x_wconf 94' lang='lat' dir='ltr'>se</span> <span class='ocrx_word' id='word_1_233' title='bbox 323 2357 348 2386; x_wconf 92' lang='lat' dir='ltr'>ac</span> <span class='ocrx_word' id='word_1_234' title='bbox 359 2339 467 2403; x_wconf 90' lang='lat' dir='ltr'>diligebat</span> <span class='ocrx_word' id='word_1_235' title='bbox 477 2340 500 2386; x_wconf 91' lang='lat' dir='ltr'>in</span> <span class='ocrx_word' id='word_1_236' title='bbox 517 2340 581 2396; x_wconf 85' lang='lat' dir='ltr'>aliis;</span> <span class='ocrx_word' id='word_1_237' title='bbox 599 2356 644 2387; x_wconf 92' lang='lat' dir='ltr'>non</span> <span class='ocrx_word' id='word_1_238' title='bbox 662 2351 738 2387; x_wconf 90' lang='lat' dir='ltr'>autem</span> <span class='ocrx_word' id='word_1_239' title='bbox 755 2342 828 2387; x_wconf 91' lang='lat' dir='ltr'>omnis</span> <span class='ocrx_word' id='word_1_240' title='bbox 845 2341 872 2388; x_wconf 88' lang='lat' dir='ltr'>ab</span> <span class='ocrx_word' id='word_1_241' title='bbox 890 2359 917 2388; x_wconf 90' lang='lat' dir='ltr'>eo</span> 
     </span>
     <span class='ocr_line' id='line_1_33' title="bbox 150 2405 918 2472; baseline -0.005 -16"><span class='ocrx_word' id='word_1_242' title='bbox 150 2409 287 2472; x_wconf 84' lang='lat' dir='ltr'>probabatur</span> <span class='ocrx_word' id='word_1_243' title='bbox 298 2405 435 2467; x_wconf 85' lang='lat' dir='ltr'>simplicitas,</span> <span class='ocrx_word' id='word_1_244' title='bbox 446 2405 485 2451; x_wconf 92' lang='lat' dir='ltr'>sed</span> <span class='ocrx_word' id='word_1_245' title='bbox 496 2421 521 2451; x_wconf 90' lang='lat' dir='ltr'>ea</span> <span class='ocrx_word' id='word_1_246' title='bbox 537 2405 619 2461; x_wconf 84' lang='lat' dir='ltr'>solum,</span> <span class='ocrx_word' id='word_1_247' title='bbox 631 2421 676 2468; x_wconf 92' lang='lat' dir='ltr'>que</span> <span class='ocrx_word' id='word_1_248' title='bbox 693 2406 736 2451; x_wconf 91' lang='lat' dir='ltr'>deo</span> <span class='ocrx_word' id='word_1_249' title='bbox 753 2423 795 2452; x_wconf 90' lang='lat' dir='ltr'>suo</span> <span class='ocrx_word' id='word_1_250' title='bbox 813 2416 918 2453; x_wconf 84' lang='lat' dir='ltr'>contenta</span> 
     </span>
     <span class='ocr_line' id='line_1_34' title="bbox 150 2470 916 2532; baseline -0.008 -11"><span class='ocrx_word' id='word_1_251' title='bbox 150 2483 222 2520; x_wconf 90' lang='lat' dir='ltr'>cetera</span> <span class='ocrx_word' id='word_1_252' title='bbox 231 2471 359 2530; x_wconf 84' lang='lat' dir='ltr'>vilipendit.</span> <span class='ocrx_word' id='word_1_253' title='bbox 393 2470 446 2515; x_wconf 87' lang='lat' dir='ltr'>Hec</span> <span class='ocrx_word' id='word_1_254' title='bbox 456 2479 496 2526; x_wconf 83' lang='lat' dir='ltr'>est,</span> <span class='ocrx_word' id='word_1_255' title='bbox 508 2486 552 2532; x_wconf 91' lang='lat' dir='ltr'>que</span> <span class='ocrx_word' id='word_1_256' title='bbox 563 2470 587 2514; x_wconf 91' lang='lat' dir='ltr'>in</span> <span class='ocrx_word' id='word_1_257' title='bbox 597 2470 679 2514; x_wconf 88' lang='lat' dir='ltr'>timore</span> <span class='ocrx_word' id='word_1_258' title='bbox 695 2470 782 2515; x_wconf 86' lang='lat' dir='ltr'>domini</span> <span class='ocrx_word' id='word_1_259' title='bbox 798 2472 916 2532; x_wconf 88' lang='lat' dir='ltr'>gloriatur,</span> 
     </span>
     <span class='ocr_line' id='line_1_35' title="bbox 152 2532 918 2603; baseline -0.008 -17"><span class='ocrx_word' id='word_1_260' title='bbox 152 2556 197 2603; x_wconf 90' lang='lat' dir='ltr'>que</span> <span class='ocrx_word' id='word_1_261' title='bbox 215 2538 301 2585; x_wconf 88' lang='lat' dir='ltr'>malum</span> <span class='ocrx_word' id='word_1_262' title='bbox 321 2532 399 2592; x_wconf 83' lang='lat' dir='ltr'>facere,</span> <span class='ocrx_word' id='word_1_263' title='bbox 419 2533 456 2580; x_wconf 90' lang='lat' dir='ltr'>vel</span> <span class='ocrx_word' id='word_1_264' title='bbox 475 2533 547 2580; x_wconf 91' lang='lat' dir='ltr'>dicere</span> <span class='ocrx_word' id='word_1_265' title='bbox 566 2533 641 2580; x_wconf 87' lang='lat' dir='ltr'>nescit.</span> <span class='ocrx_word' id='word_1_266' title='bbox 675 2533 729 2579; x_wconf 91' lang='lat' dir='ltr'>Hec</span> <span class='ocrx_word' id='word_1_267' title='bbox 748 2543 789 2592; x_wconf 77' lang='lat' dir='ltr'>est,</span> <span class='ocrx_word' id='word_1_268' title='bbox 808 2551 853 2598; x_wconf 91' lang='lat' dir='ltr'>que</span> <span class='ocrx_word' id='word_1_269' title='bbox 872 2551 918 2581; x_wconf 90' lang='lat' dir='ltr'>sese</span> 
     </span>
     <span class='ocr_line' id='line_1_36' title="bbox 151 2599 918 2661; baseline -0.004 -12"><span class='ocrx_word' id='word_1_270' title='bbox 151 2604 278 2649; x_wconf 85' lang='lat' dir='ltr'>examinans</span> <span class='ocrx_word' id='word_1_271' title='bbox 299 2600 434 2645; x_wconf 88' lang='lat' dir='ltr'>condemnat</span> <span class='ocrx_word' id='word_1_272' title='bbox 454 2614 496 2644; x_wconf 89' lang='lat' dir='ltr'>suo</span> <span class='ocrx_word' id='word_1_273' title='bbox 517 2599 602 2645; x_wconf 89' lang='lat' dir='ltr'>iudicio</span> <span class='ocrx_word' id='word_1_274' title='bbox 623 2599 743 2655; x_wconf 87' lang='lat' dir='ltr'>neminem,</span> <span class='ocrx_word' id='word_1_275' title='bbox 765 2616 809 2661; x_wconf 93' lang='lat' dir='ltr'>que</span> <span class='ocrx_word' id='word_1_276' title='bbox 830 2601 918 2646; x_wconf 90' lang='lat' dir='ltr'>meliori</span> 
     </span>
     <span class='ocr_line' id='line_1_37' title="bbox 151 2663 916 2726; baseline -0.007 -10"><span class='ocrx_word' id='word_1_277' title='bbox 151 2667 254 2717; x_wconf 88' lang='lat' dir='ltr'>debitum</span> <span class='ocrx_word' id='word_1_278' title='bbox 281 2663 401 2726; x_wconf 89' lang='lat' dir='ltr'>imperium</span> <span class='ocrx_word' id='word_1_279' title='bbox 428 2663 533 2720; x_wconf 88' lang='lat' dir='ltr'>reddens,</span> <span class='ocrx_word' id='word_1_280' title='bbox 560 2663 681 2726; x_wconf 89' lang='lat' dir='ltr'>imperium</span> <span class='ocrx_word' id='word_1_281' title='bbox 708 2665 792 2726; x_wconf 89' lang='lat' dir='ltr'>appetit</span> <span class='ocrx_word' id='word_1_282' title='bbox 819 2664 916 2711; x_wconf 90' lang='lat' dir='ltr'>nullum.</span> 
     </span>
     <span class='ocr_line' id='line_1_38' title="bbox 151 2728 918 2793; baseline -0.005 -14"><span class='ocrx_word' id='word_1_283' title='bbox 151 2733 204 2779; x_wconf 89' lang='lat' dir='ltr'>Hec</span> <span class='ocrx_word' id='word_1_284' title='bbox 215 2742 255 2790; x_wconf 83' lang='lat' dir='ltr'>est,</span> <span class='ocrx_word' id='word_1_285' title='bbox 267 2746 311 2793; x_wconf 90' lang='lat' dir='ltr'>que</span> <span class='ocrx_word' id='word_1_286' title='bbox 321 2745 397 2791; x_wconf 88' lang='lat' dir='ltr'>grecas</span> <span class='ocrx_word' id='word_1_287' title='bbox 408 2728 490 2791; x_wconf 89' lang='lat' dir='ltr'>glorias</span> <span class='ocrx_word' id='word_1_288' title='bbox 501 2745 546 2774; x_wconf 89' lang='lat' dir='ltr'>non</span> <span class='ocrx_word' id='word_1_289' title='bbox 558 2729 654 2791; x_wconf 89' lang='lat' dir='ltr'>optimas</span> <span class='ocrx_word' id='word_1_290' title='bbox 668 2728 776 2774; x_wconf 88' lang='lat' dir='ltr'>arbitrans</span> <span class='ocrx_word' id='word_1_291' title='bbox 786 2729 837 2790; x_wconf 88' lang='lat' dir='ltr'>plus</span> <span class='ocrx_word' id='word_1_292' title='bbox 854 2731 918 2792; x_wconf 86' lang='lat' dir='ltr'>eligit</span> 
     </span>
     <span class='ocr_line' id='line_1_39' title="bbox 151 2792 918 2861; baseline -0.003 -18"><span class='ocrx_word' id='word_1_293' title='bbox 151 2797 231 2853; x_wconf 87' lang='lat' dir='ltr'>facere,</span> <span class='ocrx_word' id='word_1_294' title='bbox 243 2810 312 2861; x_wconf 91' lang='lat' dir='ltr'>quam</span> <span class='ocrx_word' id='word_1_295' title='bbox 323 2794 416 2847; x_wconf 88' lang='lat' dir='ltr'>discere,</span> <span class='ocrx_word' id='word_1_296' title='bbox 427 2793 464 2838; x_wconf 92' lang='lat' dir='ltr'>vel</span> <span class='ocrx_word' id='word_1_297' title='bbox 475 2793 560 2838; x_wconf 90' lang='lat' dir='ltr'>docere.</span> <span class='ocrx_word' id='word_1_298' title='bbox 593 2792 647 2838; x_wconf 88' lang='lat' dir='ltr'>Hec</span> <span class='ocrx_word' id='word_1_299' title='bbox 657 2802 698 2847; x_wconf 90' lang='lat' dir='ltr'>est,</span> <span class='ocrx_word' id='word_1_300' title='bbox 710 2809 754 2854; x_wconf 93' lang='lat' dir='ltr'>que</span> <span class='ocrx_word' id='word_1_301' title='bbox 772 2794 795 2839; x_wconf 92' lang='lat' dir='ltr'>in</span> <span class='ocrx_word' id='word_1_302' title='bbox 812 2794 918 2841; x_wconf 90' lang='lat' dir='ltr'>omnibus</span> 
     </span>
    </p>
   </div>
   <div class='ocr_carea' id='block_1_7' title="bbox 0 0 970 3169">
    <p class='ocr_par' dir='ltr' id='par_1_8' title="bbox 0 0 970 3169">
     <span class='ocr_line' id='line_1_40' title="bbox 0 0 970 3169; baseline 0 0"><span class='ocrx_word' id='word_1_303' title='bbox 0 0 970 3169; x_wconf 95' lang='lat' dir='ltr'> </span> 
     </span>
    </p>
   </div>
  </div>
 </body>
</html>
