1919 3169
144 157 188 202 150
330 141 528 186 TRACTATUS
545 142 720 187 SECUNDUS

143 238 264 286 devotione
281 237 382 300 primum
399 238 496 283 recurrit
514 238 541 283 ad
560 254 643 284 nomen
665 248 687 284 et
706 238 824 285 revestivit
840 236 873 283 fili
866 253 910 283 ram

144 320 189 368 quo
201 305 276 366 primo
287 319 336 349 eam
348 303 417 349 titulo
428 303 539 364 spoliarat.
573 304 676 349 Tandem
689 305 734 350 adl
736 319 803 349 ocum
814 303 911 349 fratrum

146 387 198 416 cum
214 369 313 431 paternis
329 367 451 431 gemitibus
467 368 541 415 delata
551 367 626 430 puella
636 369 692 430 prist
693 368 753 415 inam
765 368 849 430 recepit
860 383 912 414 cum

148 434 239 480 nomine
249 434 373 478 sanitatem.

197 496 283 542 Mulier
300 495 397 559 quedam
414 496 442 541 de
459 496 525 550 Pisis,
543 497 640 542 nesciens
658 513 680 541 se
694 513 741 541 esse
756 505 913 559 pregnantem,

149 581 201 610 cum
226 562 360 609 fundaretur
382 561 406 606 in
429 578 454 606 66
477 561 567 608 civitate
588 562 680 608 ecclesia
701 562 770 608 sancti
792 561 912 617 Francisci,

150 639 198 675 tota
214 629 251 675 die
269 627 383 673 laboribus
404 628 518 673 insudavit
537 628 629 674 ibidem.
654 629 713 673 'Cui
733 638 823 673 sanctus
844 627 913 672 Fran-

150 693 221 738 ciscus
238 707 291 737 cum
309 690 400 735 duobus
417 690 524 735 fratribus
543 707 617 736 cereos
634 707 709 736 coram
726 708 753 735 60
771 691 913 752 portantibus

150 766 215 801 noete
237 754 342 818 apparuit
363 753 453 799 dicens:
488 754 546 799 Ecce
571 755 623 811 11116,
649 755 770 815 concepisti
795 765 817 800 et
841 754 913 815 paries

149 821 231 866 filium.
272 818 387 865 Gaudebis
404 818 431 864 de
448 819 505 880 ipso,
525 818 543 863 si
561 836 637 865 meum
654 819 696 865 sibi
715 818 803 866 dederis
822 835 912 865 nornen.

149 886 218 931 Venit
234 900 288 947 ergo
308 894 398 945 tempus
417 883 517 946 pariendi
536 895 559 929 et
578 885 665 946 peperit
687 884 767 931 filium.
808 884 913 941 EnricuS,

149 951 180 996 ait
207 966 304 1005 6066106,
326 965 368 1008 pro
395 949 434 993 tali
460 950 627 1010 consanguineo
653 960 732 995 nostro
751 949 914 995 uocabitur.—

150 1014 308 1077 Nequaquam,
327 1013 357 1058 ait
374 1023 452 1066 mater,
469 1013 508 1057 sed
523 1012 641 1058 vocabitur
655 1013 794 1059 Franciscus.
827 1014 914 1058 Derisit

150 1095 240 1126 socerus
268 1078 342 1124 nobile
370 1093 460 1134 nomen,
489 1078 552 1140 quasi
580 1079 690 1124 rusticum
718 1077 783 1126 foret.
835 1078 915 1124 Paucis

150 1145 222 1208 igitur
248 1144 328 1205 elapsis
352 1143 439 1200 diebus,
465 1160 517 1188 cum
542 1154 599 1190 66661
624 1144 734 1205 puerulus
758 1144 914 1206 baptizandus,

134 1221 163 1255 ue
151 1209 252 1271 elanguit
275 1225 346 1279 usque
373 1208 400 1254 ad
426 1219 552 1256 mortem.
575 1208 714 1254 Contristata
736 1219 769 1254 est
790 1209 871 1254 domus
893 1219 916 1253 61

151 1290 243 1319 versum
260 1283 294 1317 est
310 1272 342 1315 616
359 1271 491 1333 gaudium
487 1287 510 1315 111
528 1287 645 1333 merorem.
679 1273 753 1318 Nocte
773 1289 825 1318 vero
844 1283 915 1318 matre

152 1355 192 1400 pre
202 1339 306 1399 angustia
317 1337 430 1397 vigilante,
441 1336 504 1382 venit
515 1329 604 1382 sanctus
615 1338 747 1383 Franciscus
762 1355 813 1382 cum
825 1336 916 1384 duobus

151 1402 256 1456 fratribus
264 1402 321 1447 sicut
331 1401 407 1463 primo
418 1417 424 1457 3
436 1411 458 1445 61
470 1401 532 1463 quasi
543 1401 647 1448 turbatus
658 1402 739 1464 inquid
750 1403 778 1449 ad
788 1402 897 1447 feminam
910 1419 914 1447 :

152 1470 235 1513 Nonne
251 1468 293 1513 tibi
310 1466 365 1522 dixi,
376 1466 428 1528 quia
444 1482 490 1510 non
506 1467 615 1527 gaudebis
626 1468 654 1512 de
665 1466 719 1523 filio,
732 1468 774 1512 11161
785 1484 863 1512 meum
874 1466 915 1512 sibi

152 1548 235 1577 nomen
252 1531 369 1592 imponas?
404 1529 436 1574 At
453 1529 491 1574 illa
508 1529 601 1575 clamare
619 1530 677 1591 cepit
694 1541 717 1575 et
736 1532 809 1577 iurare
828 1531 916 1576 nullum

152 1597 194 1642 sibi
216 1596 278 1642 aliud
300 1595 458 1656 imposituram
481 1610 570 1641 nomen.
615 1595 718 1642 Tandem
740 1606 763 1641 et
784 1606 873 1642 sanatus
894 1605 917 1640 et

153 1662 280 1725 baptizatus
297 1676 354 1722 puer
372 1658 483 1705 Francisci
500 1658 544 1705 fuit
563 1659 653 1705 nomine
671 1660 795 1717 decoratus,
813 1661 849 1706 cui
866 1660 918 1706 data

154 1738 187 1772 est
220 1726 292 1786 gratia
322 1741 350 1769 ne
383 1723 488 1785 ploraret,
518 1725 556 1770 sed
586 1725 717 1770 innocenter
747 1726 842 1786 puerilia
871 1727 919 1770 iura

152 1801 264 1836 transiret.

202 1854 290 1900 Mulier
307 1852 419 1914 quedam
415 1869 438 1897 m
449 1851 533 1897 Tuscia
543 1853 571 1899 de
582 1852 684 1925 partibus
695 1853 803 1909 Aretinis‚
815 1870 867 1900 cum
878 1870 918 1915 per

153 1930 239 1982 septem
255 1919 302 1965 dies
318 1927 397 1979 partus
413 1917 542 1963 discrimina
558 1917 677 1963 sustineret
690 1929 712 1963 61
726 1919 770 1964 iam
784 1918 808 1963 in
820 1918 919 1980 nigredi-

154 2002 206 2029 nem
224 2001 286 2029 versa
303 1982 373 2035 foret,
384 1982 411 2027 ab
428 1981 533 2027 omnibus
550 1983 671 2042 desperata
683 1994 763 2028 votum
777 1983 830 2029 16611
843 1994 918 2029 6611610

155 2048 273 2095 Francisco
291 2056 314 2091 et
331 2046 380 2091 eius
397 2045 455 2108 cepit
473 2046 570 2092 1110116116
589 2046 719 2092 auxilium
714 2064 825 2093 invocare
858 2047 920 2092 Voto

154 2115 242 2170 61111660,
276 2111 376 2157 celeriter
409 2111 563 2166 obdormivit3
601 2113 748 2176 apparuitque
778 2115 797 2157 ei
830 2123 919 2158 sanctus

156 2179 286 2224 Franciscus
306 2187 328 2222 et
347 2193 395 2222 earn
414 2192 455 2222 suo
475 2177 566 2222 nomine
584 2177 713 2223 Adelasiam
733 2194 821 2234 vocans,
840 2188 919 2225 utrum

155 2261 219 2291 suam
230 2253 350 2306 cognoscat
361 2240 447 2297 16616111,
460 2241 584 2287 sciscitatur
595 2242 622 2287 ab
630 2259 664 2287 ea.
693 2243 748 2295 Qua
758 2243 918 2305 respondente:

155 2310 214 2353 Vere
231 2324 273 2370 ego
289 2318 319 2362 te,
330 2316 400 2366 pater,
411 2322 515 2368 agnosco,
528 2306 648 2351 subintulit
659 2319 747 2352 sanctus
758 2327 763 2353 :
780 2309 825 2353 Scis
836 2309 919 2362 dicere,

159 2372 235 2420 ‘Salve
246 2371 323 2433 regina
333 2370 500 2417 misericordie?
509 2371 514 2387 '
548 2371 708 2431 Respondente
718 2389 723 2417 ς
741 2372 798 2428 Scio,
809 2383 921 2433 116161,-

157 2437 240 2500 lncipe,
253 2437 283 2482 ait
294 2445 390 2492 sanctus,
402 2444 424 2480 et
434 2444 553 2498 antequam
565 2435 684 2496 compleas,
694 2437 766 2497 paries
777 2452 829 2482 curn
840 2437 919 2483 salute.

157 2504 212 2549 Hoc
223 2502 398 2548 11166116661161116
410 2516 463 2546 voce
475 2516 555 2562 magna
567 2500 677 2558 clamavit,
686 2501 802 2548 clamando
813 2502 919 2548 discessit.

155 2568 194 2613 Ad
206 2583 275 2629 quam
286 2581 366 2611 vocem
377 2565 468 2626 evigilat
479 2565 559 2610 mulier
570 2576 592 2610 et
603 2582 655 2610 cum
669 2567 750 2610 timore
762 2568 819 2626 cepit
830 2568 903 2612 dicere
914 2587 918 2613 :

156 2632 221 2677 Salve
237 2630 320 2693 regina.
355 2628 460 2690 Cumque
472 2629 521 2675 illos
532 2629 685 2675 misericordes
697 2630 773 2676 060106
784 2642 920 2691 precaretur,

155 2696 231 2743 statim
249 2695 347 2741 necdum
365 2694 484 2755 completa,
501 2693 621 2756 pulchrum
639 2694 712 2741 infant
703 2704 749 2741 tem
765 2696 851 2757 peperit
868 2713 920 2742 curn

154 2762 239 2824 gaudio
255 2772 277 2806 et
293 2759 371 2804 661016

205 2828 233 2873 111
254 2825 326 2871 Sicilia
349 2823 430 2869 mulier
452 2824 549 2885 quedam
572 2841 623 2869 curn
646 2822 703 2870 beati
725 2825 836 2871 Francisci
859 2788 919 2872 diem

155 2892 301 2952 sollempnem
324 2889 398 2933 adesse
422 2888 560 2949 conspiceret
582 2889 617 2934 vel
639 2900 790 2953 cognosceret,
811 2907 823 2935 a
845 2891 921 2937 servili
