1919 3169
303 91 462 137 LEGENDA
479 90 635 149 ANTIQUA
821 102 847 147 71

136 221 260 308 Quodam
277 260 386 312 tempore,
400 266 451 295 cum
469 250 511 296 iret
528 266 568 313 per
585 248 698 295 civitatem
716 247 801 306 Assisii,
814 255 910 297 oc-[R·1J]

86 316 155 363 currit
166 315 185 362 ei
197 317 273 362 vetula
284 316 389 378 quedam,
401 326 479 377 petens
490 316 574 378 aliquid
589 314 617 361 ab
631 331 658 360 eo
668 330 674 369 3
692 312 760 359 nichil
776 323 852 359 autem

85 381 167 426 habnes
186 391 259 440 preter
279 379 418 435 mantellum,
438 379 519 425 festina
538 380 558 424 ei
577 379 709 424 liberalitate
728 378 852 432 concessit3

85 445 183 491 sentiens
202 459 256 489 vero
274 443 345 488 inanis
364 441 447 489 favoris
466 453 543 488 motus
562 444 664 505 irrepere,
684 442 760 487 statim
779 456 853 487 coram

86 510 191 557 omnibus
206 525 287 555 vanam
304 508 398 572 gloriam
415 508 517 555 habuisse
534 506 646 554 confessus
662 518 702 553 est.

134 606 269 696 Studebat
288 637 347 683 bona
368 638 454 683 domini
476 638 511 683 sui
530 653 609 683 arcano
631 636 728 700 pectoris
749 636 920 692 conderem-111]

87 699 165 742 nolens
184 712 259 762 patere
278 701 349 763 glorie
368 702 430 763 quod
449 712 525 762 posset
546 702 618 745 ruine.
651 702 711 745 Nam
730 716 782 760 sepe
801 716 852 743 cum

87 762 249 810 beatificaretur
268 780 280 810 a
298 764 408 825 pluribus,
427 765 495 810 verba
514 764 669 810 huiuscemodi
688 763 850 824 respondebat:

88 825 158 873 Filios
173 839 196 875 et
214 829 270 875 filias
288 829 361 875 adhuc
378 828 457 875 habere
476 844 584 893 possum3
610 829 680 875 nolite
699 828 788 875 laudare
807 844 852 874 non

87 909 207 950 securum3
241 910 307 940 nemo
333 895 465 950 laudandus,
493 895 556 940 cuius
583 895 679 940 incertus
705 905 739 940 est
771 893 852 939 exitus.

88 957 286 1020 Quandocumque
305 969 410 1004 mutuum
429 969 507 1005 auctor
528 958 656 1014 revoluerit‚
676 958 715 1019 qui
737 957 852 1012 concessit,

87 1020 169 1077 solum,
187 1021 274 1085 inquid,
293 1039 373 1084 corpus
390 1032 412 1067 et
430 1023 503 1067 anima
521 1020 676 1078 remanebunt,
695 1038 738 1084 que
757 1019 853 1066 infidelis

88 1085 156 1130 etiam
175 1088 281 1148 possidet.
315 1088 361 1133 Ista
380 1088 471 1150 quidem
490 1087 641 1133 laudantibus.
680 1087 717 1131 Ad
736 1102 758 1131 se
777 1095 852 1131 autem

88 1150 134 1196 sic:
152 1152 245 1198 Latroni
260 1169 272 1198 a
289 1162 352 1211 tanta
362 1152 492 1198 contulisset
507 1152 635 1208 altissimus,
647 1152 732 1215 gratior
748 1161 770 1197 te
787 1149 852 1207 foret,

89 1215 211 1262 Francisce.

135 1310 255 1395 Dicebat
276 1353 351 1389 autem
373 1342 479 1389 fratribus
500 1359 568 1405 sepe:
597 1345 632 1389 De
654 1344 715 1389 omni
734 1359 768 1400 eo,
791 1343 931 1405 quodmmfl

89 1419 192 1470 peccator
211 1419 292 1471 potest,
311 1425 378 1454 nemo
397 1408 438 1454 sibi
460 1409 527 1454 debet
549 1409 626 1471 iniquo
648 1409 726 1470 plausu
748 1407 852 1454 blandiri.

90 1474 203 1531 Peccator,
218 1474 256 1529 ait,
268 1474 365 1518 ieiunare
383 1483 463 1534 potest,
481 1488 551 1531 orare,
568 1473 678 1534 plangere,
695 1489 783 1518 carnem
800 1488 852 1534 pro-

90 1538 162 1599 priam
178 1554 302 1593 macerare3
320 1538 367 1593 hoc,
380 1555 442 1595 vero,
454 1554 499 1583 non
514 1547 594 1598 potest,
611 1538 704 1583 domino
723 1554 764 1582 suo
783 1537 854 1583 fidelis

90 1603 190 1649 existere.
234 1603 312 1666 Itaque
334 1602 357 1647 in
380 1602 422 1647 hoc
444 1602 588 1664 gloriandum
615 1611 655 1657 est,
678 1602 695 1647 si
723 1618 785 1647 suam
812 1602 855 1648 deo

91 1668 216 1722 reddimus,
235 1668 253 1712 si
272 1667 368 1713 fideliter
386 1667 515 1721 servientes,
534 1667 576 1726 ipsi
598 1667 710 1727 quidquid
727 1668 797 1712 donat
816 1667 855 1712 ad-

90 1730 214 1777 scribimus.
258 1731 335 1776 Maior
368 1729 466 1775 hominis
499 1729 602 1775 inimicus
628 1746 679 1776 caro
706 1739 754 1785 est3
788 1729 856 1775 nichil

90 1795 213 1858 recogitare
224 1794 288 1840 novit
303 1804 328 1839 ut
345 1793 426 1849 doleat,
438 1793 538 1839 studium
555 1794 604 1839 eius
621 1794 682 1838 abuti
699 1792 854 1856 presentibus;

91 1861 154 1923 quod
173 1870 246 1907 autem
264 1859 327 1922 peius
346 1869 386 1917 est,
406 1859 460 1920 ipsa,
478 1859 565 1922 inquid,
584 1858 626 1904 sibi
645 1868 746 1921 usurpat,
765 1859 813 1921 ipsa
832 1858 855 1904 in

91 1940 153 1970 suam
161 1924 256 1987 gloriam
267 1923 373 1969 transfert
383 1924 446 1985 quod
457 1940 503 1969 non
514 1923 561 1978 sibi,
574 1925 613 1969 sed
624 1924 697 1968 anime
708 1924 788 1968 datum
805 1933 838 1968 est
849 1938 855 1978 ;

91 1988 142 2049 Ipsa
153 1989 180 2033 de
191 1987 313 2033 virtutibus
324 1987 422 2041 laudare,
434 1987 462 2032 de
473 1987 556 2048 vigiliis
567 1995 590 2031 et
601 1986 739 2031 orationibus
756 1986 856 2032 favorem

90 2052 161 2114 carpit
182 2051 338 2109 extrinsecum,
359 2050 427 2097 nichil
449 2051 521 2096 anime
543 2050 670 2114 relinquens
692 2050 765 2114 querit
786 2061 808 2096 et
828 2050 855 2096 de

90 2117 192 2179 lacrymis
208 2116 306 2164 obolum.

302 2263 336 2303 De
349 2262 502 2303 occultatione
514 2261 650 2311 stigmatum
860 2260 898 2297 Fol.
907 2259 930 2306 67

140 2349 201 2432 Illa
221 2395 278 2426 vero
296 2375 404 2424 Crucifixi
423 2376 519 2438 insignia
538 2375 632 2420 summis
653 2374 720 2419 etiam
739 2374 883 2436 spiritibusrst

91 2445 216 2494 veneranda
235 2443 268 2489 fas
287 2459 332 2488 non
352 2451 384 2487 est
404 2441 494 2487 silentio
513 2441 627 2503 preterire,
640 2449 725 2502 quanto
746 2439 855 2485 velamine

91 2513 177 2569 texerit,
190 2520 274 2573 quanto
285 2506 424 2552 absconderit
439 2506 522 2551 studio.
555 2506 633 2549 Primo
648 2505 671 2548 in
688 2514 797 2565 tempore,
809 2521 855 2567 quo

91 2592 157 2622 verus
179 2573 263 2620 Christi
282 2587 344 2617 amor
365 2571 388 2615 in
410 2570 512 2616 eamdem
539 2569 665 2631 ymaginem
687 2567 855 2614 transformarat

91 2650 209 2693 amantem,
221 2648 283 2684 tanta
294 2635 378 2681 cautela
389 2633 457 2679 celare
475 2644 497 2679 et
515 2633 625 2679 occultare
643 2633 702 2693 cepit
718 2633 854 2690 thesaurum,

45 2718 47 2720 ·
90 2714 116 2749 ut
128 2720 199 2768 usque
210 2702 238 2748 ad
249 2700 321 2747 multa
331 2710 438 2761 tempora,
451 2715 491 2743 nec
502 2697 544 2760 ipsi
561 2696 678 2742 familiares
695 2706 838 2759 agnoscerent
849 2715 855 2753 ;

90 2770 132 2815 sed
141 2785 228 2830 semper
239 2766 351 2822 abscondi,
364 2781 404 2809 nec
414 2764 442 2810 ad
459 2764 537 2810 oculos
553 2763 628 2808 venire
644 2762 763 2808 charorum
780 2762 855 2808 divina

90 2833 232 2895 providentia
243 2831 325 2887 noluit,
337 2829 392 2893 quin
408 2828 475 2874 etiam
492 2838 515 2874 et
530 2827 618 2889 publica
635 2827 683 2872 loca
699 2827 854 2873 membrorum
