1919 3169
263 134 421 181 Lnuuuun
437 133 592 195 nurroun
772 151 812 183 101

53 233 157 297 reliquias
178 233 206 279 ad
227 233 303 279 locum
331 230 428 277 fratrum
457 232 634 278 reverentissime
662 243 816 295 asportarent余

54 299 188 361 gravabatur
204 298 340 359 pernimium
356 295 425 357 longo
444 295 488 341 iam
504 306 605 358 tempore
623 295 670 342 illas
688 297 762 343 debita
779 300 818 344 de-

53 364 146 409 votione
157 363 287 415 fraudatas3
305 360 342 404 sed
361 375 413 405 cum
431 371 534 420 poscente
553 377 616 406 causa
634 362 708 420 ipsum
726 363 756 406 ire
774 363 817 407 alio

54 436 175 488 oporteret,
187 424 286 471 mandati
297 423 366 485 patris
377 424 518 469 immemores
529 423 567 469 filii
577 423 701 470 obedientie
710 426 817 471 meritum

54 491 206 553 neglexerunt.
235 489 279 535 Die
287 503 342 533 vero
350 487 447 550 quadam
456 505 508 534 cum
515 487 631 534 cellebrare
640 489 723 535 vellent
729 490 815 547 fratres,

54 566 140 602 remota
158 555 265 616 syndone,
284 562 310 598 ut
327 553 395 598 moris
411 562 452 609 est,
469 553 496 598 de
515 554 584 610 altari,
601 570 650 599 ossa
668 555 817 617 pulcherrima

54 632 76 665 et
88 620 153 664 nimis
165 618 288 663 redolentia
299 618 442 662 invenerunt.
476 616 632 678 Obstupefacti
640 630 694 663 sunt
705 620 763 674 satis,
773 636 817 681 que
822 631 860 666 Ful.
871 641 894 679 93

55 699 180 745 numquam
191 682 293 728 viderant
304 680 423 727 intuentes.
458 681 580 744 Regressus
591 681 659 744 paulo
669 693 720 745 post
728 695 817 730 sanctus

55 749 90 795 dei
102 746 220 809 diligenter
230 746 334 809 exquirit,
346 746 363 792 si
375 755 431 791 esset
442 747 504 808 quod
516 747 544 793 de
557 747 656 810 reliquiis
667 749 817 808 mandaverat,

55 811 218 874 adimpletum:
246 828 327 858 verum
355 812 455 874 neglecte
482 810 607 858 obedientie
629 812 717 874 culpam
739 813 818 860 fratres

54 877 169 925 humiliter
186 876 325 934 confitentes,
341 892 394 922 cum
410 892 466 937 pena
479 878 567 922 veniam
584 888 732 934 meruerunt3
749 889 772 925 et
787 880 818 926 ait

55 951 157 988 sanctus:
174 941 307 986 Benedictus
318 941 423 986 dominus
434 940 490 986 deus
499 957 569 997 meus
577 942 617 1003 qui
626 957 665 1002 per
673 943 818 1004 semetipsum

56 1005 158 1066 implevit
177 1005 240 1067 quod
258 1021 300 1051 vos
318 1004 391 1050 facere
409 1003 523 1050 debuistis.
558 1005 681 1051 Considera
699 1007 818 1070 diligenter

56 1070 165 1116 Francisci
184 1070 335 1125 devotionem,
350 1070 442 1116 actende
458 1068 621 1131 beneplacitum
639 1071 675 1117 dei
693 1072 749 1117 circa
768 1072 819 1133 pul-

56 1151 131 1182 verem
143 1144 245 1181 nostrum
257 1145 279 1180 et
290 1134 415 1180 obedientie
426 1144 500 1180 sancte
511 1134 628 1196 magnifica
643 1134 750 1192 laudem余
768 1153 819 1182 nam

56 1200 120 1245 cuius
130 1200 181 1244 voci
192 1216 238 1244 non
249 1200 323 1259 paruit
334 1199 411 1253 homo,
423 1198 525 1259 precibus
536 1199 637 1244 obedivit
649 1200 711 1245 deus.

105 1304 234 1390 Denique
254 1327 371 1390 quomodo
390 1326 431 1372 sibi
450 1326 535 1383 aberat,
552 1327 593 1373 nisi
612 1327 635 1373 in
652 1343 717 1374 cruce
734 1327 902 1383 dominius-VJ]

57 1396 154 1459 gloriari,
166 1393 217 1457 quis
228 1408 338 1455 promere,
349 1392 400 1455 quis
410 1408 487 1454 capere
504 1392 593 1454 posset?
628 1392 673 1438 Soli
690 1392 770 1440 datum
788 1404 821 1439 est

58 1477 128 1518 nosse,
148 1459 184 1508 cui
206 1458 247 1504 soli
269 1458 349 1504 datum
371 1467 404 1503 est
425 1457 535 1517 experiri:
563 1458 670 1503 nimirum
692 1459 733 1503 etsi
755 1474 821 1505 sensu

58 1527 158 1588 quodam
180 1523 343 1584 perciperemus
365 1522 388 1567 in
410 1521 481 1576 nobis,
504 1537 645 1583 nequaquam
666 1523 734 1567 tantis
755 1524 821 1569 mira-

58 1589 139 1637 bilibus
155 1587 304 1649 exprimendis
321 1586 388 1633 verba
407 1595 552 1647 suppeterent
570 1585 637 1632 rebus
656 1587 782 1633 cottidianis
799 1597 822 1633 et

58 1655 140 1701 vilibus
151 1652 280 1706 sordidata余
298 1661 320 1695 et
334 1649 433 1695 fortassis
451 1650 501 1695 ideo
519 1651 541 1694 in
559 1665 622 1695 carne
640 1650 718 1696 debuit
735 1653 821 1712 aperiri,

59 1719 112 1781 quia
130 1735 176 1763 non
195 1715 306 1777 potuisset
325 1712 465 1760 sermonibus
484 1714 593 1775 explicari.
628 1715 746 1778 Loquatur
768 1733 822 1778 ergo

59 1783 179 1839 silentium,
192 1781 232 1828 ubi
243 1780 316 1827 deficit
332 1779 434 1835 verbum,
446 1780 498 1841 quia
516 1789 538 1825 et
555 1779 668 1842 signatum
685 1780 771 1837 clamat,
783 1781 822 1827 ubi

59 1848 134 1895 deficit
153 1849 248 1910 signum.
292 1845 347 1890 Hoc
365 1845 439 1890 solum
461 1844 564 1890 humanis
585 1844 677 1890 auribus
698 1845 822 1901 intimetur,

60 1913 123 1974 quod
140 1911 244 1957 nondum
260 1909 347 1964 claruit,
361 1925 430 1970 quare
449 1918 611 1954 sacramentum
630 1908 686 1953 illud
706 1909 729 1954 in
748 1920 823 1955 sancto

60 1976 178 2038 apparuit3
196 1974 235 2022 ubi
251 1973 311 2020 enim
328 1972 355 2019 ab
373 1988 400 2019 eo
419 1972 542 2018 revelatum
560 1981 600 2029 est,
612 1971 640 2018 de
657 1971 737 2019 futuro
755 1973 823 2020 trahit

60 2043 169 2088 rationem
179 2051 202 2086 et
220 2040 292 2086 finem.
327 2037 400 2084 Verus
417 2037 466 2093 erit,
478 2037 605 2100 dignusque
622 2037 673 2093 fide,
685 2039 720 2084 cui
736 2049 822 2095 natura,

60 2106 96 2152 lex
106 2109 129 2153 et
140 2106 210 2170 gratia
220 2113 287 2151 testes
297 2112 371 2149 erunt.

274 2247 308 2289 De
321 2245 460 2297 pauperibus
473 2245 607 2287 dominabus

108 2332 258 2429 Spiritualis
270 2363 363 2427 hedifitij
377 2363 508 2409 memoriam
520 2363 594 2409 multo
605 2362 737 2409 nobiliorem
748 2363 775 2409 ab
787 2363 866 2412 illatam

62 2442 156 2487 terrena,
176 2446 245 2493 quam
263 2430 340 2473 beatus
359 2437 421 2489 pater
442 2437 494 2488 post
515 2429 575 2473 illius
597 2428 714 2473 materialis
735 2429 824 2474 ecclesie

63 2497 224 2558 reparationem
235 2495 258 2539 in
269 2502 418 2555 augmentum
430 2493 524 2538 ciuitatis
535 2507 637 2555 superne,
650 2492 731 2554 spiritu
747 2502 823 2538 sancto

64 2563 165 2617 ductore,
177 2559 215 2605 illo
227 2561 249 2604 in
260 2559 310 2604 loco
325 2558 431 2614 instituit,
443 2575 489 2602 non
506 2558 595 2617 expedit
612 2557 700 2602 silentio
711 2559 823 2616 preterire.

64 2624 119 2670 Non
134 2634 168 2669 est
189 2621 333 2678 credendum,
350 2620 413 2683 quod
431 2637 473 2682 pro
491 2621 591 2682 perituro
609 2631 632 2665 et
653 2619 735 2667 labenti
757 2638 824 2684 opere

64 2690 186 2751 reparando
197 2689 225 2734 de
235 2688 297 2750 ligno
309 2686 380 2731 crucis
396 2684 437 2731 sibi
453 2686 543 2732 locutus
559 2685 627 2732 fuerit
643 2684 738 2732 christus
755 2686 825 2733 modo

64 2755 143 2816 utique
160 2755 190 2798 sic
207 2752 327 2815 stupend0,
342 2751 405 2813 quod
422 2751 565 2796 audientibus
582 2751 687 2796 timorem
704 2751 786 2797 incutit
802 2761 825 2797 et

64 2819 166 2863 dolorem
175 2818 277 2862 immittit
287 2832 293 2871 余
310 2816 356 2871 sed,
363 2816 420 2859 sicut
429 2814 483 2858 olim
492 2814 617 2874 predixerat
626 2814 721 2874 Spiritus
728 2826 823 2870 sanctus,

65 2882 122 2928 ordo
148 2891 273 2930 sanctarum
301 2879 414 2943 virginum
441 2878 471 2924 ibi
499 2877 592 2926 debebat
614 2878 709 2933 institui,
732 2879 770 2942 qui
798 2879 825 2927 ad
