1919 3169
327 141 505 187 MIRACULA
749 155 792 198 149

79 234 106 282 In
118 257 119 260 ¹
130 235 252 299 Campania
273 234 354 283 maiori
376 235 447 283 simile
465 233 575 301 quiddam
591 234 674 281 evenit.
707 233 793 282 Mulier

31 300 136 367 quedam,
147 302 170 350 in
181 301 259 366 vigilia
275 301 333 349 beati
350 302 369 349 F
370 303 468 360 rancisci‚
480 318 532 350 cum
544 318 556 348 a
567 300 690 348 convicinis
701 301 794 347 mulier-

31 369 80 414 ibus
92 366 151 413 foret
162 368 237 429 sepius
248 368 367 428 increpata,
378 368 440 430 quod
451 377 544 429 propter
555 365 637 412 festum
648 375 738 411 tantum
749 381 794 411 non

31 433 156 493 quiesceret
170 449 182 476 a
196 431 279 488 labore,
293 431 469 492 pervicacissime
487 446 544 492 opus
562 446 628 475 suum
646 429 755 490 protraxit
766 430 793 474 ad

32 510 158 556 vesperum,
178 494 278 540 laborare
301 510 346 539 non
368 510 459 540 cessans.
492 494 535 539 Sed
554 504 606 556 post
625 509 682 555 opus
704 502 794 554 repente

32 559 154 606 debilitatis
171 556 274 604 manibus
293 568 316 604 et
335 558 403 605 nullis
422 559 466 605 iam
483 559 540 621 aptis
560 558 643 616 offitiis,
661 568 754 620 stupore
770 573 794 603 ac

32 626 109 672 dolore
120 624 247 686 corripitur.
280 623 389 669 Protinus
407 624 487 687 surgit,
503 634 525 670 et
543 623 693 671 reverendum
711 622 795 669 festum

33 690 94 751 quod
103 698 267 749 contempserat
277 688 401 749 sollempne
412 689 554 744 denuntians,
563 691 586 732 in
595 705 664 733 manu
673 688 795 732 sacerdotis

32 752 187 813 sollempniter
209 751 273 797 vovit
295 748 378 797 festum
401 752 470 797 sancti
492 763 619 800 reverenter
641 768 663 799 se
686 761 795 814 perpetuo

33 817 153 866 custodire.
187 816 242 869 Quo
265 827 320 863 voto
341 817 430 873 emisso,
452 818 480 864 ad
502 817 614 882 quandam
635 817 749 864 ecclesiam
772 817 794 862 in

33 885 118 930 honore
140 883 209 929 sancti
232 882 344 927 Francisci
366 893 516 929 constructam
539 883 658 929 adducitur
677 893 699 929 et
725 883 748 928 in
770 899 795 928 ea

33 949 149 1009 pristinam
168 947 246 992 multis
263 947 353 991 fletibus
370 958 484 1007 recuperat
502 949 626 992 sanitatem.

80 1011 107 1055 In
118 1009 171 1055 villa
187 1009 250 1054 Oleti
267 1011 349 1055 mulier
365 1011 471 1072 quedam,
483 1025 534 1057 cum
550 1026 562 1056 a
576 1010 649 1058 vicina
664 1019 795 1056 moneretur

34 1086 61 1122 ut
82 1075 166 1121 festum
191 1073 300 1120 excoleret
327 1073 396 1119 sancti
421 1074 532 1121 Francisci
555 1091 595 1122 nec
617 1073 640 1120 in
662 1091 689 1121 eo
710 1074 796 1138 aliquid

34 1149 170 1203 operaretur,
194 1139 290 1185 nimium
318 1138 439 1201 procaciter
465 1139 582 1202 respondit
604 1138 695 1186 dicens:
724 1139 746 1185 Si
768 1139 796 1186 de

35 1204 133 1268 qualibet
155 1214 201 1250 arte
223 1220 283 1250 unus
310 1213 398 1250 sanctus
425 1205 535 1259 existeret,
558 1204 646 1250 dierum
674 1220 795 1250 numerum

35 1283 142 1315 numerus
153 1277 281 1313 sanctorum
298 1267 419 1312 excederet.
453 1267 509 1318 Quo
526 1267 595 1313 verbo
610 1267 682 1313 stulto
698 1267 794 1330 prolato,
802 1277 888 1314 FortuW

35 1332 121 1379 ultione
133 1331 209 1380 divina
219 1331 322 1394 protinus
332 1330 438 1380 insanivit
448 1348 454 1388 ;
472 1343 493 1379 et
505 1349 544 1394 per
555 1333 601 1379 dies
613 1333 699 1379 multos
710 1333 795 1379 ratione

35 1409 57 1445 et
75 1398 183 1444 memoria
201 1398 278 1453 caruit,
297 1396 381 1454 donec,
393 1395 497 1459 precibus
514 1397 642 1460 aliquorum
660 1398 688 1444 ad
705 1397 795 1444 beatum

37 1464 178 1510 Franciscum
189 1461 253 1517 fusis,
265 1461 324 1508 illius
335 1462 419 1507 insania
429 1462 566 1524 conquievit,

67 1528 94 1572 In
114 1536 186 1573 castro
204 1525 270 1572 Pillei
289 1526 317 1571 de
336 1526 452 1585 provincia
473 1526 596 1586 Campanis
613 1526 636 1570 in
653 1524 710 1571 festo
726 1526 796 1571 sancti

36 1590 146 1636 Francisci
158 1589 238 1634 mulier
249 1589 348 1652 quedam
359 1590 490 1637 laboritium
498 1606 565 1636 suum
573 1589 667 1636 sollicite
675 1590 795 1639 exercebat.

37 1656 80 1702 Sed
98 1672 110 1702 a
127 1655 225 1718 quadam
243 1653 313 1700 nobili
331 1654 419 1700 dehoc
436 1654 534 1717 graviter
552 1654 679 1717 redarguta,
698 1672 750 1702 cunr
769 1655 796 1701 ab

36 1719 141 1766 omnibus
149 1718 292 1766 veneratione
302 1719 379 1765 divina
389 1719 500 1765 coleretur
510 1737 516 1765 :
533 1720 625 1773 Parum,
634 1720 719 1781 inquid,
729 1730 797 1765 restat

36 1795 62 1828 ut
85 1784 208 1843 compleam
231 1797 288 1842 opus
310 1797 403 1838 meum;
423 1782 498 1826 videat
520 1782 639 1838 Dominus,
660 1784 678 1827 si
696 1783 796 1829 offendo.

36 1845 116 1892 Statim
134 1846 157 1891 in
175 1845 226 1902 lilia,
245 1862 289 1908 que
306 1861 376 1907 prope
394 1845 490 1903 sedebat,
506 1847 576 1892 cernit
594 1862 662 1909 grave
680 1847 795 1894 iudiciuin.

37 1910 203 1976 Obliquabatur
214 1928 239 1957 os
250 1910 325 1973 puelle
336 1927 407 1973 usque
418 1912 446 1958 ad
457 1928 519 1958 aures
529 1930 535 1969 ;
554 1923 576 1958 et
585 1912 651 1968 oculi,
661 1913 728 1959 velud
737 1914 796 1958 exire

37 1976 155 2039 compulsi,
173 1975 327 2022 miserabiliter
343 1975 515 2039 torquebantur.
548 1977 677 2023 Accurrunt
696 1979 797 2040 undique

38 2041 142 2086 mulieres
153 2051 176 2085 et
187 2041 265 2085 matris
281 2041 391 2101 impietati
408 2057 450 2101 pro
466 2041 580 2086 innocenti
599 2040 644 2086 filia
654 2041 796 2088 maledicunt.

38 2105 91 2152 Ilico
102 2105 225 2167 prosternit
237 2121 259 2150 se
270 2103 334 2150 humi
344 2104 422 2150 dolore
438 2104 556 2167 completa,
568 2103 674 2151 festivum
685 2106 798 2167 spondens

37 2170 152 2216 annuatim
168 2170 251 2217 ducere
266 2168 327 2216 diem
346 2179 369 2216 et
384 2171 445 2216 ineo
460 2185 547 2230 pascere
563 2185 671 2232 pauperes
683 2170 712 2215 ob
723 2187 798 2216 rever-

38 2234 121 2282 entiam
133 2235 202 2281 sancti
213 2234 289 2281 huius.
323 2233 419 2286 Quievit
435 2233 482 2279 sine
496 2250 559 2280 mora
573 2235 661 2281 vexatio
672 2234 724 2291 filie,
736 2246 796 2297 post-

38 2315 106 2360 quam
117 2310 189 2344 mater
200 2315 245 2360 que
255 2308 385 2359 peccaverat
396 2307 531 2358 compuncta
541 2308 575 2343 est
586 2299 615 2343 de
626 2299 716 2344 offensa¹

85 2363 194 2409 Matheus
205 2361 232 2409 de
240 2360 364 2407 Tolentino
372 2361 441 2408 filiam
449 2360 542 2408 habebat
551 2363 641 2407 nomine
650 2361 798 2410 Franciscam.

39 2426 87 2480 Qui
98 2445 140 2491 pro
147 2444 175 2475 eo
185 2428 248 2491 quod
259 2443 282 2474 se
290 2426 368 2473 fratres
379 2427 407 2474 ad
417 2427 493 2475 locum
501 2427 570 2473 alium
578 2427 745 2485 transferebant,
753 2447 798 2474 non

39 2493 152 2539 modicum
163 2491 318 2547 conturbatus,
330 2491 398 2537 filiam
413 2508 483 2548 suam,
495 2492 605 2537 Francisci
617 2493 707 2538 nomine
717 2494 799 2554 spolia-

38 2565 91 2612 tam,
109 2557 222 2603 Mathiam
238 2557 337 2602 instituit
353 2556 465 2617 appellari.
497 2556 583 2601 Verum
599 2557 693 2616 spoliata
709 2559 799 2602 nomine

38 2620 131 2681 spoliata
141 2620 187 2667 fuit
200 2621 303 2682 protinus
316 2620 416 2667 sanitate.
450 2620 510 2665 Nam
521 2620 572 2680 quia
582 2635 617 2665 res
628 2620 650 2664 in
663 2621 733 2679 patris
746 2636 800 2665 con-

39 2693 152 2748 temptum
160 2695 183 2731 et
193 2684 292 2732 filiorum
301 2683 379 2730 odium
388 2683 502 2747 agebatur,
511 2683 619 2730 infirmata
627 2693 660 2729 est
671 2685 800 2746 gravissime

39 2748 84 2796 filia
95 2760 118 2797 et
133 2751 161 2798 ad
177 2751 257 2797 mortis
272 2750 380 2812 perducta
394 2749 525 2810 periculum.
560 2749 639 2812 ltaque
656 2766 708 2795 curn
721 2748 800 2796 acerbo

39 2813 117 2861 dolore
127 2832 195 2877 super
206 2815 251 2861 filie
262 2814 382 2860 transitum
393 2823 545 2875 torqueretur,
556 2814 681 2874 increpatus
692 2814 718 2859 ab
731 2831 800 2860 uxore

40 2877 67 2923 de
83 2880 137 2925 odio
147 2896 264 2926 servorum
276 2879 320 2926 Dei
335 2888 358 2925 et
373 2878 470 2924 nominis
484 2878 553 2925 sancti
570 2887 709 2942 contemptu,
720 2878 800 2925 festina
