1919 3169
280 83 441 129 Lucanus
457 82 612 141 narloux
800 98 828 144 59

62 176 522 225 latiorfueratvanorumturbasodalium.
549 177 830 224 Gaudenssocietatebeati

63 242 132 305 patris
143 242 210 291 frater
224 243 338 300 Pacificas,
350 241 432 288 sentire
448 241 526 305 incipit
543 259 598 306 quas
615 242 717 290 nondum
734 253 831 289 senserat

65 308 188 355 unctiones.
221 309 303 356 Iterato
312 323 410 370 namque
416 307 492 354 videre
501 307 640 369 permittitur
649 309 711 371 quod
718 308 765 354 aliis
772 307 831 353 vela-

63 372 145 429 batur;
162 374 246 436 aspexit
254 374 314 421 enim
326 382 376 435 post
388 389 464 435 pauca,
477 388 585 435 magnum
596 373 687 435 signum
697 372 753 420 thau
764 389 831 434 super

63 435 162 483 frontem
189 439 247 484 beati
274 437 404 492 Franscisci,
432 436 494 499 quod
515 436 722 483 diver-sicoloribus
743 437 905 493 circulisF01.56

63 501 156 564 pavonis
172 502 365 566 pulchritudinem
382 500 514 563 preferebat.

109 631 203 715 Ilicet
214 672 290 708 autern
305 660 445 722 evangelista,
459 661 610 718 Francischus,
623 677 662 721 per
672 661 793 707 materialia
808 671 892 710 ettM-V]
906 664 909 672 ¹

63 725 129 771 rudia
138 725 234 772 rudibus
245 725 377 788 predicaret,
389 734 469 785 utpote
485 723 526 786 qui
543 723 629 781 sciebat,
643 724 694 786 plus
711 742 768 787 opus
785 742 831 772 esse

64 790 156 847 virtute,
179 808 247 853 quarn
272 789 352 845 verbis,
374 799 448 834 tamen
475 789 534 835 inter
560 789 693 852 spirituales,
715 790 831 853 magisque

63 870 151 916 capaces
163 855 250 901 vivifica
267 864 290 900 et
308 853 423 916 profunda
439 853 577 916 parturiebat
596 855 700 918 eloquia;
725 854 831 901 brevibus

63 919 171 965 innuebat
181 919 243 981 quod
255 927 302 964 erat
313 918 424 964 ineffabile
435 928 457 964 et
468 918 556 979 ignitos,
570 919 702 965 interserens
715 929 793 980 gestus
809 929 832 965 et

63 993 141 1037 nutus,
150 992 211 1028 totos
221 982 320 1043 rapiebat
331 982 445 1027 auditores
455 982 483 1027 ad
494 981 567 1027 celica.
592 982 647 1027 Non
658 982 831 1029 distinctionum

64 1046 164 1094 clavibus
175 1045 287 1104 utebatur,
297 1046 357 1110 quia,
366 1063 424 1109 quos
435 1046 482 1108 ipse
493 1063 539 1093 non
550 1047 684 1103 inveniebat,
696 1064 742 1094 non
753 1048 831 1094 ordin-

64 1112 114 1159 abat
131 1128 260 1168 sermones;
277 1112 344 1158 dabat
360 1111 410 1158 voci
427 1128 466 1158 sue
480 1128 558 1158 vocem
575 1112 666 1159 virtutis
682 1130 734 1159 vera
750 1113 831 1160 veritas

64 1188 86 1222 et
105 1177 212 1237 sapientia
232 1177 343 1221 Christus.
387 1176 452 1221 Dixit
471 1176 592 1237 aliquando
609 1178 714 1236 physicus
731 1177 830 1239 quidam,

63 1240 98 1286 vir
109 1239 211 1287 eruditus
222 1250 244 1286 et
256 1238 378 1302 eloquens:
397 1238 457 1285 Cum
474 1249 600 1286 ceterorum
617 1239 791 1302 predicationem
803 1241 831 1287 de

63 1304 133 1352 verbo
149 1304 176 1350 ad
193 1304 287 1351 verbum
304 1303 419 1366 retineam,
430 1303 477 1349 sola
492 1320 528 1349 me
547 1304 662 1367 effugiunt
678 1322 722 1368 que
740 1315 830 1352 sanctus

64 1369 208 1417 Francischus
225 1378 317 1425 eructat,
334 1368 468 1430 quorumsi
486 1369 561 1430 aliqua
578 1369 697 1415 commicto
715 1371 829 1427 memorie,

64 1451 109 1479 non
120 1433 158 1478 illa
168 1433 224 1478 mihi
232 1433 346 1490 videntur,
358 1449 401 1495 que
412 1449 452 1477 sua
463 1434 524 1493 prius
535 1433 592 1477 labia
603 1433 747 1480 distillarunt.

111 1568 191 1661 Bon
202 1600 275 1646 solum
286 1599 309 1645 in
320 1599 430 1662 presentia
438 1599 537 1645 virtuosa
550 1610 612 1646 erant
628 1601 695 1648 verba
711 1602 900 1662 Francisci,[ra-vJ]

65 1668 104 1713 sed
123 1682 162 1728 per
184 1665 239 1711 alios
260 1665 394 1728 quandoque
415 1665 542 1710 transmissa
562 1682 632 1712 vacua
653 1682 698 1712 non
719 1668 827 1716 redibant.

66 1730 157 1775 Accidit
168 1730 279 1791 siquidem
289 1729 364 1789 ipsum
375 1729 403 1773 ad
421 1729 534 1774 civitatem
551 1730 624 1773 Aretii
640 1730 745 1776 devenire
758 1749 828 1794 quan-

66 1795 148 1857 doque,
160 1809 210 1840 cum
222 1809 279 1850 ecce,
287 1802 336 1839 tota
346 1792 423 1839 civitas
433 1792 540 1839 intestino
551 1791 609 1839 bello
620 1805 726 1855 quassata,
738 1796 830 1857 propin-

67 1876 137 1922 quum
149 1859 182 1903 sui
194 1857 319 1903 minabatur
330 1856 448 1903 excidium.
482 1857 619 1919 Hospitatus
629 1858 703 1922 itaque
714 1860 749 1907 vir
759 1861 795 1907 dei
806 1861 830 1906 in

66 1924 146 1985 burgo,
165 1932 228 1969 extra
244 1922 357 1968 civitatem
374 1921 437 1967 videt
456 1936 522 1983 supra
540 1932 621 1968 terram
640 1922 708 1982 illam,
726 1925 832 1971 demones

67 1989 191 2035 exultantes
207 1997 229 2031 et
247 1987 305 2031 cives
321 1985 349 2030 ad
367 1986 451 2031 civium
469 1986 535 2032 exitia
552 1990 725 2043 succendentes;
751 2008 832 2036 vocans

67 2063 144 2099 autem
154 2051 252 2107 fratrem,
265 2049 397 2095 Silvestrum
409 2049 506 2106 nomine,
517 2050 593 2096 virum
606 2051 649 2110 dei,
661 2052 728 2114 digne
745 2054 832 2116 simpli-

67 2118 147 2172 citatis,
158 2116 257 2178 precepit
268 2115 288 2159 ei
301 2115 391 2160 dicens:
409 2115 471 2162 Vade
482 2125 533 2161 ante
544 2124 631 2178 portam
643 2115 754 2176 civitatis3
772 2128 794 2166 et
805 2137 832 2166 ex

67 2195 130 2247 parte
151 2179 314 2243 omnipotentis
335 2179 370 2225 dei
392 2179 527 2227 demonibus
544 2181 639 2244 precipe,
658 2193 768 2247 utquam
786 2186 832 2233 cito

67 2257 145 2293 exeant
162 2246 282 2292 civitatem.
316 2244 414 2289 Festinat
434 2246 470 2304 pia
488 2246 618 2304 simplicitas
636 2247 663 2291 ad
682 2248 831 2294 obedientiam

68 2309 257 2375 prosequendam
276 2317 298 2352 et
317 2322 467 2369 preoccupans
486 2308 508 2352 in
528 2309 617 2355 laudem
636 2309 714 2356 faciem
737 2312 831 2371 domini,

64 2376 147 2431 clamat
158 2385 209 2421 ante
219 2381 307 2435 portam
324 2372 439 2418 valenter:
457 2372 494 2417 Ex
511 2382 573 2435 parte
590 2373 626 2420 dei
645 2383 668 2420 et
685 2375 746 2422 iussu
763 2379 832 2440 patris

69 2442 139 2487 nostri
161 2438 273 2485 Francisci
294 2436 372 2498 procul
393 2435 445 2482 hinc
466 2437 575 2483 discedite
599 2438 706 2486 demones
727 2443 831 2492 universi.

69 2505 137 2552 Redit
157 2505 184 2551 ad
207 2518 283 2565 pacem
299 2501 366 2563 paulo
382 2510 433 2562 post
449 2501 525 2548 civitas
539 2513 561 2547 et
578 2503 689 2549 civilitatis
705 2506 728 2550 in
746 2524 768 2552 se
784 2508 833 2554 iura

69 2585 149 2631 magna
175 2565 335 2628 tranquillitate
361 2565 508 2620 custodiunt3
534 2567 593 2611 unde
615 2568 760 2629 postmodum
782 2587 833 2633 pre-

69 2634 144 2681 dicans
165 2632 196 2678 eis
218 2629 296 2678 beatus
317 2627 468 2686 Francischus‚
488 2629 511 2676 in
538 2630 648 2694 principio
675 2634 832 2694 predicationis

69 2699 142 2747 dixit:
167 2696 239 2744 Vobis
256 2695 312 2742 sicut
330 2693 442 2758 quondam
461 2694 558 2757 dyabolo
574 2695 696 2761 subiugatis
711 2709 734 2746 et
750 2703 832 2750 vinctis

69 2766 198 2820 demonum,
218 2761 306 2825 loquor,
332 2776 389 2822 quos
415 2769 490 2805 tamen
518 2760 563 2807 scio
590 2762 705 2810 cuiusdam
729 2770 832 2830 pauperis

69 2828 171 2891 precibus
188 2825 299 2872 liberatos.
