1919 3169
137 78 166 135 84
353 73 513 121 LEGENDA
530 74 687 137 ANTIQUA

136 171 201 218 batur
212 189 239 218 eo
251 181 276 217 ut
288 187 366 243 campo
378 171 509 227 certaminis
518 172 546 217 ad
555 171 673 218 dominum
681 188 737 218 vero
747 181 774 217 ut
782 170 903 217 clarissimo

136 235 227 299 speculo
238 234 366 292 bonitatis,'
361 251 384 280 m
401 234 495 282 artificio
512 252 558 300 quo
559 236 614 283 libet
630 236 773 283 commendat
789 235 904 307 artificem,

137 301 273 374 quidquid
268 316 291 344 1n
310 300 374 345 factis
393 301 482 361 reperit,
502 302 584 363 regerit
603 302 626 345 in
647 300 762 358 factorem,
779 301 840 345 exult
842 310 864 344 at
880 300 904 343 in

138 367 224 412 cunctis
240 364 344 426 operibus
359 380 467 410 manuum
484 365 610 412 dominit
588 375 610 412 et
623 380 663 424 per
679 364 826 411 iucunditatis
843 378 905 424 spec-

138 428 211 475 tacula
222 427 349 475 vivificam
344 438 416 473 rntuet
418 444 446 473 ur
460 428 569 475 rationem
581 440 603 475 et
614 444 709 475 causam.
743 427 887 491 Cognoscit
882 443 905 472 m

138 494 223 556 pulcris
233 492 418 555 pulcherrimum,
425 505 504 540 cuncta
514 494 556 540 sibi
568 493 635 566 bona,
641 494 680 556 qui
689 509 730 539 nos
738 491 790 539 fecit
801 503 834 538 est
845 492 906 554 opti

140 575 197 614 mus,
206 557 317 611 clamant3
335 572 374 618 per
385 557 492 617 impressa
502 559 569 604 rebus
581 558 675 618 vestigia
685 558 810 619 insequitur
821 557 906 618 ubique

140 623 253 677 dilectum,
262 619 315 665 facit
324 621 352 665 de
363 620 467 665 omnibus
476 622 555 666 scalam
557 637 616 683 ,qua
624 622 767 694 perveniatur
777 620 805 665 ad
817 620 904 666 solium.

140 684 244 731 inaudite
263 683 390 730 devotionis
408 683 491 731 affectu
510 686 668 747 complectitur
684 684 764 740 omnia,
785 683 907 747 alloquens,

141 768 166 795 ea
177 749 205 795 de
216 748 309 795 domino
320 758 343 794 et
354 748 378 793 in
388 748 507 795 l'audem
490 767 537 796 erus
553 750 678 796 adhortans.
717 749 789 796 Parcit
805 749 907 803 lucernis,

140 813 280 888 lampadibus
295 824 317 859 et
332 814 435 870 candelis,
447 815 526 861 nolens
537 832 577 861 sua
588 832 655 861 manu
666 813 785 861 deturbare
796 812 908 875 fulgorem

62 884 101 922 Fol
111 880 189 952 78qui
191 889 259 924 nutus
270 889 326 924 esset
337 879 393 923 lucis
404 888 495 923 eterne·
489 896 578 940 ,super
589 890 662 940 petras
673 878 772 924 ambulat
782 888 910 924 reverenter

140 944 188 989 eius
198 943 283 989 intuitu
285 958 337 1005 ‚rqu
330 942 431 988 idicitur
442 953 521 1005 petra3
539 959 591 989 cum
603 960 661 1006 opus
671 952 728 989 esset
737 942 776 988 illo
784 941 908 989 versiculo

140 1009 166 1054 ln
186 1019 249 1069 petra
266 1008 366 1053 exaltasti
384 1024 426 1063 me,
442 1019 467 1053 ut
485 1009 623 1054 reverentius
641 1008 705 1053 illum
723 1008 813 1064 diceret,
829 1007 908 1053 subtus

141 1074 231 1135 pedes,
227 1072 309 1135 inquit,
324 1045 426 1117 exaltasti
444 1088 495 1127 me;
512 1073 573 1135 ligna
590 1074 693 1119 cedentes
711 1070 789 1118 fratres
806 1071 910 1133 prohibet

141 1148 212 1183 totam
223 1136 335 1183 succidere
346 1135 455 1191 arborem,
467 1147 493 1182 ut
503 1153 564 1197 spem
576 1136 654 1182 habeat
669 1138 751 1182 iterum
768 1135 910 1197 pullulandi;

141 1201 204 1246 iubet
214 1199 359 1246 hortulanum
370 1200 495 1246 indefossos
507 1201 590 1245 limites
606 1201 662 1245 circa
678 1201 771 1245 hortum
787 1199 909 1257 dimicare,

142 1264 912 1327 utsuistemporibusherbarumviroretflorumvenustaspredicent

143 1331 267 1394 speciosum
278 1347 354 1376 rerum
365 1329 469 1376 omnium
479 1342 565 1393 patrem
576 1349 581 1376 ε
599 1329 715 1377 hortulum
723 1330 747 1376 in
758 1330 825 1376 horto
837 1329 911 1376 herbis

143 1396 262 1441 odoriferis
278 1407 301 1440 et
318 1395 417 1440 florificis
434 1396 529 1455 precipit
551 1395 671 1455 designari,
687 1406 713 1440 ut
734 1395 758 1439 in
780 1395 912 1440 memoriam

143 1459 259 1504 suavitatis
270 1468 345 1503 eterne
354 1468 447 1504 avocent
456 1459 593 1521 speculantes
603 1474 609 1514 3
626 1457 682 1521 legit
691 1458 718 1505 de
727 1457 762 1504 via
771 1456 911 1514 vermiculos,

144 1540 171 1569 ne
182 1524 275 1586 pedibus
287 1523 446 1568 conculcentur
456 1533 479 1569 et
490 1523 575 1585 apibus,
585 1539 612 1568 ne
624 1523 696 1569 inedia
708 1532 799 1585 pareant
809 1523 832 1568 in
844 1522 913 1586 glacie

144 1589 232 1651 yemali,
244 1589 288 1634 mel
303 1598 325 1633 et
339 1589 425 1648 optima
441 1588 493 1633 vina
510 1587 572 1633 iubet
589 1589 687 1649 apponi;
705 1587 805 1633 fraterno
822 1588 913 1632 nomine

145 1664 210 1699 vocat
218 1652 321 1698 animalia
329 1662 415 1708 cuncta,
423 1651 475 1698 licet
483 1652 506 1697 in
515 1652 577 1697 omni
586 1651 657 1714 specie
667 1651 786 1698 bestiarum
795 1651 914 1714 prediligat

145 1729 266 1763 mansueta.
296 1716 356 1768 Quis
365 1733 465 1762 enarrare
475 1727 553 1762 cuncta
562 1717 670 1762 sufficiat?
698 1717 813 1778 Siquidem
824 1716 915 1761 fontalis

145 1781 182 1827 illa
200 1780 294 1839 bonitas,
310 1797 353 1843 que
370 1781 445 1826 omnia
463 1781 487 1825 in
506 1780 610 1826 omnibus
626 1790 659 1826 est
676 1779 758 1838 futura,
775 1781 819 1826 iam
836 1790 913 1826 sancto

147 1847 199 1892 huic
210 1846 285 1892 omnia
295 1845 319 1890 in
330 1845 435 1891 omnibus
445 1844 583 1891 clarescebat.

96 1975 144 2018 [Η]
193 1941 332 2033 nituntur
343 1973 438 2035 proinde
450 1983 549 2019 creature
560 1989 637 2019 omnes
648 1974 720 2021 vicem
738 1974 819 2021 amoris
837 1990 913 2036 repen-

147 2043 200 2087 dere
227 2049 303 2085 sancto
330 2048 352 2082 et
379 2039 517 2099 gratitudine
539 2055 578 2082 sua
602 2055 644 2098 pro
666 2038 751 2082 meritis
772 2039 914 2099 respondere,

146 2103 269 2150 blandienti
291 2101 396 2160 arrident,
417 2101 506 2163 roganti
528 2112 637 2159 annuunt,
657 2100 766 2148 obediunt
788 2102 913 2164 imperanti.

148 2170 236 2217 Placeat
252 2182 375 2231 paucorum
393 2165 477 2214 relatio.
510 2165 625 2227 Tempore
643 2166 779 2212 infirmitatis
796 2168 914 2213 oculorum

148 2245 224 2281 coacto
235 2246 261 2280 ut
272 2232 357 2278 mederi
369 2232 411 2277 sibi
422 2241 542 2293 pateretur,
555 2242 647 2277 vocatur
659 2232 704 2277 adl
706 2248 773 2277 ocum
789 2234 914 2295 eyrugicus.

148 2300 262 2345 Veniens'
258 2298 328 2359 igitur
339 2296 454 2341 ferreum'
449 2306 624 2340 instrumentum
641 2296 670 2340 ad
687 2306 788 2340 cocturas
805 2296 916 2341 faciendas

148 2362 228 2419 defert,
240 2362 302 2408 iubet
294 2370 347 2423 tque
359 2360 405 2421 igni
418 2358 532 2433 submicti‚
545 2359 631 2406 donec
627 2360 696 2422 igniat
698 2376 725 2406 ur
742 2370 765 2405 et
782 2360 873 2421 ipsum;
890 2377 915 2406 ac

148 2428 224 2475 beatus
244 2436 306 2499 pater
323 2441 404 2487 corpus
421 2424 465 2470 iam
483 2424 574 2470 horrore
592 2441 721 2471 concessum
738 2423 899 2472 confortans
884 2442 915 2471 src

148 2491 283 2555 alloquitur
278 2506 367 2553 ignem:
383 2489 497 2535 Frater
468 2506 498 2534 mr
506 2489 564 2551 ignis
572 2489 631 2551 [pre]
640 2489 718 2534 ceteris
726 2488 793 2535 rebus
801 2506 852 2535 emu
854 2491 915 2536 landi

149 2557 233 2603 decoris
242 2557 377 2611 virtuosum,
390 2554 510 2615 pulchrum
521 2564 543 2599 et
555 2555 632 2599 utilem
644 2563 666 2599 te
683 2554 765 2599 creavit
776 2553 913 2601 Altissimus

150 2622 192 2667 Est
184 2631 208 2666 to
219 2620 308 2665 mihim
319 2620 360 2663 hac
376 2619 432 2663 hora
449 2618 565 2678 propitius,
578 2627 626 2662 esto
644 2617 739 2672 curialis
751 2618 804 2691 quia
821 2618 875 2663 olim
893 2628 915 2664 te

149 2684 216 2731 dilexi
228 2685 250 2729 in
262 2682 362 2730 domino.
397 2682 477 2727 Precor
488 2697 596 2743 magnum
607 2682 733 2737 dominum,
743 2682 782 2743 qui
794 2692 816 2727 te
824 2683 915 2740 creavit,

149 2760 175 2796 ut
185 2760 252 2796 tuum
263 2748 332 2794 modo
342 2746 438 2793 calorem
449 2756 565 2808 temperet,
576 2762 621 2809 quo
630 2746 729 2792 suaviter
737 2756 822 2803 urente,
831 2746 915 2794 valeam

149 2814 280 2860 substinere.
