1919 3169
151 125 183 166 40
337 104 534 150 TRACTATUS
554 103 728 150 SECUNDUS

152 199 305 251 Indissolubili
327 201 401 262 itaque
421 197 513 247 vinculo
535 198 626 246 domine
646 197 783 261 paupertatis
803 211 918 243 connexus

153 285 199 315 non
210 276 342 331 presentem,
354 264 392 311 sed
409 263 509 310 futuram
521 265 568 327 ejus
579 264 656 310 dotem
670 273 778 326 expectat.
811 263 919 320 Psalmos,

152 334 192 398 qui
209 340 362 396 paupertatem
378 338 465 387 sonant,
485 338 512 375 ut
533 328 606 375 illud:
632 328 753 374 Patientia.
764 343 811 374 non
828 327 918 390 pauperi

153 400 178 445 in
194 397 238 444 fine
254 405 276 442 et
292 395 395 441 viderant
412 409 526 455 pauperes,
537 404 560 440 et
576 393 683 450 letentur,
699 392 823 440 ferventori
839 392 920 439 affectu

153 461 226 508 letiori
237 458 308 506 iubilo
319 458 455 504 decantabat.

74 608 151 651 [a-LVJ]
217 596 252 638 De
264 594 363 646 petenda
374 594 521 644 helemosyna
534 596 557 635 et
570 592 766 635 commendatione
779 592 858 643 ipsius.

200 671 247 756 P
249 713 295 749 ater
309 712 397 747 sanctus
410 701 516 747 utebatur
529 700 690 762 heleemosynis
701 701 815 748 hostiatim
829 701 921 764 quesitis

155 767 229 814 multo
250 765 364 824 libentius,
386 782 454 828 quarn
476 765 573 819 oblatis;
601 766 757 811 verecundiam
780 766 921 812 mendicandi

155 830 260 878 inimican
278 829 344 877 saluti
363 828 456 886 dicebat,
474 829 631 876 verecundiam
653 829 677 875 in
698 829 854 887 mendicando,
873 846 921 875 earn

156 912 200 960 que
221 895 302 957 pedem
324 911 371 940 non
390 894 489 949 retrahit,
509 904 607 940 sanctam
626 910 672 939 esse
691 895 839 950 confirmans;
863 895 921 940 nasci

155 960 260 1004 ruborem
271 961 295 1004 in
305 969 381 1003 tenera
391 957 466 1003 fronte
482 957 592 1013 laudabat,
607 958 694 1018 pudore
705 958 815 1004 confundi
826 975 872 1005 non
883 959 921 1004 ita.

156 1023 335 1086 Nonnumquam
346 1037 400 1066 suos
411 1020 438 1065 ad
449 1021 569 1082 petendam
579 1021 759 1081 heleemosynam
769 1023 868 1076 hortans,
880 1023 922 1067 hiis

155 1087 263 1135 utebatur
279 1086 369 1134 verbis:
398 1086 438 1142 lte,
450 1085 537 1149 inquid,
552 1084 658 1148 quoniam
675 1085 714 1131 hac
732 1085 852 1132 novissima
868 1086 923 1132 hora

155 1151 234 1199 fratres
253 1152 350 1197 minores
372 1151 509 1197 commodati
532 1160 584 1196 sunt
606 1150 702 1206 mundo,
721 1162 747 1197 ut
766 1150 830 1197 electi
852 1153 875 1197 in
891 1152 922 1197 eis

156 1216 281 1280 compleant
308 1215 369 1262 unde
395 1232 408 1261 a
440 1215 513 1261 iudice
547 1215 749 1261 commendentur:
785 1216 856 1266 Quod
883 1217 922 1260 uni

155 1281 237 1327 fecistis
261 1296 289 1324 ex
305 1279 412 1326 fratribus
430 1280 486 1324 meis
504 1279 636 1334 minoribus,
653 1280 720 1324 michi
740 1279 839 1334 fecistis;
862 1281 922 1326 unde

156 1344 318 1408 privilegiatam
343 1361 356 1388 a
377 1358 460 1406 magno
481 1342 591 1405 propheta
615 1342 700 1388 dicebat
721 1343 860 1406 religionem,
884 1345 922 1407 qui

156 1410 249 1456 titulum
271 1408 369 1455 nominis
391 1409 439 1453 eius
460 1417 507 1453 tam
528 1409 645 1453 evidenter
668 1409 781 1470 expressit.
823 1408 923 1471 ldeoque

156 1475 247 1522 volebat
268 1472 346 1525 fratres
368 1489 414 1517 non
436 1472 509 1517 solum
530 1472 553 1517 in
570 1471 704 1528 civitatibus,
722 1473 762 1519 sed
783 1474 806 1519 in
827 1473 923 1519 heremis

157 1552 305 1592 commanere,
330 1545 357 1581 ut
382 1536 467 1580 cunctis
490 1536 590 1580 merendi
618 1536 753 1581 tribueretur
780 1538 872 1583 materia
900 1548 923 1581 et

158 1600 305 1650 excusationis
320 1598 420 1662 reprobis
435 1599 562 1645 tolleretur.

66 1742 153 1785 [a-aer]
270 1731 409 1781 Exemplum
422 1730 496 1772 sancti
509 1728 538 1771 de
552 1729 650 1780 petenda
663 1730 811 1783 eleemosyna.

255 1855 278 1883 ec
294 1838 331 1884 vel
348 1837 416 1882 semel
431 1846 528 1882 sanctam
545 1836 608 1881 illam
622 1853 726 1897 sponsam
740 1840 870 1894 offenderet,
882 1841 925 1885 hoc

158 1902 230 1949 facere
254 1900 334 1948 solitus
358 1911 404 1947 erat
430 1917 508 1946 servus
532 1899 576 1945 dei.
621 1901 644 1945 Si
669 1902 758 1965 quando
782 1903 889 1949 invitatus
913 1921 925 1949 a

159 1968 256 2015 dominis
272 1966 354 2013 mensis
373 1976 430 2013 esset
451 1963 616 2028 profusioribus
636 1965 787 2026 honorandus
804 1969 865 2031 prius
887 1986 926 2032 per

159 2033 297 2096 propinquas
308 2032 434 2078 vicinorum
445 2031 525 2076 domos
538 2046 621 2091 panum
638 2030 763 2093 fragmenta
779 2034 885 2095 querebat
902 2051 926 2081 ac

160 2097 241 2144 deinde
252 2097 281 2142 sic
292 2096 377 2142 ditatus
386 2094 463 2155 inopio
471 2093 589 2140 festinabat
600 2096 735 2141 accumbere.
771 2097 926 2160 Interrogatus

160 2161 293 2225 quandoque
304 2175 344 2204 cur
353 2158 435 2203 faceret
446 2158 512 2213 istud,
521 2159 668 2218 respondebat
678 2175 720 2220 pro
729 2159 798 2205 feudo
809 2162 837 2207 ad
848 2163 926 2207 horam

160 2240 264 2273 concesso
274 2222 421 2270 hereditatem
433 2220 534 2268 stabilem
546 2240 569 2267 se
584 2222 711 2286 relinquere
727 2223 794 2269 nolle.
826 2225 927 2287 Pauper-

160 2302 200 2347 tas,
211 2289 298 2352 inquid,
310 2299 350 2343 est,
362 2304 406 2350 que
417 2288 508 2334 heredes
518 2298 541 2334 et
553 2303 617 2350 reges
630 2288 693 2351 regni
707 2289 807 2337 celorum
820 2289 926 2347 instituit,

162 2372 207 2403 non
219 2354 272 2402 false
283 2354 383 2401 divinite.

64 2497 159 2539 [a-ran]
201 2480 346 2532 Exemplum,
364 2478 425 2529 quod
439 2478 492 2520 fecit
505 2478 586 2530 injuria
599 2478 683 2521 domini
696 2480 791 2523 ostiensi
807 2482 871 2524 etde
884 2494 927 2525 sua

163 2533 311 2587 responsione
324 2531 354 2574 acl
367 2532 506 2582 episcopum.

210 2609 300 2699 Qum,
319 2638 444 2687 venerande
463 2639 576 2696 memorie,
596 2656 677 2702 papam
695 2642 839 2705 Gregoriurn,
856 2644 929 2691 adhuc

161 2707 185 2751 in
221 2706 303 2750 minori
337 2704 410 2749 offitio
442 2705 598 2760 constitutum,
625 2705 726 2750 visitaret
756 2709 850 2768 quadam
880 2711 928 2753 vice

161 2780 249 2817 sanctus
281 2766 433 2821 Francisohus,
462 2766 558 2811 instante
590 2767 635 2812 iam
665 2769 720 2813 hora
754 2772 928 2830 commestionis,

162 2852 204 2899 pro
231 2831 392 2894 heleemosynis
423 2829 485 2878 vadit
511 2842 533 2878 et
560 2832 646 2879 rediens
674 2832 750 2890 frusta,
781 2835 840 2899 nigri
867 2838 929 2900 panis
