1919 3169
339 112 516 161 MIRACULA
763 122 803 155 121

46 215 113 262 Iussit
131 214 225 275 proinde
242 212 305 258 illum
325 220 413 256 sanctus
432 210 552 271 diligenter
569 208 659 265 nutriri,
681 206 808 267 amplexans

46 279 110 326 illum
130 288 152 325 et
171 276 272 324 dulcibus
290 275 362 322 verbis
378 274 514 321 demulcens.
547 272 632 320 Videns
649 272 691 317 hoc
710 270 810 317 medicus

48 345 139 408 quidam
156 354 232 390 sancto
248 343 291 388 Dei
310 342 363 387 satis
382 341 478 388 devotus
496 340 561 401 petiit
580 339 646 384 illum
665 353 677 382 a
698 335 811 393 fratribus,

49 407 125 455 nolens
146 424 197 454 eum
225 406 348 460 comedere,
370 405 409 451 sed
436 404 499 451 illum
522 404 551 450 ob
573 401 722 451 reverentiam
743 401 811 446 sancti

50 474 142 519 nutrire.
177 472 242 522 Quid
262 469 345 532 plura?
376 468 464 514 Detulit
484 484 559 513 secum
578 469 607 514 ad
626 468 727 513 domum.
769 464 812 511 Sed

50 537 154 582 iniuriam
164 550 240 596 passus
251 534 374 580 disiunctus
390 531 487 577 fasianus
498 550 510 577 a
521 541 603 588 sancto,
616 530 687 577 donec
702 528 751 575 sine
766 527 814 573 eius

51 600 160 664 presentia
170 597 221 656 fuit,
233 599 365 646 manducare
376 598 466 659 penitus
477 598 555 645 noluit.
589 593 765 657 Obstupefactus
781 603 815 639 est

52 665 171 719 medicus;
188 674 210 709 et
228 664 257 710 ad
276 673 378 709 sanctum
397 662 471 709 statim
493 661 603 708 fasianum
625 671 749 723 reportans,
771 673 815 720 que

53 729 177 775 acciderant
188 742 227 787 per
244 728 346 772 ordinem
363 735 442 771 cuncta
460 727 565 771 narravit.
599 727 659 770 Mox
676 734 701 769 ut
719 724 742 767 in
760 732 818 767 terra

54 791 140 855 positus
161 801 247 852 patrem
269 789 454 837 suumfasianus
475 790 580 853 inspexit,
599 789 698 852 proiecta
719 786 817 845 tristitia,

55 856 188 904 manducare
199 872 250 901 cum
261 857 345 918 gaudio
356 856 420 917 cepit.

104 921 170 967 quta
181 920 282 977 cellulam
293 921 362 966 sancti
369 921 412 966 Dei
422 920 481 981 apud
491 920 669 975 Portiunculam,
677 935 743 980 super
751 918 819 964 ficum
880 932 882 934 ’

56 985 237 1039 cicadaresidens,
243 984 479 1045 consuetafrequenter
485 985 594 1030 suavitate
600 983 698 1029 canebat.
710 982 747 1028 Ad
752 997 820 1043 quam

56 1047 192 1114 quandoque
211 1046 287 1093 beatus
306 1057 369 1110 pater
386 1063 477 1093 manum
497 1047 625 1105 extendens,
642 1046 670 1093 ad
688 1065 710 1093 se
725 1045 912 1108 benigneFol.47¹⁹

57 1113 147 1162 vocavit
158 1112 249 1158 dicens:
266 1114 333 1158 Soror
344 1128 392 1157 mea
403 1113 483 1167 cicada,
495 1112 547 1159 veni
560 1112 587 1158 ad
604 1128 647 1158 me.
681 1111 741 1168 Que,
752 1110 821 1158 velud

59 1176 151 1225 rationis
162 1193 260 1239 compos,
273 1177 348 1222 statim
360 1193 425 1238 super
437 1193 528 1222 manum
539 1177 587 1223 eius
602 1176 706 1225 ascendit.
742 1175 774 1222 Et
790 1176 821 1222 ait

59 1243 87 1300 ad
104 1257 167 1287 eam:
186 1241 264 1296 Canta,
283 1256 346 1286 soror
364 1241 444 1297 cicada,
456 1251 478 1286 et
494 1241 619 1285 Dominum
636 1241 765 1286 Creatorem
781 1250 822 1285 tuo

60 1305 131 1351 iubilo
149 1304 222 1350 lauda.
262 1304 315 1357 Que
334 1305 381 1349 sine
399 1321 465 1370 mora
481 1304 587 1351 obediens
607 1321 685 1352 canere
703 1305 779 1367 cepit;
801 1314 824 1350 et

60 1371 148 1418 tamdiu
161 1386 242 1416 canere
259 1387 304 1415 non
321 1370 420 1429 cessavit,
437 1370 509 1416 donec
528 1370 563 1417 vir
585 1370 636 1426 Dei,
656 1370 704 1416 eius
722 1369 824 1417 cantibus

62 1452 125 1483 suam
141 1434 232 1481 laudem
248 1436 388 1490 interserens,
400 1445 427 1481 ut
439 1436 467 1480 ad
481 1435 573 1480 solitum
586 1436 697 1480 revolaret
713 1434 787 1480 locum
804 1435 824 1479 ei

63 1500 184 1546 mandavit.
218 1500 246 1544 ln
258 1515 303 1562 quo
313 1515 352 1560 per
367 1509 419 1545 octo
434 1499 482 1545 dies
499 1500 605 1545 continue
621 1500 684 1561 quasi
696 1499 764 1561 ligata
774 1515 826 1560 per-

64 1563 152 1608 mansit.
186 1563 278 1607 Sanctus
290 1579 343 1608 vero
355 1578 407 1607 cum
416 1563 562 1608 descendebat
571 1564 599 1608 de
610 1563 671 1618 cella,
680 1579 728 1608 eam
739 1579 827 1624 semper

64 1625 167 1672 manibus
181 1637 275 1689 tangens
292 1637 380 1672 cantare
395 1625 502 1683 iubebat3
521 1628 585 1672 cuius
601 1627 736 1673 iussionibus
752 1642 828 1689 parere
849 1667 851 1670 ,

67 1708 153 1755 semper
163 1701 210 1737 erat
220 1691 322 1739 sollicita.
356 1691 387 1737 Et
398 1693 429 1738 ait
440 1701 529 1738 sanctus
539 1692 567 1739 ad
578 1691 647 1739 sotios
658 1708 725 1741 suos:
742 1693 830 1739 Demus

67 1759 110 1803 iam
126 1757 237 1803 licentiam
252 1758 323 1803 sorori
340 1767 415 1803 nostre
429 1756 510 1816 cicade,
524 1774 566 1820 que
582 1757 635 1803 satis
646 1759 690 1804 huc
704 1775 776 1821 usque
790 1774 830 1803 sua

68 1822 133 1866 laude
151 1823 207 1865 letos
224 1837 265 1865 nos
282 1821 341 1875 fecit,
361 1836 454 1866 necaro
474 1831 550 1866 nostra
566 1837 622 1867 vane
639 1838 681 1883 pro
698 1822 830 1867 huiusmodi

67 1884 183 1947 glorietur.
216 1884 248 1931 Et
270 1886 345 1932 statim
367 1884 394 1931 ab
413 1900 440 1931 eo
461 1885 573 1932 licentiata
594 1885 692 1944 recessit,
711 1902 751 1932 nec
771 1885 831 1932 ultra

69 1949 152 1996 ibidem
163 1949 272 2012 apparuit.
307 1950 428 1996 Cernentes
438 1950 479 1996 hec
490 1951 565 1997 omnia
576 1950 654 1998 fratres
665 1952 830 2015 perplurimum

71 2026 182 2061 ammirati
193 2025 254 2062 sunt.

122 2080 150 2126 ln
160 2096 212 2125 vase
227 2078 326 2141 quodam
342 2090 416 2124 terreo
426 2080 461 2124 vir
476 2090 573 2136 sanctus,
585 2082 608 2125 in
625 2081 723 2142 quodam
734 2096 831 2142 paupere

72 2143 122 2188 loco
133 2158 230 2200 morans,
242 2143 331 2188 bibebat
343 2161 349 2198 ;
366 2144 389 2187 in
400 2159 446 2204 quo
457 2153 508 2204 post
522 2144 568 2188 eius
584 2144 706 2189 discessum
722 2160 773 2206 apes
784 2154 831 2189 arte

74 2205 169 2253 mirabili
180 2205 282 2255 favorum
290 2206 378 2255 cellulas
388 2206 503 2265 fabricant,
512 2207 610 2256 divinam
619 2209 831 2273 contemplationem

73 2287 141 2333 quarn
152 2273 183 2318 ibi
194 2275 298 2318 hauserat
308 2272 437 2320 mirabiliter
447 2274 576 2320 indicantes.

86 2372 87 2375 η
121 2337 194 2384 Vivus
212 2348 235 2384 et
253 2338 340 2401 integer
356 2339 417 2400 apud
437 2339 543 2385 Grecium
561 2349 636 2384 sancto
655 2339 772 2386 Francisco
787 2339 832 2386 fuit

74 2399 162 2446 oblatus
172 2401 308 2463 lepusculus.
342 2402 389 2453 Qui
401 2402 456 2447 liber
467 2403 549 2448 iterum
564 2403 686 2466 depositus,
698 2420 748 2449 cum
760 2414 835 2466 posset

72 2481 119 2527 quo
129 2465 197 2512 vellet
207 2466 312 2528 effugere,
324 2477 418 2512 vocante
426 2483 449 2512 se
457 2479 540 2525 sanct0,
550 2469 573 2513 in
584 2469 658 2513 sinum
667 2467 727 2514 illius
738 2485 835 2531 propero

74 2544 139 2576 cursu
155 2529 251 2580 saltavit.
285 2531 362 2584 Quem
379 2543 468 2581 sanctus
483 2531 578 2595 benigne
595 2532 721 2596 suscipiens,
734 2545 757 2580 et
769 2550 797 2580 ne
812 2550 835 2579 se

72 2593 154 2642 iterum
170 2598 216 2658 capi
231 2598 373 2658 permitteret
388 2597 482 2644 dulciter
494 2613 594 2656 monem,
606 2597 759 2645 benedictione
776 2599 834 2655 data,

72 2660 143 2703 redire
153 2660 218 2705 illum
228 2661 292 2705 iussit
303 2661 331 2705 ad
341 2661 427 2705 silvam.

78 2760 80 2762 .
120 2722 197 2770 Simile
212 2723 319 2788 quiddam
335 2725 363 2771 de
379 2726 477 2786 quodam
490 2724 592 2772 cuniculo
607 2724 711 2787 contigit,
723 2725 784 2789 quod
800 2735 833 2771 est

73 2785 137 2835 valde
155 2788 328 2836 indomesticum
346 2788 434 2846 animal,
452 2807 503 2837 cum
523 2790 545 2837 in
563 2790 665 2838 Perusini
682 2790 743 2838 lacus
762 2790 834 2840 insula

74 2852 201 2901 morabatur
212 2854 247 2901 vir
258 2864 353 2903 sanctus.
