1919 3169
117 117 145 160 14
327 100 489 148 sustuna
507 100 667 148 ouueonn

114 215 194 245 eorum
209 198 342 261 presentiret
357 198 489 255 adventum,
509 198 561 244 dare
578 198 652 244 locum
672 198 691 243 ir
707 214 720 244 e
739 197 825 256 volens,
842 197 881 242 in⁷

116 264 230 325 quandam
237 263 362 309 occultam8
373 270 479 318 caveam,9
490 278 557 325 quam
568 263 597 309 ad
606 263 648 308 hoc
655 262 750 323 ipsemet
757 272 879 324 paraverat,

117 344 140 374 se
151 328 273 391 mergebat.

165 393 221 439 Erat
231 390 295 439 fovea
307 390 352 447 illa,
360 390 383 436 in
398 390 475 447 domu,
487 391 526 437 uni
537 400 626 438 tantum
633 398 649 416 ¹⁰
659 389 718 436 forte
729 390 820 453 cognita
831 389 881 437 soli.

118 458 145 502 In
156 474 201 520 qua
211 474 250 520 per
257 472 357 502 mensem
369 471 441 501 unum
452 456 483 500 sic
494 457 603 502 continuo
610 456 713 511 latitavit,
722 465 748 501 ut
754 456 782 501 ad
791 471 880 502 causam

119 522 216 565 humane
233 520 367 565 necessitatis
384 520 460 581 egredi
477 521 516 564 vix
534 522 633 565 auderet.
667 520 738 564 Cibus
754 520 773 563 si
790 520 881 581 quando

119 584 220 639 dabatur,
228 584 251 629 in
260 583 325 629 fovea
332 584 422 629 occulto
431 582 510 629 edebat
518 599 581 638 eum;
590 593 613 629 et
621 591 636 608 ¹¹
646 582 808 629 clandestinum
816 591 831 608 ¹¹
840 583 860 628 ei
867 591 882 607 ¹¹

119 656 208 696 omne¹¹
228 646 399 711 impendebatur
409 646 552 709 obsequium.
586 648 706 711 Oransque
712 645 788 695 orabat
799 647 883 709 iugiter

119 714 260 760 lacrimarum
280 711 361 775 ymbre
381 710 493 774 perfusus,
515 722 541 758 ut
561 712 664 759 liberaret
685 730 737 759 eum
759 713 838 758 deus³²
855 712 883 758 de

120 778 223 825 manibus
239 777 422 839 persequentium
438 777 536 823 animam
554 794 617 824 suam
631 787 654 823 et
669 788 695 824 nt
706 779 742 840 pia
752 788 805 825 vota
822 794 861 823 sua
868 785 883 809 ¹³

120 842 219 904 benigno
236 841 312 888 favore
329 841 458 902 compleret.

171 908 199 953 ln
209 906 293 951 ieiunio
305 914 328 951 et
338 903 394 951 fietu
405 905 509 952 exorabat
520 904 662 952 clementiam
674 906 788 952 salvatoris
798 923 805 962 3
821 915 844 952 et
856 906 883 952 de

122 988 161 1018 sua
169 969 273 1018 diffidens
289 967 399 1016 industria
410 978 484 1016 totum
501 969 594 1016 iactabat
605 970 629 1017 in
640 969 734 1017 domino
751 970 883 1034 cogitatum.

122 1037 153 1081 Et
179 1037 231 1082 licet
253 1044 312 1080 esset
333 1034 357 1079 in
378 1032 443 1080 fovea
464 1045 487 1080 et
509 1035 646 1081 intenebris
668 1036 811 1092 constitutus,
833 1052 882 1097 per-

121 1099 256 1146 fundebatur
277 1109 352 1144 tamen
374 1097 484 1145 indicibili
507 1099 604 1160 quadarn
626 1098 697 1144 letitia
717 1099 759 1144 sibi
776 1100 884 1145 hactenus

122 1165 244 1225 inexperta,
261 1178 287 1209 ex
306 1177 351 1224 qua
367 1171 430 1209 totus
447 1162 569 1224 ignescens,
586 1162 662 1209 relicta
678 1162 751 1218 fovea,
768 1163 841 1225 palam
861 1180 885 1209 se

122 1238 291 1290 persecutorum
308 1227 411 1288 exposuit
426 1226 557 1274 maledictis.

97 1349 101 1357 x
170 1292 270 1339 Surrexit
278 1292 353 1354 itaque
361 1292 464 1353 protinus
473 1293 576 1355 impiger,
585 1291 682 1339 festinus
691 1303 713 1338 et
724 1291 794 1338 alacer
804 1311 810 1352 ;
826 1294 885 1340 etad

123 1358 265 1420 preliandum
282 1373 323 1417 pro
339 1357 442 1402 Domino
459 1367 548 1403 scutum
565 1357 617 1403 fidei
631 1355 745 1417 preferens
761 1375 886 1419 magneque

123 1422 206 1467 fiducie
214 1429 229 1452 ¹4
240 1420 307 1466 armis
318 1420 422 1465 munitus
432 1436 512 1465 versus
523 1420 636 1465 civitatem
648 1431 806 1482 aggressusest
817 1421 885 1477 viam,

123 1496 145 1531 et
164 1486 243 1531 divino
265 1483 338 1529 calore
355 1500 473 1529 succensus
492 1483 551 1545 cepit
574 1485 718 1546 semetipsum
740 1486 842 1547 segnitiei
865 1496 887 1531 et

124 1550 213 1613 ignavie
229 1548 354 1611 plurimum
371 1548 478 1596 incusare.

172 1616 226 1674 Quo
237 1615 295 1671 viso,
307 1613 389 1668 cuncti,
401 1613 441 1674 qui
453 1621 561 1658 noverant
572 1629 631 1669 eum,
643 1624 797 1675 comparantes
809 1614 888 1660 ultima

125 1679 203 1740 primis
218 1686 326 1740 ceperunt
337 1675 369 1721 illi
380 1676 535 1723 miserabiliter
551 1677 686 1738 exprobare;
704 1688 726 1723 et
742 1678 846 1726 insanum
863 1696 888 1724 ac

126 1744 254 1789 dementem
281 1741 426 1787 acclamantes
452 1742 528 1788 lutum
555 1741 679 1802 platearum
704 1752 727 1788 et
753 1741 838 1804 lapides
865 1745 888 1788 in

125 1809 199 1869 ipsum
225 1806 353 1868 proiiciunt.
387 1804 516 1853 Cernebant
543 1822 596 1851 eum
623 1822 634 1852 a
662 1806 762 1868 pristinis
788 1807 890 1854 moribus

125 1873 243 1919 alteratum
258 1881 280 1917 et
296 1870 368 1916 carnis
384 1871 533 1916 maceratione
551 1869 615 1916 valde
631 1869 759 1917 confectum
776 1881 798 1917 et
816 1872 867 1918 ideo
875 1880 889 1905 ¹⁵

126 1945 209 1993 totum,
220 1935 284 1998 quod
299 1933 386 1997 agebat,
397 1933 544 1980 exinanitioni
556 1943 579 1979 et
589 1934 702 1995 clementie
718 1934 859 1997 inputabant.
867 1936 883 1962 ¹⁶

92 2006 125 2028 ¹⁶
176 2001 219 2046 Sed
241 2000 294 2063 quia
315 1998 395 2043 melior
417 2008 450 2044 est
471 1999 558 2060 patiens
583 1995 700 2063 aprogarlte
721 1997 821 2046 famulus
845 2001 890 2059 dei,

94 2062 100 2090 3
128 2065 223 2112 surdum
230 2072 245 2097 ¹⁷
258 2063 301 2110 hiis
309 2064 323 2089 ¹⁸
335 2062 441 2110 omnibus
454 2080 478 2109 se
485 2072 500 2096 ¹⁹
511 2061 663 2125 prestabat'3‘20'
673 2067 701 2110 'e't
712 2063 774 2110 nulla
784 2064 869 2112 fractus
875 2075 891 2093 ²¹

128 2140 168 2176 aut
174 2138 190 2155 ²²
201 2138 302 2175 mutatus
309 2135 325 2153 ²²
336 2128 418 2173 iniuria
428 2143 470 2189 pro
489 2128 532 2173 hiis
538 2135 554 2159 ²³
565 2126 671 2173 omnibus
683 2129 764 2191 gratias
776 2129 869 2176 domino
876 2139 892 2164 ²4

128 2194 241 2240 referebat.
285 2192 313 2238 In
342 2208 427 2238 vanum
455 2208 552 2254 namque
579 2192 672 2255 iniquus
698 2195 840 2256 persequitur
864 2196 892 2242 ad

129 2260 221 2306 honesta
232 2257 369 2315 tendentem,
381 2256 433 2319 quia
450 2267 537 2319 quanto
554 2257 605 2318 plus
624 2255 694 2304 fuerit
713 2257 750 2304 ille
761 2275 891 2315 concussus,

169 2465 176 2493 7
186 2463 214 2501 M.
223 2463 281 2499 omits.
384 2459 391 2484 ⁸
401 2460 430 2498 M.
440 2462 495 2499 omits.
598 2465 606 2491 9
615 2460 643 2499 H.
653 2461 728 2500 foveam.

170 2521 185 2539 1⁰
195 2518 227 2553 Os.
237 2516 286 2552 tanti.
466 2517 480 2560 n
490 2514 530 2552 Bel.
541 2513 585 2551 clam
594 2514 674 2552 festinum
683 2517 723 2565 quia
731 2516 753 2552 ei.

170 2572 185 2591 ¹²
195 2569 231 2612 H„
241 2566 280 2605 Ox.
290 2566 324 2604 and
332 2566 364 2603 W.
373 2566 460 2604 dominus.
666 2570 681 2596 Ι3
691 2566 724 2605 Os.
735 2580 771 2605 suo.

171 2625 186 2650 14
195 2622 220 2657 L.
230 2620 326 2668 fiducieque
334 2631 402 2667 magne.
557 2619 571 2646 15
582 2617 614 2655 Os.
625 2618 675 2656 adeo.

171 2671 186 2694 1⁶
196 2671 224 2706 M.
234 2671 268 2706 and
277 2670 307 2707 W.
317 2681 363 2704 vaux
373 2679 473 2704 mcmxrm.
551 2670 567 2695 ¹⁷
576 2669 604 2706 M.
612 2669 684 2705 Surdus.

171 2721 186 2745 1⁸
195 2722 223 2759 H.
231 2722 292 2758 inserts
301 2733 324 2757 se.
377 2722 392 2748 ¹⁹
402 2719 429 2758 M.
440 2719 491 2756 omits
500 2732 518 2756 se
527 2721 611 2768 prestabat
626 2749 630 2757 .
645 2747 650 2757 ,
665 2749 670 2757 .
683 2721 716 2757 hiis
725 2722 809 2761 omnibus,

170 2778 186 2797 ²⁰
194 2773 227 2812 W.
236 2774 312 2824 parabat.
364 2774 379 2793 ²1
390 2770 423 2809 Os,
432 2771 492 2809 inserts
502 2780 530 2810 aut
539 2780 600 2810 tactus.
652 2775 668 2794 ²²
677 2771 705 2811 H.
715 2773 771 2811 omits.

170 2832 186 2857 ²3
196 2827 235 2865 Ox.
245 2828 302 2863 omits.
571 2829 586 2873 Q
596 2825 623 2861 H.
634 2827 691 2862 omits.
