1919 3169
281 75 442 122 LEGENDA
459 74 619 121 GREGORH
817 87 830 132 7

190 142 205 158 N

67 160 205 236 sequunturss'
235 172 403 222 Testimonium
419 172 462 214 hoc
475 185 558 214 ,verum
575 180 615 225 est,
633 185 685 212 curn
700 185 727 213 eo
738 169 833 212 inimici-

67 239 125 285 tiora
135 248 189 283 sunt
200 236 251 282 filiis
259 245 315 283 -vota
326 245 451 296 parentum,
462 248 509 295 quo
520 249 603 279 cessere
612 232 704 279 felicius.

117 301 160 350 Sed
177 313 199 349 et
215 318 267 349 cum
283 299 351 364 paulo
368 297 498 362 plusculum
514 310 573 346 etate
589 297 731 361 profecerint,
742 315 765 344 se
779 297 833 359 ipsis

68 367 241 430 impellentibus,
260 382 347 428 semper
366 365 394 411 ad
413 364 523 411 deteriora
541 380 609 427 opera
625 363 763 411 dilabuntur.
797 363 833 408 Ex

67 433 165 477 vitiata¹⁴
178 447 275 491 namque
285 430 358 474 radice
369 429 435 473 arbor
451 429 531 473 vitiosa
547 430 665 473 succrescit
677 436 708 483 3¹⁵
728 438 750 472 et
769 428 832 488 quod

68 495 135 542 semel
151 495 208 541 male
227 495 375 556 depravatum
394 502 434 549 est,
454 493 493 538 vix
503 492 579 539 reduci
595 501 670 560 potest
688 492 716 538 ad
732 491 832 554 regulam

69 560 181 624 equitatis.
214 560 274 605 Cum
291 575 345 605 vero
361 557 509 605 adolescentie
523 568 599 621 portas
610 558 722 620 coeperint
733 556 832 615 introire,

69 626 145 688 quales
163 641 201 670 eos
220 625 267 669 fieri
286 623 414 670 arbitraris?
446 623 514 668 Tunc
533 619 635 689 profecto
654 622 717 668 omni
735 621 832 669 dissolu·
887 657 889 659 .
930 642 933 653 ⁴

68 690 136 737 tionis
154 706 236 752 genere
251 688 371 745 fluitantes,
390 705 417 734 eo
437 687 500 750 quod
518 683 630 749 licea'f'eis
652 688 739 750 explere
758 704 831 745 omne,
862 705 881 737 j
898 695 902 724 2'

69 755 132 816 quod
148 753 209 808 libet,
226 754 288 798 omni
304 753 382 798 studio
398 768 421 797 se
437 748 534 797 tradunt·
547 753 635 813 flagitiis
646 752 763 798 deservire.
776 735 785 812 ᾗ
797 752 833 797 Sic

68 818 129 863 enim
156 817 283 864 voluntaria
309 816 419 862 servitute
445 816 504 862 servi
531 816 605 861 effecti
634 816 724 878 peccati,
752 814 833 862 arma¹⁶

67 881 180 945 iniquitati
202 890 319 944 exponunt
340 881 415 927 omnia
431 879 531 927 membra
551 897 608 937 sua3
631 891 653 926 et
675 880 742 927 nichil
764 882 787 927 in
809 898 832 927 se

68 948 186 993 christiane
201 946 315 1009 religionis
331 946 354 991 in
370 947 424 1001 vita,
440 961 480 991 seu
490 947 514 990 in
525 946 626 992 moribus
637 945 773 1006 preferentes
783 947 832 991 solo

68 1010 235 1057 christianitatis
257 1010 349 1056 nomine
373 1026 396 1055 se
416 1019 518 1056 tuentur.
551 1009 661 1055 Simulant
680 1010 756 1056 miseri
773 1010 830 1071 pler-

68 1090 154 1136 umque
161 1083 176 1107 ¹⁷
195 1091 219 1120 se
230 1074 338 1136 nequiora
349 1073 426 1118 fecisse
437 1074 528 1135 quam18
544 1073 663 1130 fecerint,¹8
674 1090 701 1119 ne
712 1074 831 1120 videantur

67 1138 202 1196 abiectiores,
219 1155 266 1201 quo
284 1138 448 1185 innocentiores
466 1138 590 1186 existunt,19
793 1184 797 1198 ,

100 1203 153 1250 Hec
168 1211 222 1250 sunt
238 1204 320 1249 misera
335 1202 471 1262 rudimenta,
483 1203 507 1248 in
524 1201 607 1266 quibus
618 1203 688 1248 homo
701 1204 751 1262 iste,
762 1221 830 1267 quem

69 1279 172 1314 sanctum
191 1268 259 1314 hodie
283 1284 423 1330 veneramur,
446 1267 554 1329 quoniam
573 1284 625 1314 vere
648 1278 735 1314 sanctus
756 1277 797 1323 est,
819 1286 831 1314 a
883 1270 885 1280 ²

68 1333 163 1393 pueritia
173 1332 303 1379 versabatur
320 1341 342 1378 et
358 1330 404 1377 fer'e
411 1340 427 1357 ²⁰
438 1347 510 1393 usque
526 1333 554 1377 ad
571 1331 704 1377 vicesimum
723 1333 831 1394 quintum

69 1396 134 1441 etatis
152 1412 192 1442 sue
211 1413 302 1450 annum,
322 1405 413 1458 tempus
435 1412 502 1441 suum
524 1395 679 1442 miserabiliter
694 1396 794 1459 perdidit
810 1408 832 1443 et

69 1461 214 1523 consumpsit.
248 1462 322 1506 Immo
339 1469 427 1522 supra²¹
444 1477 523 1506 omnes
534 1471 650 1507 coetaneos
667 1478 718 1508 suos
735 1462 758 1507 in
769 1463 832 1508 vani-

69 1524 152 1571 tatibus
161 1525 217 1571 male
224 1525 348 1587 proficiens,
357 1525 458 1570 incentor
467 1524 578 1570 malorum
588 1535 610 1570 et
618 1524 727 1571 emulator
736 1525 832 1572 stultitie

69 1588 219 1652 abundantius
233 1589 343 1636 existebat
353 1598 381 1645 ;22
398 1590 552 1635 Admirationi
569 1588 675 1635 omnibus
691 1600 754 1648 erat3
769 1601 791 1636 et
808 1592 831 1637 in

69 1669 152 1714 pompa
167 1671 225 1701 vane
241 1654 313 1716 glorie
328 1654 402 1715 preire
419 1664 504 1700 ceteros
519 1653 646 1700 videbatur.
681 1656 708 1701 ln
730 1656 791 1712 iocis,
808 1656 832 1700 in

70 1717 169 1773 curiosis,
181 1718 204 1763 in
224 1716 354 1764 scurrilibus
365 1727 388 1763 et
404 1717 508 1763 inanibus
515 1725 530 1749 ²³
542 1717 623 1776 verbis,
635 1717 659 1762 in
669 1717 791 1776 cantilenis,
808 1719 831 1765 in

69 1782 168 1828 uestibus
195 1782 302 1829 mollibus
331 1793 354 1829 et
381 1782 463 1841 fluidis,
486 1782 539 1846 quia
560 1783 664 1845 predives
672 1791 688 1816 ²4
709 1793 764 1841 erat,
786 1800 832 1830 non

69 1862 156 1902 avarus,
176 1848 214 1893 sed
230 1847 347 1912 prodigus,
364 1864 411 1893 non
427 1847 579 1893 accumulator
594 1848 695 1908 pecunie,
712 1850 750 1895 sed
767 1849 832 1895 dissi-

70 1919 134 1971 pator
160 1911 448 1968 substantie:²⁵225[cautus²⁵
475 1911 609 1974 negotiator,
635 1913 675 1959 sed
698 1913 833 1961 vanissimus

70 1974 224 2034 dispensator:
253 1970 420 2021 homotamen
442 1976 563 2021 humanius
584 1993 659 2038 agens.
700 1977 791 2023 Habilis
810 1989 833 2023 et

70 2036 164 2081 affabilis
174 2038 281 2096 multum,
293 2039 345 2084 licet
356 2039 384 2084 ad
396 2039 546 2101 insipientiam
558 2039 607 2085 sibi.
641 2041 755 2100 Quoniam
766 2042 832 2088 multi

71 2100 100 2145 ob
116 2102 159 2147 hoc
178 2102 274 2148 maxime
290 2109 342 2163 post
358 2103 432 2165 ipsum
452 2103 549 2159 abibant,
566 2097 661 2167 qutores
682 2103 794 2151 malorum
810 2116 833 2153 et
873 2110 907 2147 ra

70 2165 190 2212 criminum
228 2167 362 2214 incentores.
411 2168 491 2231 Sicque
525 2170 668 2230 ⁴constipatus
706 2171 832 2232 agminibus

70 2229 208 2291 iniquorum,
228 2231 338 2287 sublimis,
358 2242 381 2278 et
400 2232 548 2293 magnanimis
564 2233 687 2291 incedebat,
705 2234 748 2280 iter
764 2251 833 2296 agens

70 2307 109 2352 per
125 2295 226 2339 medium
243 2294 361 2357 babylonie
377 2295 508 2356 platearum,
526 2295 642 2358 quousque
664 2297 783 2358 respiceret
805 2300 833 2345 de
891 2297 895 2321 ³

71 2355 146 2401 celis²⁷
171 2357 300 2417 dominuss
308 2370 331 2405 et
353 2371 444 2422 propter
466 2377 550 2406 nomen
571 2378 643 2418 suum¹
663 2360 732 2424 longe
753 2362 833 2410 faceret

70 2418 169 2494 furorem
178 2439 253 2495 'suurn
269 2422 297 2470 ab
319 2442 353 2482 eo,
371 2435 393 2471 et
410 2423 530 2472 infrenaret
551 2441 577 2471 os
593 2426 641 2472 eius
658 2426 723 2474 laude
741 2445 786 2486 sua,
804 2447 832 2477 nc

71 2495 161 2545 penitus
177 2488 286 2534 interiret.

110 2601 125 2626 ¹4
135 2598 168 2634 Os.
178 2600 244 2636 viriosa.
296 2602 310 2627 ¹⁵
320 2600 348 2638 M.
359 2603 446 2639 successit.
497 2601 554 2639 1⁶0⁵.
565 2604 621 2639 armis.
670 2606 685 2632 ¹⁷
694 2603 726 2641 W.
736 2605 832 2655 plurimum.

111 2647 126 2670 ¹⁸
135 2648 168 2686 Os.
178 2652 235 2688 omits.
288 2654 303 2681 ¹9
313 2651 346 2689 Os.
356 2653 437 2690 existant.
490 2657 506 2677 ²⁰
513 2652 549 2703 Os.
558 2667 603 2699 vere.
656 2658 671 2680 ²1
681 2655 720 2693 Ox.
730 2671 786 2707 super.
846 2699 848 2701 ‚

111 2703 127 2722 ²²
136 2700 169 2738 Os.
179 2703 256 2739 existens
265 2712 308 2740 erat.
412 2708 427 2733 ²³
438 2703 478 2742 Ox}
487 2706 504 2742 in
513 2706 566 2743 vania.
663 2710 679 2737 ²4
689 2703 731 2745 Ox]¹
738 2709 793 2748 dives.

111 2753 127 2831 Ξῖ
136 2753 231 2842 [ἷκίηείεῑῑε
240 2768 280 2792 non.
412 2756 428 2779 ²⁶
438 2759 467 2794 M.
477 2759 529 2795 omits
538 2767 596 2795 cautus
611 2788 616 2796 .
630 2786 635 2796 .
650 2786 655 2796 .
669 2760 782 2811 dispensator.

157 2818 191 2842 ,ce
199 2819 231 2864 ο..,ἾἾῚ
279 2835 280 2838 ¹
