1919 3169
323 91 503 140 MIRACULA
594 93 598 100 ”
753 100 792 133 111

81 190 185 237 Tandem
206 208 259 237 cum
279 188 397 236 interiectu
421 189 521 235 duorum
542 202 654 232 annorum
675 182 734 230 felici
754 183 798 228 fine

34 255 114 303 vallem
131 256 220 301 miserie
237 255 300 300 beata
318 255 390 315 patria
409 262 564 308 commutaret,
581 251 669 311 perlato
691 249 719 294 ad
737 262 800 293 aures

35 319 155 366 hominum
165 320 198 365 rei
208 319 277 365 huius
287 317 367 364 eximie
378 327 425 363 tam
436 317 547 380 stupendo
558 313 674 378 preconio,
684 311 757 357 factus
769 320 801 355 est

36 401 156 432 concursus
165 384 303 447 populorum
311 382 436 430 multorum
445 382 587 430 laudantium
597 389 620 427 et
628 375 802 449 glorificantium

37 467 119 497 nomen
130 449 232 497 Domini.
267 447 404 495 Catervatim
415 457 463 493 tota
471 447 547 494 civitas
555 445 636 492 Assisii
644 444 690 490 ruit
698 452 721 488 et
729 457 803 487 omnis

37 514 142 563 accelerat
159 514 228 577 regio,
247 529 334 560 novum
351 511 408 560 illud
429 512 528 559 sitientes
549 512 625 560 videre
645 505 804 572 spectaculum,

38 580 100 642 quod
122 580 210 623 noviter
233 579 297 622 Deus
319 587 423 638 posuerat
449 578 473 621 in
495 579 537 621 hoc
559 577 654 622 mundo.
698 570 804 617 Miraculi

39 643 127 690 novitas
143 641 258 703 planctum
277 641 378 688 vertebat
395 641 418 687 in
433 640 536 699 iubilum,
548 649 571 686 et
585 653 718 701 corporeum
729 635 804 682 visum

39 709 62 753 in
79 717 193 768 stuporem
209 716 232 751 et
243 706 335 752 extasim
346 705 451 768 rapiebat.
486 705 611 752 Cernebant
622 704 713 750 beatum
725 717 805 763 corpus

41 771 126 818 Christi
147 770 289 833 stigmatibus
316 771 453 827 decoratum,
480 771 505 816 in
532 769 634 816 manibus
657 766 762 816 videlicet
783 775 806 810 et

40 835 135 898 pedibus
153 852 198 881 non
216 834 331 882 clavorum
348 846 477 896 puncturas,
495 835 534 881 sed
551 834 610 895 ipsos
628 833 702 881 clavos
717 849 745 878 ex
758 830 807 876 eius

42 915 107 946 carne
124 898 210 944 virtute
227 899 302 943 divina
321 899 412 944 mirifice
426 897 567 956 fabrefactos,
579 899 649 943 immo
662 896 723 944 carni
734 895 807 940 eidem

42 966 138 1024 innatos,
158 964 197 1026 qui
217 963 273 1009 dum
292 979 305 1010 a
324 973 386 1026 parte
404 963 502 1026 qualibet
519 972 682 1026 premerentur,
703 960 808 1023 protinus

43 1029 106 1094 quasi
117 1028 179 1075 nervi
191 1028 292 1074 continui
300 1029 328 1076 ad
337 1039 423 1091 partem
432 1030 558 1091 oppositam
566 1028 710 1076 resultabant.
737 1027 809 1072 Latus

43 1110 133 1157 quoque
150 1092 257 1138 videbant
277 1094 384 1155 sanguine
401 1093 545 1140 rubricatum.
584 1094 690 1139 Vidimus
709 1091 752 1137 ista
769 1090 808 1152 qui

44 1160 86 1204 ista
102 1156 206 1212 dicimus,
222 1156 326 1203 manibus
343 1159 530 1204 contrectavimus
547 1158 609 1219 quod
622 1156 724 1202 manibus
735 1170 810 1200 exara-

46 1238 103 1280 mus,
123 1220 246 1266 lacrimosis
267 1220 336 1266 oculis
353 1221 494 1267 delinivimus
510 1222 573 1284 quod
590 1221 652 1267 labiis
669 1220 810 1275 confitemur,

45 1286 154 1349 tactisque
172 1286 302 1331 sacrosantis
319 1287 383 1349 quod
399 1287 468 1331 semel
484 1286 607 1332 iuravimus
629 1286 690 1331 omni
708 1295 811 1345 tempore

46 1360 204 1415 protestamur.
237 1349 316 1396 Plures
327 1350 445 1397 nobiscum
456 1351 543 1410 fratres,
552 1351 607 1397 dum
618 1351 704 1398 viveret
715 1358 811 1407 sanctus,

46 1416 70 1460 id
86 1423 217 1475 aspexerunt
228 1429 235 1468 ς
251 1414 275 1457 in
287 1424 359 1458 morte
371 1431 424 1459 vero
435 1415 494 1459 ultra
507 1432 575 1477 quam
587 1415 750 1477 quinquaginta
761 1429 813 1457 cum

48 1478 170 1525 innumeris
186 1477 321 1530 secularibus
337 1478 436 1525 venerati
451 1488 512 1525 sunt.
545 1478 610 1525 Nulli
627 1479 655 1524 sit
672 1476 814 1540 ambiguitati

47 1544 117 1602 locus,
125 1541 181 1589 nulli
192 1542 325 1605 sempiterne
336 1542 403 1591 huius
411 1543 502 1607 largitio
510 1542 617 1591 bonitatis
626 1542 694 1591 dubia
701 1544 812 1590 videatur.

49 1611 126 1671 Atque
143 1609 230 1654 utinam
248 1608 287 1653 illo
306 1625 381 1655 amore
402 1610 516 1671 seraphico
533 1610 606 1656 multa
627 1608 728 1655 membra
746 1608 813 1670 capiti

50 1673 178 1718 cohererent
189 1672 287 1726 Christo,
295 1689 341 1734 quo
349 1683 371 1717 et
383 1675 405 1718 in
416 1673 475 1718 bello
486 1675 553 1718 simili
564 1683 676 1719 armatura
686 1673 814 1719 inveniren-

50 1746 87 1783 tur
105 1735 220 1799 condigna
236 1745 258 1781 et
275 1736 298 1781 in
314 1753 384 1798 regno
395 1737 422 1783 ad
434 1736 529 1784 similem
540 1738 642 1784 ordinem
657 1736 813 1784 subvehenda!

52 1801 110 1853 Quis
136 1800 179 1847 hoc
206 1817 257 1847 sane
281 1802 361 1848 mentis
388 1801 430 1848 nisi
457 1801 485 1848 ad
508 1802 591 1848 Christi
613 1801 708 1864 gloriam
731 1800 814 1849 diceret

51 1865 180 1927 pertinere?
223 1865 265 1911 Sed
291 1866 335 1911 iam
362 1883 418 1928 pena
444 1866 528 1914 inflicta
554 1867 674 1913 incredulis
695 1865 815 1913 satisfaciat

52 1930 164 1976 indevotis
180 1940 203 1977 et
218 1930 278 1991 ipsos
294 1931 388 1978 devotos
404 1931 484 1978 efficiat
501 1932 611 1979 certiores.

100 1995 170 2056 Apud
188 1994 322 2051 Potentiam,
341 1997 405 2057 regni
424 1997 506 2058 Apulie
524 1997 644 2051 civitatem,
661 2006 708 2041 erat
724 1996 815 2041 clericus

54 2058 153 2120 quidam,
181 2059 292 2121 Rogerius
319 2061 417 2116 nomine,
445 2061 480 2108 vir
507 2060 641 2107 honorabilis
675 2069 697 2106 et
727 2060 816 2105 maioris

54 2123 143 2169 ecclesie
171 2124 295 2171 canonicus
339 2124 388 2171 Hic
420 2142 471 2172 cum
500 2126 568 2188 longa
599 2125 659 2171 foret
688 2124 817 2172 infirmitate

55 2198 178 2250 quassatus,
201 2189 237 2235 die
259 2189 356 2252 quadarn
383 2189 496 2237 ecclesiam
523 2208 565 2252 pro
594 2191 687 2237 sanitate
714 2200 818 2236 oraturus

55 2252 154 2310 intravit,
184 2254 207 2298 in
238 2270 281 2316 qua
310 2264 357 2300 erat
385 2271 467 2317 ymago
496 2255 554 2301 beati
583 2255 695 2302 Francisci
725 2255 818 2315 depicta,

56 2315 152 2376 gloriosa
169 2319 274 2378 stigmata
292 2327 452 2379 representans.
484 2319 516 2364 Et
533 2319 637 2364 accedens
652 2335 726 2364 coram
741 2334 818 2380 ymag-

56 2379 100 2438 ine,
122 2381 217 2443 supplex
245 2382 272 2428 ad
300 2383 412 2428 orandum
438 2393 487 2429 tota
514 2383 634 2430 devotione
661 2383 819 2446 prosternitur.

56 2443 142 2491 Verum
168 2446 245 2493 oculos
267 2446 338 2509 figens
359 2447 382 2492 in
408 2448 549 2510 stigmatibus
573 2448 647 2505 sancti,
673 2448 819 2511 cogitationes

57 2524 96 2569 per
106 2510 180 2555 inania
189 2511 259 2557 trahit
269 2521 292 2556 et
302 2511 383 2573 reptim
393 2511 557 2559 subintrantem
565 2513 711 2559 dubitationis
717 2514 820 2559 aculeum
825 2517 864 2553 Fol.
874 2520 912 2562 4²¹⁸

58 2572 150 2618 rationis
171 2574 248 2620 studio
270 2591 314 2620 non
337 2576 431 2637 repellit.
476 2577 535 2623 Nam
560 2576 668 2623 illudente
691 2576 733 2622 sibi
757 2577 821 2622 hoste

58 2637 159 2701 antiquo,
177 2639 296 2686 dilacerato
321 2641 395 2697 corde,
417 2643 476 2703 cepit
502 2643 575 2689 dicere
601 2642 660 2703 apud
683 2657 721 2688 se:
755 2642 821 2688 Esset

38 2722 39 2725 ¹
58 2702 100 2748 hoc
125 2720 211 2762 verum,
229 2715 255 2752 ut
278 2705 317 2752 tali
341 2705 454 2754 claruisset
476 2706 518 2754 istc
543 2718 631 2754 sanctus
656 2707 771 2763 miraculo,
793 2724 821 2752 an

60 2783 153 2815 suorum
172 2770 209 2833 pia
228 2769 271 2817 fuit
289 2770 380 2817 illusio?
414 2772 528 2829 Simulata,
545 2773 631 2835 inquid,
650 2773 692 2819 fuit
711 2774 820 2830 inventio,

61 2841 82 2876 et
109 2833 209 2880 fortassis
231 2853 243 2879 a
267 2836 372 2882 fratribus
395 2837 487 2883 inventa
510 2838 617 2900 deceptio.
663 2839 757 2888 Sensum
779 2840 822 2885 hoc
