1919 3169
133 41 163 97 76
344 40 505 86 areauna
522 41 682 89 cnaeonu

132 134 187 178 felix
195 143 210 159 ²¹
227 136 303 191 helias,
317 135 363 197 qui,
378 136 434 180 dum
450 138 538 182 viveret
554 146 651 191 sanctus,
663 145 688 179 ut
705 152 802 199 cumque
810 145 826 161 ²²
837 135 895 179 illud

132 197 209 245 videre
228 197 318 257 meruit,
337 198 375 244 sed
395 216 441 246 non
460 200 535 247 minus
554 199 609 248 felix
628 200 721 258 rufinus,
740 200 779 263 qui
798 197 896 261 propriis

133 263 237 310 manibus
247 264 400 310 contrectavit.

182 328 251 374 Enim
260 344 314 374 vero
321 343 371 373 cum
380 327 448 373 semel
457 329 530 376 dictus
536 329 605 375 frater
611 329 698 374 rufinus
702 336 717 360 23
729 344 821 374 manum
830 343 896 373 suam

134 392 158 439 in
179 394 254 440 sinum
276 392 407 439 sanctissimi
429 393 480 450 viri,
503 404 529 441 ut
550 411 602 440 eum
624 393 737 456 scalperet,
760 393 897 447 immisisset,

135 456 218 518 dilapsa
229 465 262 501 est
273 474 351 502 manus
367 458 423 515 eius,
435 469 462 503 ut
477 475 529 520 sepe
545 459 661 520 contingit,
678 459 706 503 ad
723 459 828 503 dextrum
839 456 897 501 latus

134 519 218 581 ipsius;
234 528 257 566 et
273 520 369 566 occurrit
384 521 404 566 ei
412 529 428 552 ²⁴
444 522 567 583 pretiosam
584 521 645 569 illam
658 531 748 583 tangere
765 520 896 566 cicatricem.

135 583 174 630 Ad
196 584 258 631 cuius
280 593 365 631 tactum
387 594 477 632 sanctus
499 587 534 633 dei
557 602 602 632 non
625 586 740 632 modicum
761 586 853 641 doluit;
874 595 897 630 et

135 664 228 695 manum
244 665 256 693 a
271 665 293 693 se
311 649 426 711 repellens,
444 661 470 696 ut
487 651 506 696 ei
524 651 631 697 dominus
648 661 746 712 parceret
763 649 898 696 acclamavit.

135 712 299 758 Studiosissime
309 730 406 776 namque
422 714 570 759 abscondebat
586 716 629 759 hoc
646 715 672 759 ab
689 716 805 771 extraneis,
816 711 899 758 celabat

135 777 262 822 cautissime
273 794 285 822 a
296 777 429 839 propinquis
440 779 478 834 ita,
490 788 516 824 ut
527 788 549 826 et
555 787 570 810 ²⁵
583 778 718 825 collaterales
728 778 807 825 fratres
818 787 840 823 et
852 777 899 823 eius

135 841 277 888 devotissimi
288 851 399 887 secutores
416 843 458 888 hoc
474 858 513 905 per
530 842 630 888 multum
646 843 753 905 temporis
763 842 899 904 ignorarent.

135 907 167 953 Et
175 907 227 953 licet
236 906 305 953 tantis
313 922 337 952 ac
346 907 428 953 talibus
439 907 565 970 margaritis
575 919 689 972 tamquam
698 909 714 934 ²⁶
722 906 876 970 pretiosissimi
885 915 901 937 22

136 972 239 1034 gemmis,
251 988 330 1017 servus
345 981 368 1018 et
378 972 464 1018 amicus
474 972 575 1018 altissimi
587 990 609 1018 se
621 973 708 1019 videret
719 984 823 1019 ornatum
835 981 901 1033 atque

136 1052 204 1097 supra
225 1036 327 1082 omnium
349 1036 468 1082 hominum
495 1036 590 1100 gloriam
621 1047 643 1082 et
669 1038 780 1082 honorem
808 1035 901 1081 mirifice

137 1101 274 1155 decoratum,
292 1116 338 1145 non
355 1101 447 1146 evanuit
463 1110 537 1145 tamen
559 1101 583 1145 in
600 1101 666 1145 corde
683 1116 732 1158 suo,
749 1117 788 1145 nec
805 1100 902 1162 quesivit

137 1162 191 1211 inde
198 1162 262 1210 alicui
274 1179 313 1224 per
324 1162 450 1224 appetitum
461 1180 518 1209 vane
528 1162 599 1226 glorie
610 1164 754 1226 complacere.
789 1164 832 1209 Sed
843 1173 866 1208 et
874 1178 902 1207 ne

137 1229 250 1274 humanus
258 1226 321 1273 favor
330 1228 405 1274 datam
416 1227 458 1274 sibi
468 1227 563 1291 gratiam
574 1226 693 1285 furaretur,
705 1228 779 1274 modis
790 1228 901 1284 omnibus,

138 1293 219 1356 quibus
230 1302 323 1354 poterat,
335 1293 378 1339 hoc
389 1291 524 1338 abscondere
536 1293 672 1355 satagebat.²⁸

188 1358 244 1402 Mos
258 1366 281 1401 et
298 1356 358 1401 enirn
372 1357 443 1418 ipsius
455 1367 502 1401 erat
517 1372 568 1402 raro
579 1368 617 1401 aut
633 1356 692 1400 nulliv
704 1356 835 1417 precipuum
844 1364 859 1388 ²⁹
871 1372 904 1401 re-

139 1419 212 1467 velare
223 1429 341 1477 secretum,
353 1420 435 1466 timens
448 1421 520 1483 specie
530 1420 635 1483 precipue
646 1419 772 1468 dilectionis
783 1436 809 1467 ex
826 1435 904 1467 eorum

139 1485 282 1543 revelatione,
299 1485 358 1533 sicut
375 1484 448 1531 solent
469 1484 539 1531 facere
561 1484 681 1547 predilecti,
704 1485 750 1547 pati
772 1484 863 1548 aliquod
882 1484 904 1530 in

139 1550 191 1596 data
210 1550 251 1596 sibi
270 1549 365 1611 gratiam
387 1550 555 1596 detrimentum.
589 1549 685 1596 Gerebat
701 1550 796 1611 proinde
818 1565 905 1611 semper
930 1559 933 1561 ’

140 1615 163 1659 in
180 1615 247 1659 corde
267 1630 308 1658 suo
325 1624 348 1658 et
369 1614 393 1657 in
415 1630 452 1658 ore
459 1623 475 1645 ³⁰
492 1614 620 1675 frequenter
637 1614 730 1659 habebat
749 1615 906 1674 propheticum

140 1676 210 1724 illud:
229 1678 256 1723 ln
276 1677 343 1724 corde
360 1693 411 1723 meo
428 1677 533 1723 abscondi
551 1678 640 1739 eloquia
658 1688 703 1734 tua,
716 1687 743 1723 ut
754 1693 799 1722 non
817 1693 905 1739 peccem

140 1740 188 1788 tibi.
223 1740 335 1802 Quotiens
354 1758 409 1789 vero
426 1758 452 1787 ex
469 1739 606 1788 secularibus
622 1741 650 1786 ad
659 1750 673 1774 ³¹
694 1757 746 1787 eum
764 1741 832 1803 aliqui
853 1756 908 1785 con-

140 1807 260 1863 venissent,
270 1805 297 1851 ab
308 1822 386 1852 eorum
397 1805 545 1852 collocutione
554 1814 569 1837 32
578 1806 670 1867 cupiens
678 1806 795 1863 abstinere,
802 1804 909 1852 fratribus

141 1882 163 1917 et
179 1871 238 1929 filiis,
249 1871 288 1933 qui
299 1887 375 1916 secum
386 1870 537 1929 morabantur,
549 1871 591 1916 tale
602 1870 693 1917 dederat
709 1870 805 1933 signum,
819 1879 844 1915 ut
855 1887 905 1915 cum

142 1935 247 1981 videlicet
258 1934 386 1996 predictum
397 1933 533 1981 versiculum
544 1935 653 1991 recitaret,
667 1935 743 1979 statim
752 1936 791 1992 eis,
803 1934 843 1996 qui
854 1951 908 1979 con-

143 2009 257 2055 venerant,
269 1999 369 2046 modeste
378 1998 491 2045 licentiam
502 1997 656 2045 exhiberent.33

190 2065 304 2128 Expertus
323 2080 422 2127 namque
439 2062 521 2122 fuerat,
532 2080 640 2128 magnum
658 2062 707 2109 fore
723 2063 815 2120 malum,
828 2074 908 2110 cuncta

143 2129 308 2176 communicare
319 2129 418 2185 cunctis;
430 2138 452 2175 et
462 2128 600 2190 spiritualem
605 2137 620 2161 ³⁴
631 2128 713 2174 sciebat
722 2144 768 2175 esse
779 2145 825 2174 non
836 2144 908 2190 posse,

143 2194 206 2239 cuius
218 2203 299 2239 secreta
315 2192 447 2253 perfectiora
464 2202 486 2238 et
502 2192 566 2253 plura
577 2210 623 2238 non
636 2202 690 2239 sunt
701 2209 770 2254 quarn
781 2209 814 2249 ea,
825 2209 869 2253 que
886 2194 909 2237 in

143 2256 199 2302 facie
210 2255 316 2302 videntur
326 2273 333 2313 3
350 2266 373 2301 et
384 2273 412 2301 ex
423 2256 550 2318 apparentia
561 2265 657 2318 possunt
668 2256 690 2300 in
707 2271 796 2317 unaque
807 2266 870 2317 parte
883 2256 909 2300 ab

144 2321 274 2368 hominibus
284 2321 386 2367 iudicari.
420 2321 538 2367 invenerat
555 2321 615 2366 enim
632 2321 720 2383 aliquos
730 2319 772 2366 sibi
789 2320 887 2366 exterius
894 2328 910 2353 33

184 2457 199 2478 ²1
209 2452 242 2490 Os.
248 2452 291 2489 adda
300 2452 359 2490 frater.
412 2456 428 2474 ²²
437 2451 477 2489 Bol.
484 2453 518 2489 and
528 2453 549 2490 L.
556 2462 653 2503 utrumque.
705 2456 720 2480 ²³
730 2452 760 2491 M.
770 2453 871 2490 carissimus.

183 2510 199 2535 ²4
208 2505 242 2541 Oa.
251 2505 283 2541 illi.
386 2506 402 2532 ²⁵
412 2506 440 2548 Lr,
451 2504 479 2541 M.
488 2505 523 2541 and
532 2507 565 2542 Os.
575 2507 623 2542 omit.
726 2504 741 2527 ²⁶
751 2506 784 2542 Oa.
794 2515 850 2555 atque.

183 2560 199 2587 ²⁷
208 2557 237 2602 L.‚
247 2556 279 2592 Os.
288 2555 323 2592 and
332 2555 369 2593 Ox.
378 2555 512 2605 pretiosissimis.

184 2608 200 2631 ²⁸
209 2608 237 2645 H.
247 2619 364 2645 sacrararum
374 2620 451 2644 sconsro.
479 2608 510 2645 W.
520 2619 638 2644 sacratorum
648 2619 747 2645 nascousro.

183 2666 199 2690 ²9
209 2663 247 2698 Ox.
257 2661 353 2710 precipuus.
457 2664 472 2687 ³⁰
482 2661 515 2697 Os.
525 2660 568 2697 adds
578 2674 615 2698 suo.
718 2663 733 2687 ³1
744 2661 776 2697 Os.
786 2662 843 2698 omits.

184 2717 199 2742 32
209 2714 242 2751 Os.
252 2711 401 2750 collocutionibus.
471 2714 486 2739 33
496 2711 523 2749 Η.
534 2724 634 2750 contorum
643 2722 743 2756 vrrrusoua
753 2725 833 2750 nonnus.

184 2769 200 2795 ³4
210 2767 242 2802 Oa.
252 2765 335 2813 spiritum.
388 2766 404 2791 33
414 2765 434 2801 L.
445 2766 527 2801 externis.
