<?xml version="1.0" encoding="UTF-8"?>
<!DOCTYPE html PUBLIC "-//W3C//DTD XHTML 1.0 Transitional//EN"
    "http://www.w3.org/TR/xhtml1/DTD/xhtml1-transitional.dtd">
<html xmlns="http://www.w3.org/1999/xhtml" xml:lang="en" lang="en">
 <head>
  <title>
</title>
<meta http-equiv="Content-Type" content="text/html;charset=utf-8" />
  <meta name='ocr-system' content='tesseract 3.04.00' />
  <meta name='ocr-capabilities' content='ocr_page ocr_carea ocr_par ocr_line ocrx_word'/>
</head>
<body>
  <div class='ocr_page' id='page_1' title='image "./MN5146ucmf_4_0300.png"; bbox 0 0 1919 3169; ppageno 0'>
   <div class='ocr_carea' id='block_1_1' title="bbox 137 82 718 130">
    <p class='ocr_par' dir='ltr' id='par_1_1' title="bbox 137 82 718 130">
     <span class='ocr_line' id='line_1_1' title="bbox 137 82 718 130; baseline 0.007 -5"><span class='ocrx_word' id='word_1_1' title='bbox 137 97 165 126; x_wconf 84' lang='lat'>22</span> <span class='ocrx_word' id='word_1_2' title='bbox 326 82 527 128; x_wconf 80' lang='lat' dir='ltr'><strong>TRACTATUS</strong></span> <span class='ocrx_word' id='word_1_3' title='bbox 543 83 718 130; x_wconf 89' lang='lat' dir='ltr'>SECUNDUS</span> 
     </span>
    </p>
   </div>
   <div class='ocr_carea' id='block_1_2' title="bbox 135 175 902 371">
    <p class='ocr_par' dir='ltr' id='par_1_2' title="bbox 135 175 902 371">
     <span class='ocr_line' id='line_1_2' title="bbox 135 175 900 239; baseline -0.001 -16"><span class='ocrx_word' id='word_1_4' title='bbox 135 175 213 237; x_wconf 87' lang='lat' dir='ltr'>fessus,</span> <span class='ocrx_word' id='word_1_5' title='bbox 238 177 296 239; x_wconf 92' lang='lat' dir='ltr'>cepit</span> <span class='ocrx_word' id='word_1_6' title='bbox 323 176 395 222; x_wconf 81' lang='lat' dir='ltr'>dicere</span> <span class='ocrx_word' id='word_1_7' title='bbox 420 177 479 222; x_wconf 89' lang='lat' dir='ltr'>intra</span> <span class='ocrx_word' id='word_1_8' title='bbox 502 193 525 222; x_wconf 91' lang='lat' dir='ltr'>se</span> <span class='ocrx_word' id='word_1_9' title='bbox 549 177 675 224; x_wconf 83' lang='lat' dir='ltr'>humanum</span> <span class='ocrx_word' id='word_1_10' title='bbox 700 176 785 239; x_wconf 87' lang='lat' dir='ltr'>aliquid</span> <span class='ocrx_word' id='word_1_11' title='bbox 808 194 900 239; x_wconf 88' lang='lat' dir='ltr'>passus:</span> 
     </span>
     <span class='ocr_line' id='line_1_3' title="bbox 136 242 901 303; baseline 0 -16"><span class='ocrx_word' id='word_1_12' title='bbox 136 242 192 287; x_wconf 91' lang='lat' dir='ltr'>Non</span> <span class='ocrx_word' id='word_1_13' title='bbox 210 242 319 288; x_wconf 81' lang='lat' dir='ltr'>ludebant</span> <span class='ocrx_word' id='word_1_14' title='bbox 337 243 365 288; x_wconf 88' lang='lat' dir='ltr'>de</span> <span class='ocrx_word' id='word_1_15' title='bbox 383 242 432 303; x_wconf 84' lang='lat' dir='ltr'>pari</span> <span class='ocrx_word' id='word_1_16' title='bbox 450 252 553 303; x_wconf 90' lang='lat' dir='ltr'>parentes</span> <span class='ocrx_word' id='word_1_17' title='bbox 568 243 634 287; x_wconf 90' lang='lat' dir='ltr'>huius</span> <span class='ocrx_word' id='word_1_18' title='bbox 650 251 673 287; x_wconf 90' lang='lat' dir='ltr'>et</span> <span class='ocrx_word' id='word_1_19' title='bbox 688 242 739 287; x_wconf 83' lang='lat' dir='ltr'>m&#39;ei.</span> <span class='ocrx_word' id='word_1_20' title='bbox 773 242 809 288; x_wconf 87' lang='lat' dir='ltr'>En</span> <span class='ocrx_word' id='word_1_21' title='bbox 826 251 901 289; x_wconf 86' lang='lat' dir='ltr'>autem</span> 
     </span>
     <span class='ocr_line' id='line_1_4' title="bbox 136 304 902 371; baseline -0.001 -19"><span class='ocrx_word' id='word_1_22' title='bbox 136 307 183 369; x_wconf 92' lang='lat' dir='ltr'>ipse</span> <span class='ocrx_word' id='word_1_23' title='bbox 207 307 293 371; x_wconf 88' lang='lat' dir='ltr'>equitat</span> <span class='ocrx_word' id='word_1_24' title='bbox 316 322 359 368; x_wconf 90' lang='lat' dir='ltr'>ego</span> <span class='ocrx_word' id='word_1_25' title='bbox 382 305 484 368; x_wconf 80' lang='lat' dir='ltr'><strong>pedestre</strong></span> <span class='ocrx_word' id='word_1_26' title='bbox 507 307 593 353; x_wconf 87' lang='lat' dir='ltr'>asinum</span> <span class='ocrx_word' id='word_1_27' title='bbox 614 306 662 352; x_wconf 87' lang='lat' dir='ltr'>eius</span> <span class='ocrx_word' id='word_1_28' title='bbox 684 304 748 353; x_wconf 88' lang='lat' dir='ltr'>duco.</span> <span class='ocrx_word' id='word_1_29' title='bbox 784 307 840 352; x_wconf 86' lang='lat' dir='ltr'>Hoc</span> <span class='ocrx_word' id='word_1_30' title='bbox 864 307 902 352; x_wconf 85' lang='lat' dir='ltr'>illo</span> 
     </span>
    </p>
   </div>
   <div class='ocr_carea' id='block_1_3' title="bbox 56 370 902 754">
    <p class='ocr_par' dir='ltr' id='par_1_3' title="bbox 136 370 901 433">
     <span class='ocr_line' id='line_1_5' title="bbox 136 370 901 433; baseline -0.003 -16"><span class='ocrx_word' id='word_1_31' title='bbox 136 371 256 433; x_wconf 81' lang='lat' dir='ltr'>cogitante,</span> <span class='ocrx_word' id='word_1_32' title='bbox 267 371 369 432; x_wconf 91' lang='lat' dir='ltr'>protinus</span> <span class='ocrx_word' id='word_1_33' title='bbox 380 371 408 415; x_wconf 92' lang='lat' dir='ltr'>de</span> <span class='ocrx_word' id='word_1_34' title='bbox 424 370 485 416; x_wconf 87' lang='lat' dir='ltr'>asino</span> <span class='ocrx_word' id='word_1_35' title='bbox 501 371 616 416; x_wconf 84' lang='lat' dir='ltr'>descendit</span> <span class='ocrx_word' id='word_1_36' title='bbox 633 380 720 415; x_wconf 86' lang='lat' dir='ltr'>sanctus</span> <span class='ocrx_word' id='word_1_37' title='bbox 736 381 758 415; x_wconf 90' lang='lat' dir='ltr'>et</span> <span class='ocrx_word' id='word_1_38' title='bbox 775 372 820 416; x_wconf 85' lang='lat' dir='ltr'>ait:</span> <span class='ocrx_word' id='word_1_39' title='bbox 839 372 901 428; x_wconf 90' lang='lat' dir='ltr'>Non,</span> 
     </span>
    </p>

    <p class='ocr_par' dir='ltr' id='par_1_4' title="bbox 136 432 901 497">
     <span class='ocr_line' id='line_1_6' title="bbox 136 432 901 497; baseline -0.001 -17"><span class='ocrx_word' id='word_1_40' title='bbox 136 434 211 492; x_wconf 87' lang='lat' dir='ltr'>frater,</span> <span class='ocrx_word' id='word_1_41' title='bbox 231 451 276 480; x_wconf 87' lang='lat' dir='ltr'>non</span> <span class='ocrx_word' id='word_1_42' title='bbox 300 434 411 490; x_wconf 86' lang='lat' dir='ltr'>convenit,</span> <span class='ocrx_word' id='word_1_43' title='bbox 428 434 516 496; x_wconf 85' lang='lat' dir='ltr'>inquid,</span> <span class='ocrx_word' id='word_1_44' title='bbox 537 445 562 480; x_wconf 87' lang='lat' dir='ltr'>ut</span> <span class='ocrx_word' id='word_1_45' title='bbox 583 450 626 497; x_wconf 89' lang='lat' dir='ltr'>ego</span> <span class='ocrx_word' id='word_1_46' title='bbox 643 432 755 496; x_wconf 86' lang='lat' dir='ltr'>equitem,</span> <span class='ocrx_word' id='word_1_47' title='bbox 778 445 804 480; x_wconf 90' lang='lat' dir='ltr'>tu</span> <span class='ocrx_word' id='word_1_48' title='bbox 827 435 901 481; x_wconf 89' lang='lat' dir='ltr'>venias</span> 
     </span>
    </p>

    <p class='ocr_par' dir='ltr' id='par_1_5' title="bbox 56 497 902 628">
     <span class='ocr_line' id='line_1_7' title="bbox 137 497 899 563; baseline -0.003 -15"><span class='ocrx_word' id='word_1_49' title='bbox 137 500 211 563; x_wconf 89' lang='lat' dir='ltr'>pedes,</span> <span class='ocrx_word' id='word_1_50' title='bbox 236 499 290 563; x_wconf 85' lang='lat' dir='ltr'>quia</span> <span class='ocrx_word' id='word_1_51' title='bbox 313 497 409 545; x_wconf 79' lang='lat' dir='ltr'>nobilior</span> <span class='ocrx_word' id='word_1_52' title='bbox 434 510 456 546; x_wconf 90' lang='lat' dir='ltr'>et</span> <span class='ocrx_word' id='word_1_53' title='bbox 480 499 595 562; x_wconf 85' lang='lat' dir='ltr'>potentior</span> <span class='ocrx_word' id='word_1_54' title='bbox 619 499 642 545; x_wconf 86' lang='lat' dir='ltr'>in</span> <span class='ocrx_word' id='word_1_55' title='bbox 667 497 741 546; x_wconf 89' lang='lat' dir='ltr'>seculo</span> <span class='ocrx_word' id='word_1_56' title='bbox 769 515 804 545; x_wconf 90' lang='lat' dir='ltr'>me</span> <span class='ocrx_word' id='word_1_57' title='bbox 831 497 899 547; x_wconf 91' lang='lat' dir='ltr'>fuisti.</span> 
     </span>
     <span class='ocr_line' id='line_1_8' title="bbox 56 563 902 628; baseline -0.001 -16"><span class='ocrx_word' id='word_1_58' title='bbox 56 563 263 628; x_wconf 79' lang='lat' dir='ltr'>F01·7¹⁰Obstupuit</span> <span class='ocrx_word' id='word_1_59' title='bbox 279 563 339 610; x_wconf 91' lang='lat' dir='ltr'>illico</span> <span class='ocrx_word' id='word_1_60' title='bbox 356 563 425 611; x_wconf 89' lang='lat' dir='ltr'>frater</span> <span class='ocrx_word' id='word_1_61' title='bbox 441 574 464 611; x_wconf 91' lang='lat' dir='ltr'>et</span> <span class='ocrx_word' id='word_1_62' title='bbox 483 565 565 612; x_wconf 82' lang='lat' dir='ltr'>rubore</span> <span class='ocrx_word' id='word_1_63' title='bbox 580 564 679 611; x_wconf 88' lang='lat' dir='ltr'>suffusus</span> <span class='ocrx_word' id='word_1_64' title='bbox 699 565 862 627; x_wconf 87' lang='lat' dir='ltr'>deprehensum</span> <span class='ocrx_word' id='word_1_65' title='bbox 879 582 902 611; x_wconf 92' lang='lat' dir='ltr'>se</span> 
     </span>
    </p>

    <p class='ocr_par' dir='ltr' id='par_1_6' title="bbox 77 628 902 754">
     <span class='ocr_line' id='line_1_9' title="bbox 137 628 902 691; baseline 0.003 -18"><span class='ocrx_word' id='word_1_66' title='bbox 137 630 244 691; x_wconf 86' lang='lat' dir='ltr'>cognovit</span> <span class='ocrx_word' id='word_1_67' title='bbox 264 646 277 673; x_wconf 83' lang='lat' dir='ltr'>a</span> <span class='ocrx_word' id='word_1_68' title='bbox 297 628 380 674; x_wconf 83' lang='lat' dir='ltr'>sancto.</span> <span class='ocrx_word' id='word_1_69' title='bbox 416 630 517 674; x_wconf 87' lang='lat' dir='ltr'>Procidit</span> <span class='ocrx_word' id='word_1_70' title='bbox 539 631 566 675; x_wconf 85' lang='lat' dir='ltr'>ad</span> <span class='ocrx_word' id='word_1_71' title='bbox 590 629 658 688; x_wconf 91' lang='lat' dir='ltr'>pedes</span> <span class='ocrx_word' id='word_1_72' title='bbox 682 630 729 674; x_wconf 90' lang='lat' dir='ltr'>eius</span> <span class='ocrx_word' id='word_1_73' title='bbox 753 640 775 674; x_wconf 92' lang='lat' dir='ltr'>et</span> <span class='ocrx_word' id='word_1_74' title='bbox 799 631 902 691; x_wconf 83' lang='lat' dir='ltr'>lacrymis</span> 
     </span>
     <span class='ocr_line' id='line_1_10' title="bbox 77 691 865 754; baseline 0.001 -17"><span class='ocrx_word' id='word_1_75' title='bbox 77 748 79 750; x_wconf 21' lang='grc' dir='ltr'>Ι</span> <span class='ocrx_word' id='word_1_76' title='bbox 136 692 249 754; x_wconf 84' lang='lat' dir='ltr'>irrigatus,</span> <span class='ocrx_word' id='word_1_77' title='bbox 261 692 351 740; x_wconf 90' lang='lat' dir='ltr'>nudum</span> <span class='ocrx_word' id='word_1_78' title='bbox 362 691 486 754; x_wconf 85' lang='lat' dir='ltr'>cogitatum</span> <span class='ocrx_word' id='word_1_79' title='bbox 497 692 601 754; x_wconf 79' lang='lat' dir='ltr'>exposuit</span> <span class='ocrx_word' id='word_1_80' title='bbox 612 692 746 754; x_wconf 82' lang='lat' dir='ltr'>veniamque</span> <span class='ocrx_word' id='word_1_81' title='bbox 758 693 865 753; x_wconf 82' lang='lat' dir='ltr'>poposcit.</span> 
     </span>
    </p>
   </div>
   <div class='ocr_carea' id='block_1_4' title="bbox 38 826 902 921">
    <p class='ocr_par' dir='ltr' id='par_1_7' title="bbox 38 826 902 921">
     <span class='ocr_line' id='line_1_11' title="bbox 38 826 902 921; baseline 0.005 -56"><span class='ocrx_word' id='word_1_82' title='bbox 38 834 166 919; x_wconf 63' lang='lat' dir='ltr'>[anruflab</span> <span class='ocrx_word' id='word_1_83' title='bbox 177 826 217 920; x_wconf 48' lang='lat'>135¹</span> <span class='ocrx_word' id='word_1_84' title='bbox 218 826 298 921; x_wconf 56' lang='lat' dir='ltr'>tfgpgre,</span> <span class='ocrx_word' id='word_1_85' title='bbox 310 839 381 878; x_wconf 86' lang='lat' dir='ltr'>super</span> <span class='ocrx_word' id='word_1_86' title='bbox 391 838 459 878; x_wconf 82' lang='lat' dir='ltr'>quem</span> <span class='ocrx_word' id='word_1_87' title='bbox 471 827 591 880; x_wconf 80' lang='lat' dir='ltr'>dyabolum</span> <span class='ocrx_word' id='word_1_88' title='bbox 602 827 670 880; x_wconf 87' lang='lat' dir='ltr'>vidit;</span> <span class='ocrx_word' id='word_1_89' title='bbox 681 831 760 870; x_wconf 87' lang='lat' dir='ltr'>contra</span> <span class='ocrx_word' id='word_1_90' title='bbox 770 827 902 871; x_wconf 82' lang='lat' dir='ltr'>recedentes</span> 
     </span>
    </p>
   </div>
   <div class='ocr_carea' id='block_1_5' title="bbox 135 969 904 2350">
    <p class='ocr_par' dir='ltr' id='par_1_8' title="bbox 136 969 903 1642">
     <span class='ocr_line' id='line_1_12' title="bbox 182 969 903 1064; baseline 0.003 -18"><span class='ocrx_word' id='word_1_91' title='bbox 182 969 284 1059; x_wconf 52' lang='lat' dir='ltr'>filius</span> <span class='ocrx_word' id='word_1_92' title='bbox 296 1010 343 1046; x_wconf 83' lang='lat' dir='ltr'>eret</span> <span class='ocrx_word' id='word_1_93' title='bbox 354 999 422 1045; x_wconf 86' lang='lat' dir='ltr'>frater</span> <span class='ocrx_word' id='word_1_94' title='bbox 432 998 492 1045; x_wconf 87' lang='lat' dir='ltr'>fama</span> <span class='ocrx_word' id='word_1_95' title='bbox 502 1017 577 1045; x_wconf 86' lang='lat' dir='ltr'>coram</span> <span class='ocrx_word' id='word_1_96' title='bbox 590 1001 718 1046; x_wconf 89' lang='lat' dir='ltr'>hominibus</span> <span class='ocrx_word' id='word_1_97' title='bbox 731 1004 822 1060; x_wconf 80' lang='lat' dir='ltr'>celeber,</span> <span class='ocrx_word' id='word_1_98' title='bbox 832 1005 903 1064; x_wconf 87' lang='lat' dir='ltr'>gratia</span> 
     </span>
     <span class='ocr_line' id='line_1_13' title="bbox 136 1065 902 1126; baseline -0.001 -12"><span class='ocrx_word' id='word_1_99' title='bbox 136 1066 244 1114; x_wconf 84' lang='lat' dir='ltr'>celebrior</span> <span class='ocrx_word' id='word_1_100' title='bbox 259 1075 310 1112; x_wconf 81' lang='lat' dir='ltr'>anre</span> <span class='ocrx_word' id='word_1_101' title='bbox 326 1065 402 1121; x_wconf 88' lang='lat' dir='ltr'>deum,</span> <span class='ocrx_word' id='word_1_102' title='bbox 422 1066 485 1111; x_wconf 89' lang='lat' dir='ltr'>cuius</span> <span class='ocrx_word' id='word_1_103' title='bbox 502 1066 624 1113; x_wconf 87' lang='lat' dir='ltr'>virtutibus</span> <span class='ocrx_word' id='word_1_104' title='bbox 642 1067 751 1123; x_wconf 90' lang='lat' dir='ltr'>invidens,</span> <span class='ocrx_word' id='word_1_105' title='bbox 768 1067 813 1126; x_wconf 89' lang='lat' dir='ltr'>ille,</span> <span class='ocrx_word' id='word_1_106' title='bbox 830 1068 902 1113; x_wconf 91' lang='lat' dir='ltr'>omnis</span> 
     </span>
     <span class='ocr_line' id='line_1_14' title="bbox 136 1130 902 1194; baseline -0.001 -15"><span class='ocrx_word' id='word_1_107' title='bbox 136 1133 220 1180; x_wconf 87' lang='lat' dir='ltr'>invidie</span> <span class='ocrx_word' id='word_1_108' title='bbox 236 1142 305 1193; x_wconf 85' lang='lat' dir='ltr'>pater,</span> <span class='ocrx_word' id='word_1_109' title='bbox 314 1132 398 1193; x_wconf 81' lang='lat' dir='ltr'>cogitat</span> <span class='ocrx_word' id='word_1_110' title='bbox 411 1130 523 1176; x_wconf 87' lang='lat' dir='ltr'>succidere</span> <span class='ocrx_word' id='word_1_111' title='bbox 536 1131 637 1177; x_wconf 79' lang='lat' dir='ltr'>arborem</span> <span class='ocrx_word' id='word_1_112' title='bbox 649 1132 692 1177; x_wconf 86' lang='lat' dir='ltr'>iam</span> <span class='ocrx_word' id='word_1_113' title='bbox 704 1134 762 1178; x_wconf 88' lang='lat' dir='ltr'>celos</span> <span class='ocrx_word' id='word_1_114' title='bbox 773 1143 902 1194; x_wconf 81' lang='lat' dir='ltr'>tangentem</span> 
     </span>
     <span class='ocr_line' id='line_1_15' title="bbox 136 1194 903 1256; baseline -0.001 -12"><span class='ocrx_word' id='word_1_115' title='bbox 136 1207 159 1243; x_wconf 89' lang='lat' dir='ltr'>et</span> <span class='ocrx_word' id='word_1_116' title='bbox 175 1197 203 1243; x_wconf 90' lang='lat' dir='ltr'>de</span> <span class='ocrx_word' id='word_1_117' title='bbox 219 1194 321 1242; x_wconf 90' lang='lat' dir='ltr'>manibus</span> <span class='ocrx_word' id='word_1_118' title='bbox 337 1210 442 1240; x_wconf 88' lang='lat' dir='ltr'>coronam</span> <span class='ocrx_word' id='word_1_119' title='bbox 457 1196 573 1256; x_wconf 81' lang='lat' dir='ltr'>preripere.</span> <span class='ocrx_word' id='word_1_120' title='bbox 607 1195 699 1251; x_wconf 87' lang='lat' dir='ltr'>Circuit,</span> <span class='ocrx_word' id='word_1_121' title='bbox 712 1198 798 1252; x_wconf 87' lang='lat' dir='ltr'>evertit,</span> <span class='ocrx_word' id='word_1_122' title='bbox 811 1198 903 1243; x_wconf 88' lang='lat' dir='ltr'>discutit</span> 
     </span>
     <span class='ocr_line' id='line_1_16' title="bbox 136 1259 900 1322; baseline 0.001 -16"><span class='ocrx_word' id='word_1_123' title='bbox 136 1278 182 1322; x_wconf 90' lang='lat' dir='ltr'>que</span> <span class='ocrx_word' id='word_1_124' title='bbox 204 1270 257 1306; x_wconf 88' lang='lat' dir='ltr'>sunt</span> <span class='ocrx_word' id='word_1_125' title='bbox 279 1260 333 1314; x_wconf 89' lang='lat' dir='ltr'>eius,</span> <span class='ocrx_word' id='word_1_126' title='bbox 353 1260 371 1303; x_wconf 92' lang='lat' dir='ltr'>si</span> <span class='ocrx_word' id='word_1_127' title='bbox 393 1259 511 1319; x_wconf 90' lang='lat' dir='ltr'>quomodo</span> <span class='ocrx_word' id='word_1_128' title='bbox 532 1270 609 1319; x_wconf 88' lang='lat' dir='ltr'>aptum</span> <span class='ocrx_word' id='word_1_129' title='bbox 631 1271 700 1319; x_wconf 89' lang='lat' dir='ltr'>ponat</span> <span class='ocrx_word' id='word_1_130' title='bbox 721 1260 807 1306; x_wconf 88' lang='lat' dir='ltr'>obicem</span> <span class='ocrx_word' id='word_1_131' title='bbox 829 1260 900 1307; x_wconf 87' lang='lat' dir='ltr'>fratri.</span> 
     </span>
     <span class='ocr_line' id='line_1_17' title="bbox 138 1321 903 1388; baseline -0.004 -16"><span class='ocrx_word' id='word_1_132' title='bbox 138 1326 224 1388; x_wconf 83' lang='lat' dir='ltr'>Ingerit</span> <span class='ocrx_word' id='word_1_133' title='bbox 242 1339 303 1385; x_wconf 85' lang='lat' dir='ltr'>ergo,</span> <span class='ocrx_word' id='word_1_134' title='bbox 321 1321 363 1369; x_wconf 90' lang='lat' dir='ltr'>sub</span> <span class='ocrx_word' id='word_1_135' title='bbox 381 1322 452 1385; x_wconf 89' lang='lat' dir='ltr'>specie</span> <span class='ocrx_word' id='word_1_136' title='bbox 471 1322 560 1368; x_wconf 86' lang='lat' dir='ltr'>maioris</span> <span class='ocrx_word' id='word_1_137' title='bbox 578 1321 727 1385; x_wconf 87' lang='lat' dir='ltr'>perfectionis,</span> <span class='ocrx_word' id='word_1_138' title='bbox 745 1326 903 1388; x_wconf 84' lang='lat' dir='ltr'>segregationis</span> 
     </span>
     <span class='ocr_line' id='line_1_18' title="bbox 137 1386 902 1449; baseline -0.003 -12"><span class='ocrx_word' id='word_1_139' title='bbox 137 1389 249 1446; x_wconf 85' lang='lat' dir='ltr'>affectum,</span> <span class='ocrx_word' id='word_1_140' title='bbox 272 1398 299 1434; x_wconf 89' lang='lat' dir='ltr'>ut</span> <span class='ocrx_word' id='word_1_141' title='bbox 320 1386 410 1433; x_wconf 90' lang='lat' dir='ltr'>tandem</span> <span class='ocrx_word' id='word_1_142' title='bbox 435 1387 520 1432; x_wconf 86' lang='lat' dir='ltr'>irruens</span> <span class='ocrx_word' id='word_1_143' title='bbox 544 1403 612 1449; x_wconf 90' lang='lat' dir='ltr'>super</span> <span class='ocrx_word' id='word_1_144' title='bbox 636 1388 710 1434; x_wconf 90' lang='lat' dir='ltr'>solum</span> <span class='ocrx_word' id='word_1_145' title='bbox 735 1390 800 1435; x_wconf 89' lang='lat' dir='ltr'>citius</span> <span class='ocrx_word' id='word_1_146' title='bbox 825 1390 902 1435; x_wconf 88' lang='lat' dir='ltr'>cadere</span> 
     </span>
     <span class='ocr_line' id='line_1_19' title="bbox 137 1450 899 1513; baseline 0 -12"><span class='ocrx_word' id='word_1_147' title='bbox 137 1453 208 1513; x_wconf 84' lang='lat' dir='ltr'>faciat,</span> <span class='ocrx_word' id='word_1_148' title='bbox 233 1465 256 1501; x_wconf 90' lang='lat' dir='ltr'>et</span> <span class='ocrx_word' id='word_1_149' title='bbox 283 1469 335 1499; x_wconf 88' lang='lat' dir='ltr'>curn</span> <span class='ocrx_word' id='word_1_150' title='bbox 363 1450 424 1498; x_wconf 89' lang='lat' dir='ltr'>solus</span> <span class='ocrx_word' id='word_1_151' title='bbox 448 1452 538 1510; x_wconf 87' lang='lat' dir='ltr'>cecidet,</span> <span class='ocrx_word' id='word_1_152' title='bbox 564 1469 609 1499; x_wconf 86' lang='lat' dir='ltr'>non</span> <span class='ocrx_word' id='word_1_153' title='bbox 634 1453 713 1500; x_wconf 84' lang='lat' dir='ltr'>habeat</span> <span class='ocrx_word' id='word_1_154' title='bbox 740 1454 899 1501; x_wconf 86' lang='lat' dir='ltr'>sublevantem.</span> 
     </span>
     <span class='ocr_line' id='line_1_20' title="bbox 137 1517 903 1581; baseline -0.001 -16"><span class='ocrx_word' id='word_1_155' title='bbox 137 1520 201 1580; x_wconf 74' lang='lat' dir='ltr'>Quid</span> <span class='ocrx_word' id='word_1_156' title='bbox 217 1517 306 1564; x_wconf 85' lang='lat' dir='ltr'>multa?</span> <span class='ocrx_word' id='word_1_157' title='bbox 326 1526 411 1578; x_wconf 83' lang='lat' dir='ltr'>separat</span> <span class='ocrx_word' id='word_1_158' title='bbox 430 1533 453 1561; x_wconf 92' lang='lat' dir='ltr'>se</span> <span class='ocrx_word' id='word_1_159' title='bbox 472 1534 484 1561; x_wconf 89' lang='lat' dir='ltr'>a</span> <span class='ocrx_word' id='word_1_160' title='bbox 503 1517 596 1562; x_wconf 83' lang='lat' dir='ltr'>fratrum</span> <span class='ocrx_word' id='word_1_161' title='bbox 614 1519 745 1580; x_wconf 80' lang='lat' dir='ltr'>religionem</span> <span class='ocrx_word' id='word_1_162' title='bbox 762 1520 846 1566; x_wconf 82' lang='lat' dir='ltr'>vadens</span> <span class='ocrx_word' id='word_1_163' title='bbox 863 1536 903 1581; x_wconf 88' lang='lat' dir='ltr'>per</span> 
     </span>
     <span class='ocr_line' id='line_1_21' title="bbox 136 1581 539 1642; baseline -0.012 -12"><span class='ocrx_word' id='word_1_164' title='bbox 136 1584 250 1630; x_wconf 88' lang='lat' dir='ltr'>mundum</span> <span class='ocrx_word' id='word_1_165' title='bbox 265 1582 397 1642; x_wconf 84' lang='lat' dir='ltr'>peregrinus</span> <span class='ocrx_word' id='word_1_166' title='bbox 414 1590 436 1624; x_wconf 84' lang='lat' dir='ltr'>et</span> <span class='ocrx_word' id='word_1_167' title='bbox 452 1581 539 1641; x_wconf 85' lang='lat' dir='ltr'>hospes.</span> 
     </span>
    </p>

    <p class='ocr_par' dir='ltr' id='par_1_9' title="bbox 135 1644 904 2350">
     <span class='ocr_line' id='line_1_22' title="bbox 184 1644 902 1709; baseline 0 -17"><span class='ocrx_word' id='word_1_168' title='bbox 184 1648 220 1693; x_wconf 91' lang='lat' dir='ltr'>De</span> <span class='ocrx_word' id='word_1_169' title='bbox 230 1645 305 1691; x_wconf 86' lang='lat' dir='ltr'>tunica</span> <span class='ocrx_word' id='word_1_170' title='bbox 316 1644 404 1690; x_wconf 90' lang='lat' dir='ltr'>habitus</span> <span class='ocrx_word' id='word_1_171' title='bbox 415 1659 474 1690; x_wconf 89' lang='lat' dir='ltr'>unus</span> <span class='ocrx_word' id='word_1_172' title='bbox 485 1644 537 1689; x_wconf 88' lang='lat' dir='ltr'>fecit</span> <span class='ocrx_word' id='word_1_173' title='bbox 548 1644 645 1690; x_wconf 86' lang='lat' dir='ltr'>tunicam</span> <span class='ocrx_word' id='word_1_174' title='bbox 656 1661 746 1706; x_wconf 85' lang='lat' dir='ltr'>parvam</span> <span class='ocrx_word' id='word_1_175' title='bbox 757 1656 779 1692; x_wconf 92' lang='lat' dir='ltr'>ct</span> <span class='ocrx_word' id='word_1_176' title='bbox 791 1645 871 1709; x_wconf 83' lang='lat' dir='ltr'>caligas</span> <span class='ocrx_word' id='word_1_177' title='bbox 880 1657 902 1692; x_wconf 88' lang='lat' dir='ltr'>et</span> 
     </span>
     <span class='ocr_line' id='line_1_23' title="bbox 136 1709 902 1774; baseline -0.001 -16"><span class='ocrx_word' id='word_1_178' title='bbox 136 1713 251 1774; x_wconf 91' lang='lat' dir='ltr'>caputium</span> <span class='ocrx_word' id='word_1_179' title='bbox 274 1710 349 1756; x_wconf 88' lang='lat' dir='ltr'>tunice</span> <span class='ocrx_word' id='word_1_180' title='bbox 371 1725 416 1755; x_wconf 89' lang='lat' dir='ltr'>non</span> <span class='ocrx_word' id='word_1_181' title='bbox 438 1719 558 1754; x_wconf 87' lang='lat' dir='ltr'>consutum</span> <span class='ocrx_word' id='word_1_182' title='bbox 577 1719 599 1754; x_wconf 89' lang='lat' dir='ltr'>et</span> <span class='ocrx_word' id='word_1_183' title='bbox 618 1709 648 1754; x_wconf 92' lang='lat' dir='ltr'>sic</span> <span class='ocrx_word' id='word_1_184' title='bbox 667 1727 705 1771; x_wconf 91' lang='lat' dir='ltr'>per</span> <span class='ocrx_word' id='word_1_185' title='bbox 725 1719 794 1756; x_wconf 89' lang='lat' dir='ltr'>terras</span> <span class='ocrx_word' id='word_1_186' title='bbox 815 1712 860 1756; x_wconf 88' lang='lat' dir='ltr'>ibat</span> <span class='ocrx_word' id='word_1_187' title='bbox 879 1713 902 1757; x_wconf 86' lang='lat' dir='ltr'>in</span> 
     </span>
     <span class='ocr_line' id='line_1_24' title="bbox 136 1773 903 1837; baseline -0.001 -14"><span class='ocrx_word' id='word_1_188' title='bbox 136 1776 242 1823; x_wconf 85' lang='lat' dir='ltr'>omnibus</span> <span class='ocrx_word' id='word_1_189' title='bbox 253 1792 276 1820; x_wconf 90' lang='lat' dir='ltr'>se</span> <span class='ocrx_word' id='word_1_190' title='bbox 287 1773 434 1837; x_wconf 85' lang='lat' dir='ltr'>pertransibat</span> <span class='ocrx_word' id='word_1_191' title='bbox 447 1774 484 1820; x_wconf 89' lang='lat' dir='ltr'>vel</span> <span class='ocrx_word' id='word_1_192' title='bbox 497 1784 578 1835; x_wconf 88' lang='lat' dir='ltr'>potens</span> <span class='ocrx_word' id='word_1_193' title='bbox 595 1773 723 1821; x_wconf 87' lang='lat' dir='ltr'>obberebat.</span> <span class='ocrx_word' id='word_1_194' title='bbox 758 1776 853 1822; x_wconf 85' lang='lat' dir='ltr'>Factum</span> <span class='ocrx_word' id='word_1_195' title='bbox 869 1786 903 1822; x_wconf 88' lang='lat' dir='ltr'>est</span> 
     </span>
     <span class='ocr_line' id='line_1_25' title="bbox 136 1838 902 1896; baseline 0 -11"><span class='ocrx_word' id='word_1_196' title='bbox 136 1850 218 1896; x_wconf 88' lang='lat' dir='ltr'>autem,</span> <span class='ocrx_word' id='word_1_197' title='bbox 230 1839 286 1883; x_wconf 90' lang='lat' dir='ltr'>dum</span> <span class='ocrx_word' id='word_1_198' title='bbox 303 1839 333 1883; x_wconf 92' lang='lat' dir='ltr'>sic</span> <span class='ocrx_word' id='word_1_199' title='bbox 349 1839 400 1892; x_wconf 84' lang='lat' dir='ltr'>iret,</span> <span class='ocrx_word' id='word_1_200' title='bbox 411 1848 437 1881; x_wconf 90' lang='lat' dir='ltr'>ut</span> <span class='ocrx_word' id='word_1_201' title='bbox 454 1854 506 1880; x_wconf 85' lang='lat' dir='ltr'>mox</span> <span class='ocrx_word' id='word_1_202' title='bbox 522 1838 598 1882; x_wconf 87' lang='lat' dir='ltr'>divina</span> <span class='ocrx_word' id='word_1_203' title='bbox 614 1839 765 1883; x_wconf 89' lang='lat' dir='ltr'>consolatione</span> <span class='ocrx_word' id='word_1_204' title='bbox 782 1840 902 1894; x_wconf 85' lang='lat' dir='ltr'>subtracta,</span> 
     </span>
     <span class='ocr_line' id='line_1_26' title="bbox 135 1900 903 1967; baseline -0.001 -18"><span class='ocrx_word' id='word_1_205' title='bbox 135 1903 264 1967; x_wconf 89' lang='lat' dir='ltr'>procellosis</span> <span class='ocrx_word' id='word_1_206' title='bbox 273 1900 448 1963; x_wconf 85' lang='lat' dir='ltr'>tenptationibus</span> <span class='ocrx_word' id='word_1_207' title='bbox 457 1900 583 1947; x_wconf 77' lang='lat' dir='ltr'>fluctuaret.</span> <span class='ocrx_word' id='word_1_208' title='bbox 612 1901 757 1947; x_wconf 83' lang='lat' dir='ltr'>intraverunt</span> <span class='ocrx_word' id='word_1_209' title='bbox 765 1919 823 1965; x_wconf 88' lang='lat' dir='ltr'>aque</span> <span class='ocrx_word' id='word_1_210' title='bbox 831 1920 903 1966; x_wconf 87' lang='lat' dir='ltr'>usquc</span> 
     </span>
     <span class='ocr_line' id='line_1_27' title="bbox 136 1963 902 2028; baseline -0.001 -13"><span class='ocrx_word' id='word_1_211' title='bbox 136 1970 164 2015; x_wconf 85' lang='lat' dir='ltr'>ad</span> <span class='ocrx_word' id='word_1_212' title='bbox 175 1968 271 2015; x_wconf 81' lang='lat' dir='ltr'>animam</span> <span class='ocrx_word' id='word_1_213' title='bbox 283 1976 305 2013; x_wconf 92' lang='lat' dir='ltr'>et</span> <span class='ocrx_word' id='word_1_214' title='bbox 316 1975 415 2028; x_wconf 86' lang='lat' dir='ltr'>utroque</span> <span class='ocrx_word' id='word_1_215' title='bbox 426 1963 516 2010; x_wconf 86' lang='lat' dir='ltr'>homine</span> <span class='ocrx_word' id='word_1_216' title='bbox 527 1965 558 2011; x_wconf 90' lang='lat' dir='ltr'>sic</span> <span class='ocrx_word' id='word_1_217' title='bbox 569 1964 667 2013; x_wconf 89' lang='lat' dir='ltr'>desolato</span> <span class='ocrx_word' id='word_1_218' title='bbox 678 1966 761 2013; x_wconf 88' lang='lat' dir='ltr'>incedit</span> <span class='ocrx_word' id='word_1_219' title='bbox 769 1966 837 2014; x_wconf 85' lang='lat' dir='ltr'>velud</span> <span class='ocrx_word' id='word_1_220' title='bbox 848 1968 902 2025; x_wconf 91' lang='lat' dir='ltr'>avis,</span> 
     </span>
     <span class='ocr_line' id='line_1_28' title="bbox 136 2029 902 2097; baseline 0 -18"><span class='ocrx_word' id='word_1_221' title='bbox 136 2051 181 2097; x_wconf 90' lang='lat' dir='ltr'>que</span> <span class='ocrx_word' id='word_1_222' title='bbox 188 2033 280 2078; x_wconf 89' lang='lat' dir='ltr'>festinat</span> <span class='ocrx_word' id='word_1_223' title='bbox 287 2031 315 2077; x_wconf 90' lang='lat' dir='ltr'>ad</span> <span class='ocrx_word' id='word_1_224' title='bbox 323 2030 437 2092; x_wconf 88' lang='lat' dir='ltr'>laqueum.</span> <span class='ocrx_word' id='word_1_225' title='bbox 465 2029 523 2075; x_wconf 86' lang='lat' dir='ltr'>Tam</span> <span class='ocrx_word' id='word_1_226' title='bbox 535 2031 624 2093; x_wconf 85' lang='lat' dir='ltr'>iamque</span> <span class='ocrx_word' id='word_1_227' title='bbox 632 2030 699 2077; x_wconf 87' lang='lat' dir='ltr'>velud</span> <span class='ocrx_word' id='word_1_228' title='bbox 709 2031 764 2077; x_wconf 86' lang='lat' dir='ltr'>circa</span> <span class='ocrx_word' id='word_1_229' title='bbox 772 2033 902 2095; x_wconf 86' lang='lat' dir='ltr'>voraginem</span> 
     </span>
     <span class='ocr_line' id='line_1_29' title="bbox 136 2093 904 2158; baseline 0 -15"><span class='ocrx_word' id='word_1_230' title='bbox 136 2098 159 2143; x_wconf 89' lang='lat' dir='ltr'>in</span> <span class='ocrx_word' id='word_1_231' title='bbox 178 2095 321 2158; x_wconf 87' lang='lat' dir='ltr'>precipitium</span> <span class='ocrx_word' id='word_1_232' title='bbox 343 2093 460 2148; x_wconf 86' lang='lat' dir='ltr'>ferebatur,</span> <span class='ocrx_word' id='word_1_233' title='bbox 481 2110 532 2139; x_wconf 89' lang='lat' dir='ltr'>cum</span> <span class='ocrx_word' id='word_1_234' title='bbox 554 2105 644 2154; x_wconf 86' lang='lat' dir='ltr'>paterne</span> <span class='ocrx_word' id='word_1_235' title='bbox 666 2097 805 2154; x_wconf 85' lang='lat' dir='ltr'>providentie</span> <span class='ocrx_word' id='word_1_236' title='bbox 825 2099 904 2143; x_wconf 85' lang='lat' dir='ltr'>oculus</span> 
     </span>
     <span class='ocr_line' id='line_1_30' title="bbox 136 2157 903 2223; baseline -0.004 -15"><span class='ocrx_word' id='word_1_237' title='bbox 136 2161 245 2208; x_wconf 88' lang='lat' dir='ltr'>miserum</span> <span class='ocrx_word' id='word_1_238' title='bbox 266 2160 382 2206; x_wconf 87' lang='lat' dir='ltr'>miseratus</span> <span class='ocrx_word' id='word_1_239' title='bbox 402 2157 498 2219; x_wconf 76' lang='lat' dir='ltr'>respexit</span> <span class='ocrx_word' id='word_1_240' title='bbox 516 2157 540 2203; x_wconf 88' lang='lat' dir='ltr'>in</span> <span class='ocrx_word' id='word_1_241' title='bbox 560 2157 635 2215; x_wconf 90' lang='lat' dir='ltr'>bono;</span> <span class='ocrx_word' id='word_1_242' title='bbox 657 2159 774 2205; x_wconf 82' lang='lat' dir='ltr'>vexatione</span> <span class='ocrx_word' id='word_1_243' title='bbox 793 2160 903 2223; x_wconf 79' lang='lat' dir='ltr'>siquidem</span> 
     </span>
     <span class='ocr_line' id='line_1_31' title="bbox 136 2223 903 2285; baseline 0.001 -13"><span class='ocrx_word' id='word_1_244' title='bbox 136 2225 273 2273; x_wconf 89' lang='lat' dir='ltr'>intellectum</span> <span class='ocrx_word' id='word_1_245' title='bbox 299 2223 415 2285; x_wconf 84' lang='lat' dir='ltr'>recipiens,</span> <span class='ocrx_word' id='word_1_246' title='bbox 441 2223 532 2268; x_wconf 88' lang='lat' dir='ltr'>tandem</span> <span class='ocrx_word' id='word_1_247' title='bbox 559 2225 587 2269; x_wconf 90' lang='lat' dir='ltr'>ad</span> <span class='ocrx_word' id='word_1_248' title='bbox 615 2240 638 2269; x_wconf 90' lang='lat' dir='ltr'>se</span> <span class='ocrx_word' id='word_1_249' title='bbox 666 2240 774 2280; x_wconf 68' lang='lat' dir='ltr'>reversus</span> <span class='ocrx_word' id='word_1_250' title='bbox 801 2225 832 2270; x_wconf 91' lang='lat' dir='ltr'>sic</span> <span class='ocrx_word' id='word_1_251' title='bbox 858 2226 903 2274; x_wconf 86' lang='lat' dir='ltr'>ait:</span> 
     </span>
     <span class='ocr_line' id='line_1_32' title="bbox 137 2286 903 2350; baseline 0 -13"><span class='ocrx_word' id='word_1_252' title='bbox 137 2293 266 2345; x_wconf 89' lang='lat' dir='ltr'>Revertere,</span> <span class='ocrx_word' id='word_1_253' title='bbox 286 2306 299 2333; x_wconf 93' lang='lat' dir='ltr'>o</span> <span class='ocrx_word' id='word_1_254' title='bbox 316 2289 391 2343; x_wconf 77' lang='lat' dir='ltr'>miser,</span> <span class='ocrx_word' id='word_1_255' title='bbox 409 2287 438 2332; x_wconf 91' lang='lat' dir='ltr'>ad</span> <span class='ocrx_word' id='word_1_256' title='bbox 455 2286 591 2349; x_wconf 81' lang='lat' dir='ltr'>religionem,</span> <span class='ocrx_word' id='word_1_257' title='bbox 611 2289 718 2350; x_wconf 88' lang='lat' dir='ltr'>quoniam</span> <span class='ocrx_word' id='word_1_258' title='bbox 739 2288 769 2334; x_wconf 91' lang='lat' dir='ltr'>ibi</span> <span class='ocrx_word' id='word_1_259' title='bbox 790 2299 823 2335; x_wconf 88' lang='lat' dir='ltr'>est</span> <span class='ocrx_word' id='word_1_260' title='bbox 845 2289 903 2337; x_wconf 89' lang='lat' dir='ltr'>salus</span> 
     </span>
    </p>
   </div>
   <div class='ocr_carea' id='block_1_6' title="bbox 137 2352 903 2473">
    <p class='ocr_par' dir='ltr' id='par_1_10' title="bbox 137 2352 903 2473">
     <span class='ocr_line' id='line_1_33' title="bbox 137 2352 903 2415; baseline -0.003 -13"><span class='ocrx_word' id='word_1_261' title='bbox 137 2366 181 2402; x_wconf 86' lang='lat' dir='ltr'>tua.</span> <span class='ocrx_word' id='word_1_262' title='bbox 216 2354 272 2399; x_wconf 90' lang='lat' dir='ltr'>Non</span> <span class='ocrx_word' id='word_1_263' title='bbox 293 2352 375 2406; x_wconf 84' lang='lat' dir='ltr'>differt,</span> <span class='ocrx_word' id='word_1_264' title='bbox 397 2352 499 2412; x_wconf 90' lang='lat' dir='ltr'>protinus</span> <span class='ocrx_word' id='word_1_265' title='bbox 521 2352 601 2414; x_wconf 82' lang='lat' dir='ltr'>surgit,</span> <span class='ocrx_word' id='word_1_266' title='bbox 618 2363 723 2414; x_wconf 87' lang='lat' dir='ltr'>properat</span> <span class='ocrx_word' id='word_1_267' title='bbox 741 2354 769 2399; x_wconf 88' lang='lat' dir='ltr'>ad</span> <span class='ocrx_word' id='word_1_268' title='bbox 790 2355 903 2415; x_wconf 86' lang='lat' dir='ltr'>gremium</span> 
     </span>
     <span class='ocr_line' id='line_1_34' title="bbox 137 2415 903 2473; baseline -0.003 -8"><span class='ocrx_word' id='word_1_269' title='bbox 137 2418 220 2464; x_wconf 84' lang='lat' dir='ltr'>matris.</span> <span class='ocrx_word' id='word_1_270' title='bbox 254 2416 313 2462; x_wconf 88' lang='lat' dir='ltr'>Cum</span> <span class='ocrx_word' id='word_1_271' title='bbox 325 2425 401 2460; x_wconf 87' lang='lat' dir='ltr'>autem</span> <span class='ocrx_word' id='word_1_272' title='bbox 411 2415 498 2459; x_wconf 86' lang='lat' dir='ltr'>veniret</span> <span class='ocrx_word' id='word_1_273' title='bbox 510 2431 549 2459; x_wconf 91' lang='lat' dir='ltr'>seu</span> <span class='ocrx_word' id='word_1_274' title='bbox 565 2417 593 2459; x_wconf 87' lang='lat' dir='ltr'>ad</span> <span class='ocrx_word' id='word_1_275' title='bbox 609 2416 684 2460; x_wconf 89' lang='lat' dir='ltr'>locum</span> <span class='ocrx_word' id='word_1_276' title='bbox 695 2417 798 2473; x_wconf 87' lang='lat' dir='ltr'>fratrum,</span> <span class='ocrx_word' id='word_1_277' title='bbox 809 2429 856 2462; x_wconf 87' lang='lat' dir='ltr'>erat</span> <span class='ocrx_word' id='word_1_278' title='bbox 873 2419 903 2463; x_wconf 90' lang='lat' dir='ltr'>ibi</span> 
     </span>
    </p>
   </div>
   <div class='ocr_carea' id='block_1_7' title="bbox 115 2479 904 2865">
    <p class='ocr_par' dir='ltr' id='par_1_11' title="bbox 115 2479 904 2865">
     <span class='ocr_line' id='line_1_35' title="bbox 137 2479 903 2533; baseline -0.001 -5"><span class='ocrx_word' id='word_1_279' title='bbox 137 2493 224 2528; x_wconf 88' lang='lat' dir='ltr'>sanctus</span> <span class='ocrx_word' id='word_1_280' title='bbox 247 2479 390 2533; x_wconf 86' lang='lat' dir='ltr'>francischus,</span> <span class='ocrx_word' id='word_1_281' title='bbox 413 2479 496 2523; x_wconf 90' lang='lat' dir='ltr'>mirum</span> <span class='ocrx_word' id='word_1_282' title='bbox 520 2480 592 2526; x_wconf 79' lang='lat' dir='ltr'>certe!</span> <span class='ocrx_word' id='word_1_283' title='bbox 634 2479 693 2524; x_wconf 83' lang='lat' dir='ltr'>Mox</span> <span class='ocrx_word' id='word_1_284' title='bbox 710 2489 735 2525; x_wconf 89' lang='lat' dir='ltr'>ut</span> <span class='ocrx_word' id='word_1_285' title='bbox 759 2480 817 2527; x_wconf 91' lang='lat' dir='ltr'>vidit</span> <span class='ocrx_word' id='word_1_286' title='bbox 839 2481 903 2527; x_wconf 89' lang='lat' dir='ltr'>illum</span> 
     </span>
     <span class='ocr_line' id='line_1_36' title="bbox 115 2543 885 2608; baseline -0.003 -13"><span class='ocrx_word' id='word_1_287' title='bbox 115 2561 119 2565; x_wconf 86' lang='grc'>·</span> <span class='ocrx_word' id='word_1_288' title='bbox 137 2559 234 2603; x_wconf 88' lang='lat' dir='ltr'>sanctus,</span> <span class='ocrx_word' id='word_1_289' title='bbox 245 2544 347 2608; x_wconf 85' lang='lat' dir='ltr'>profugit</span> <span class='ocrx_word' id='word_1_290' title='bbox 358 2543 385 2589; x_wconf 83' lang='lat' dir='ltr'>ab</span> <span class='ocrx_word' id='word_1_291' title='bbox 396 2560 423 2589; x_wconf 90' lang='lat' dir='ltr'>eo</span> <span class='ocrx_word' id='word_1_292' title='bbox 434 2554 456 2589; x_wconf 90' lang='lat' dir='ltr'>et</span> <span class='ocrx_word' id='word_1_293' title='bbox 467 2543 489 2589; x_wconf 87' lang='lat' dir='ltr'>in</span> <span class='ocrx_word' id='word_1_294' title='bbox 501 2543 554 2589; x_wconf 88' lang='lat' dir='ltr'>cella</span> <span class='ocrx_word' id='word_1_295' title='bbox 564 2553 630 2606; x_wconf 77' lang='lat' dir='ltr'>raptu</span> <span class='ocrx_word' id='word_1_296' title='bbox 642 2560 737 2606; x_wconf 90' lang='lat' dir='ltr'>propero</span> <span class='ocrx_word' id='word_1_297' title='bbox 748 2560 770 2590; x_wconf 89' lang='lat' dir='ltr'>se</span> <span class='ocrx_word' id='word_1_298' title='bbox 781 2544 885 2593; x_wconf 86' lang='lat' dir='ltr'>recludit.</span> 
     </span>
     <span class='ocr_line' id='line_1_37' title="bbox 186 2609 903 2673; baseline -0.001 -15"><span class='ocrx_word' id='word_1_299' title='bbox 186 2610 301 2658; x_wconf 81' lang='lat' dir='ltr'>Commoti</span> <span class='ocrx_word' id='word_1_300' title='bbox 313 2610 393 2654; x_wconf 88' lang='lat' dir='ltr'>fratres</span> <span class='ocrx_word' id='word_1_301' title='bbox 406 2618 579 2669; x_wconf 86' lang='lat' dir='ltr'>percunctantur</span> <span class='ocrx_word' id='word_1_302' title='bbox 596 2625 671 2654; x_wconf 87' lang='lat' dir='ltr'>casum</span> <span class='ocrx_word' id='word_1_303' title='bbox 686 2609 803 2671; x_wconf 85' lang='lat' dir='ltr'>fugiendi3</span> <span class='ocrx_word' id='word_1_304' title='bbox 820 2611 903 2673; x_wconf 90' lang='lat' dir='ltr'>quibus</span> 
     </span>
     <span class='ocr_line' id='line_1_38' title="bbox 138 2672 904 2734; baseline -0.003 -10"><span class='ocrx_word' id='word_1_305' title='bbox 138 2688 242 2724; x_wconf 87' lang='lat' dir='ltr'>sanctus:</span> <span class='ocrx_word' id='word_1_306' title='bbox 266 2675 313 2720; x_wconf 87' lang='lat' dir='ltr'>Cur</span> <span class='ocrx_word' id='word_1_307' title='bbox 329 2673 441 2719; x_wconf 87' lang='lat' dir='ltr'>miramini</span> <span class='ocrx_word' id='word_1_308' title='bbox 457 2672 534 2734; x_wconf 86' lang='lat' dir='ltr'>fugam</span> <span class='ocrx_word' id='word_1_309' title='bbox 550 2674 589 2734; x_wconf 89' lang='lat' dir='ltr'>qui</span> <span class='ocrx_word' id='word_1_310' title='bbox 606 2689 651 2717; x_wconf 90' lang='lat' dir='ltr'>non</span> <span class='ocrx_word' id='word_1_311' title='bbox 667 2673 782 2719; x_wconf 77' lang='lat' dir='ltr'>advertitis</span> <span class='ocrx_word' id='word_1_312' title='bbox 801 2677 904 2723; x_wconf 83' lang='lat' dir='ltr'>causam?</span> 
     </span>
     <span class='ocr_line' id='line_1_39' title="bbox 137 2736 903 2799; baseline 0 -12"><span class='ocrx_word' id='word_1_313' title='bbox 137 2742 177 2788; x_wconf 83' lang='lat' dir='ltr'>Ad</span> <span class='ocrx_word' id='word_1_314' title='bbox 199 2739 304 2785; x_wconf 82' lang='lat' dir='ltr'>orationis</span> <span class='ocrx_word' id='word_1_315' title='bbox 326 2736 418 2799; x_wconf 85' lang='lat' dir='ltr'>confugi</span> <span class='ocrx_word' id='word_1_316' title='bbox 440 2737 569 2796; x_wconf 85' lang='lat' dir='ltr'>presidium,</span> <span class='ocrx_word' id='word_1_317' title='bbox 591 2746 616 2783; x_wconf 92' lang='lat' dir='ltr'>ut</span> <span class='ocrx_word' id='word_1_318' title='bbox 637 2736 751 2783; x_wconf 88' lang='lat' dir='ltr'>liberarem</span> <span class='ocrx_word' id='word_1_319' title='bbox 777 2754 903 2787; x_wconf 87' lang='lat' dir='ltr'>erroneum.</span> 
     </span>
     <span class='ocr_line' id='line_1_40' title="bbox 138 2799 904 2865; baseline -0.003 -14"><span class='ocrx_word' id='word_1_320' title='bbox 138 2805 191 2853; x_wconf 90' lang='lat' dir='ltr'>Vidi</span> <span class='ocrx_word' id='word_1_321' title='bbox 203 2804 226 2850; x_wconf 87' lang='lat' dir='ltr'>io</span> <span class='ocrx_word' id='word_1_322' title='bbox 234 2803 279 2849; x_wconf 87' lang='lat' dir='ltr'>filio</span> <span class='ocrx_word' id='word_1_323' title='bbox 290 2801 354 2865; x_wconf 88' lang='lat' dir='ltr'>quod</span> <span class='ocrx_word' id='word_1_324' title='bbox 365 2800 393 2848; x_wconf 89' lang='lat' dir='ltr'>de</span> <span class='ocrx_word' id='word_1_325' title='bbox 404 2800 452 2846; x_wconf 89' lang='lat' dir='ltr'>iure</span> <span class='ocrx_word' id='word_1_326' title='bbox 463 2799 588 2861; x_wconf 88' lang='lat' dir='ltr'>displicuit;</span> <span class='ocrx_word' id='word_1_327' title='bbox 605 2801 644 2847; x_wconf 92' lang='lat' dir='ltr'>sed</span> <span class='ocrx_word' id='word_1_328' title='bbox 654 2817 710 2857; x_wconf 77' lang='lat' dir='ltr'>ecce,</span> <span class='ocrx_word' id='word_1_329' title='bbox 718 2801 761 2847; x_wconf 84' lang='lat' dir='ltr'>iarn</span> <span class='ocrx_word' id='word_1_330' title='bbox 774 2802 849 2848; x_wconf 89' lang='lat' dir='ltr'>christi</span> <span class='ocrx_word' id='word_1_331' title='bbox 860 2804 904 2849; x_wconf 86' lang='lat' dir='ltr'>mei</span> 
     </span>
    </p>
   </div>
   <div class='ocr_carea' id='block_1_8' title="bbox 0 0 966 3169">
    <p class='ocr_par' dir='ltr' id='par_1_12' title="bbox 0 0 966 3169">
     <span class='ocr_line' id='line_1_41' title="bbox 0 0 966 3169; baseline 0 0"><span class='ocrx_word' id='word_1_332' title='bbox 0 0 966 3169; x_wconf 95' lang='lat' dir='ltr'> </span> 
     </span>
    </p>
   </div>
  </div>
 </body>
</html>
