1919 3169
145 65 173 108 88
335 58 533 106 TRACTATUS
552 60 728 109 SECUNDUS

144 158 267 203 abstulerat
283 157 393 202 redderet.
427 156 492 201 Hinc
508 168 549 215 est,
560 158 623 219 quod
634 158 714 203 fratres
729 157 789 203 illius
805 158 912 218 temporis

144 221 187 268 hoc
219 221 304 269 vitium
337 220 400 283 quasi
432 220 555 282 specialiter
584 220 718 279 abiurantes,
744 222 809 268 firma
835 238 911 269 secum

55 289 93 328 Fol.
104 286 258 339 32¹⁰sanctione
273 295 409 344 statuerunt,
420 285 534 350 quidquid
550 285 646 334 aliorum
659 286 740 334 honori
756 287 863 346 demeret,
876 285 913 334 vel

145 353 256 414 probrum
267 360 363 407 sonaret,
375 352 475 397 studiose
485 352 563 397 vitare.

196 416 263 462 luxta
289 415 353 477 quod
381 431 431 476 sepe
461 415 548 460 dicebat
575 414 652 460 beatus
682 416 828 465 Franciscus:
861 415 913 460 Vox

146 479 276 526 detractoris
291 479 332 524 hec
347 488 396 524 est:
413 479 466 524 Vite
483 480 538 524 mihi
549 479 657 541 perfectio
672 480 754 535 deesse,
768 480 864 534 scientie,
878 480 914 525 vel

146 544 262 607 peculiaris
272 543 342 607 gratie
352 543 446 589 facultas
462 561 508 589 non
525 545 624 607 suppetit
642 561 667 590 ac
682 561 722 607 per
738 545 781 590 hoc
797 561 837 590 nec
853 544 913 607 apud

147 610 215 656 deum
225 610 302 656 locum
313 608 411 665 invenio,
423 626 463 654 nec
474 610 534 672 apud
545 610 653 657 homines.
687 610 736 656 Scio
749 609 805 674 quid
817 609 896 655 faciam
907 627 912 655 x

146 691 228 735 ponam
239 673 349 720 maculam
368 673 392 718 in
407 673 482 719 electis
498 685 522 719 et
540 674 600 734 apud
616 675 711 720 maiores
726 675 820 736 gratiam
837 692 914 735 prom-

146 737 231 786 erebor.
272 736 322 784 Scio
345 737 456 798 prelatum
478 755 556 785 meum
572 738 687 791 hominem
712 756 765 795 esse,
789 737 914 801 eodemque

147 819 236 850 mecum
258 802 395 867 quandoque
417 802 451 849 uti
473 803 552 860 offitio,
575 818 622 867 quo
643 803 734 851 succisis
755 803 833 859 cedris,
853 804 914 850 solus

143 870 250 915 videatur
261 869 378 929 Rampnus
389 869 412 912 in
422 867 492 929 sylva.

194 932 237 978 Eia
247 932 314 977 miser
323 948 329 987 ;
347 932 451 978 humanis
461 931 563 978 carnibus
571 948 659 978 vescere
670 942 692 977 et
703 932 756 994 quia
764 932 840 978 vivere
851 932 914 977 aliter

147 1012 193 1042 non
204 1006 275 1058 potes,
285 995 382 1041 fratrum
393 996 477 1041 viscera
487 996 550 1041 rode.
582 995 649 1041 Tales
663 995 716 1042 boni
731 997 824 1042 student
835 996 914 1052 videri,

148 1078 195 1108 non
206 1061 262 1120 fieri,
273 1070 399 1111 accusantes
416 1061 476 1118 vitia,
489 1076 529 1106 nec
546 1060 601 1106 vitia
617 1062 762 1123 deponentes.
795 1061 859 1106 Solos
876 1076 914 1106 eos

146 1126 245 1183 laudant,
254 1141 353 1190 quorum
362 1125 458 1188 cupiunt
465 1124 598 1173 auctoritate
605 1124 678 1173 foveri
685 1125 774 1180 silentes
782 1143 794 1172 a
802 1124 913 1184 laudibus,

147 1208 202 1254 quas
221 1192 249 1237 ad
267 1192 384 1237 laudatum
404 1208 450 1237 non
468 1192 577 1236 extimant
598 1191 711 1252 reportari.
729 1242 730 1245 Ἴ
756 1192 832 1237 Ieiune
850 1191 914 1236 faciei

147 1254 254 1318 pallorem
270 1254 398 1317 perniciosis
411 1254 516 1300 laudibus
532 1254 642 1313 vendunt,
656 1264 682 1300 ut
698 1254 807 1317 spiritales
821 1254 915 1300 videan-

125 1369 126 1372 ,
148 1330 187 1368 tur
208 1321 248 1384 qui
269 1320 393 1367 diiudicant
416 1320 492 1366 omnia
512 1329 535 1366 et
557 1319 599 1382 ipsi
626 1336 638 1366 a
665 1320 753 1366 nemine
777 1320 912 1367 iudicentur.

148 1387 255 1433 Gaudent
271 1385 392 1431 sanctitatis
411 1385 523 1447 opinione,
541 1401 587 1431 non
606 1402 681 1448 opere,
698 1385 798 1449 angelico
817 1385 915 1443 nomine,

148 1460 194 1497 non
212 1451 304 1498 virtute.

24 1582 151 1622 [ri-cxivufl
189 1571 318 1621 Descriptio
335 1570 450 1622 generalis
469 1570 566 1612 ministri
582 1573 605 1612 et
621 1572 701 1622 quales
714 1571 782 1614 debet
797 1583 850 1613 esse
864 1583 915 1613 cunr

149 1624 220 1667 sotiis

194 1687 240 1768 P
242 1733 297 1776 rope
308 1716 376 1762 finem
387 1716 511 1762 vocationis
527 1715 575 1761 eius
585 1716 613 1761 ad
625 1716 744 1763 dominum
752 1716 820 1762 frater
830 1734 916 1777 semper

144 1779 280 1827 vdivinorum
301 1778 417 1834 sollicitus,
439 1778 531 1824 affectus
549 1778 631 1840 pietate
652 1780 680 1826 ad
696 1780 798 1826 ordinem
817 1780 916 1844 quesivit

149 1845 176 1891 ab
203 1862 230 1892 eo
257 1845 348 1891 dicens:
376 1845 448 1900 Pater,
471 1854 497 1890 tu
518 1844 621 1890 transibis
643 1855 666 1891 et
691 1845 775 1892 familia
792 1855 819 1891 te
840 1855 916 1892 secuta

149 1912 173 1957 in
190 1912 248 1958 valle
264 1912 413 1973 lacrymarum
432 1909 576 1973 relinquitur.
615 1910 688 1957 Innue
705 1911 808 1974 aliquem,
827 1913 845 1957 si
862 1928 916 1973 cog-

149 1976 222 2023 noscis
243 1977 266 2021 in
287 1975 373 2029 ordine,
395 1974 419 2020 in
442 1991 488 2037 quo
515 1984 570 2020 tuus
594 1975 682 2022 animus
708 1977 857 2039 conquiescat,
879 1976 915 2022 cui

149 2040 257 2102 generalis
268 2039 386 2085 ministerii
397 2040 486 2100 pondus
496 2056 573 2085 secure
583 2041 654 2100 possit
665 2041 758 2102 imponi.
792 2041 917 2102 Respondit

148 2115 237 2150 sanctus
259 2103 388 2149 Franciscus
409 2103 505 2148 induens
527 2112 606 2149 cuncta
626 2104 695 2151 verba
713 2104 830 2167 suspiriis:
855 2105 915 2150 Tam

148 2169 278 2216 multimodi
302 2169 413 2214 exercitus
435 2168 522 2223 ducem,
543 2177 589 2214 tam
613 2169 681 2230 ampli
706 2170 779 2232 gregis
803 2179 915 2231 pastorem

149 2234 273 2292 nichillum,
290 2233 328 2290 fili,
346 2232 493 2279 sufficientem
509 2233 616 2289 intue0r;
638 2234 677 2280 sed
692 2233 746 2281 volo
762 2234 826 2281 vobis
842 2252 915 2281 unum

149 2299 270 2362 depingere
289 2315 313 2345 ac
335 2314 404 2344 manu
425 2298 487 2344 iuxta
508 2297 653 2359 proverbium
672 2298 749 2356 facere,
768 2300 791 2345 in
813 2316 860 2362 quo
881 2316 914 2346 re-

148 2364 229 2418 luceat,
251 2362 322 2425 qualis
346 2378 392 2407 esse
416 2362 494 2408 debeat
514 2362 582 2407 huius
603 2361 688 2407 familie
712 2374 781 2424 pater.
825 2364 915 2418 Homo,

149 2427 236 2493 inquid,
250 2443 296 2474 esse
312 2425 379 2474 debet
394 2426 440 2474 vite
456 2425 588 2491 gratissime,
600 2426 740 2474 discretionis
757 2443 845 2492 magne,
856 2427 915 2475 fame

148 2493 272 2541 laudabilis.
306 2493 396 2548 Horn0‚
407 2493 447 2555 qui
458 2493 551 2555 privatis
561 2493 674 2540 amoribus
687 2504 766 2552 careat,
778 2510 813 2552 ne,
824 2494 880 2540 dum
892 2494 915 2540 in

148 2570 212 2622 parte
230 2559 281 2621 plus
297 2557 377 2619 diligit,
396 2557 419 2602 in
436 2567 486 2603 toto
503 2558 632 2604 scandalum
649 2568 746 2621 generet.
780 2559 861 2605 Homo
879 2559 915 2605 cui

148 2634 222 2668 sancte
233 2622 340 2668 orationis
351 2621 453 2667 studium
464 2622 493 2666 sit
504 2622 608 2679 amicum,
621 2624 660 2684 qui
674 2633 743 2667 certas
758 2623 822 2667 horas
835 2623 913 2678 anime,

149 2697 218 2732 certas
235 2685 298 2750 gregi
315 2684 435 2730 commisso
451 2685 578 2731 distribuat.
611 2685 672 2731 Nam
689 2686 763 2748 primo
782 2703 846 2731 mane
863 2687 914 2732 mis-

148 2769 224 2799 sarum
243 2761 378 2798 sacramenta
394 2750 461 2797 debet
479 2751 609 2814 premittere
628 2761 651 2798 et
669 2751 737 2815 longa
754 2752 875 2799 devotione
893 2769 916 2799 se

148 2818 224 2880 ipsum
235 2828 258 2863 et
268 2833 360 2879 gregem
371 2816 449 2863 divino
460 2817 565 2863 tutamini
577 2817 739 2864 commendare.
