1919 3169
330 137 506 186 minaeum
752 154 794 201 173

83 234 184 281 Domina
195 233 292 296 quedam
309 235 389 280 nobilis
400 235 428 281 de
440 245 512 282 castro
523 234 609 293 Galete,
620 235 679 282 inter
689 236 797 283 mamillas

35 299 141 347 morbum
163 298 238 346 fistule
260 299 394 356 tollerabat;
422 319 473 365 que,
494 301 567 347 fetore
589 301 655 347 simul
677 311 699 347 et
720 302 797 349 dolore

34 366 122 421 afflicta,
143 362 232 410 salubre
251 364 341 409 nullum
361 366 464 411 iuvamen
484 367 605 412 invenerat.
640 367 735 411 Intravit
756 368 797 410 hec

36 429 72 474 die
82 428 180 490 quadam
192 442 257 472 causa
269 427 376 473 orationis
387 429 501 474 ecclesiam
513 428 609 475 fratrum
620 445 626 484 ;
645 427 683 475 ubi
695 428 797 475 libellum

35 509 126 539 cernens
148 492 217 538 sancti
240 492 351 538 Francisci
373 494 443 539 vitam
465 503 488 539 et
510 494 617 540 miracula
639 494 797 552 continentem,

35 558 143 622 quidnam
160 557 183 602 in
200 573 227 602 eo
244 558 398 604 contineretur
410 559 504 605 sollicite
517 559 658 622 perquisivit.
692 559 798 622 Cumque

34 625 62 670 de
74 623 167 669 veritate
178 623 288 668 instructa
298 621 366 679 foret,
378 622 462 669 librum
478 624 575 671 lacrimis
591 623 681 685 perfusa
692 622 797 684 suscepit,

35 703 134 748 eumque
156 701 224 748 super
245 685 375 732 morbidum
402 687 478 732 locum
506 688 629 750 expandit:
653 688 716 734 Sicut
737 703 797 745 vera,

35 750 122 816 inquid,
134 762 193 808 sunt,
206 762 280 797 sancte
298 752 419 808 Francisce,
431 768 474 814 que
490 753 517 798 de
529 762 551 798 te
566 754 589 798 in
600 753 641 799 hac
652 754 733 815 pagina
744 762 798 798 sunt

36 817 167 879 conscripta,
179 817 210 862 ita
221 832 282 861 nunc
293 817 339 863 tuis
350 817 430 863 sanctis
446 817 532 863 meritis
543 816 624 862 liberer
636 817 663 864 ab
674 818 714 864 hac
725 817 796 881 plaga.

35 882 67 928 Et
78 881 210 943 aliquandiu
223 881 278 926 flens
289 893 311 927 et
323 882 438 927 devotioni
450 884 560 936 insistens,
572 884 676 942 protinus
688 882 796 927 submotis

35 944 170 1007 tegminibus
192 954 238 989 tam
261 945 326 1005 plena
347 945 417 990 salute
444 945 580 991 consolidata
601 956 648 1003 est,
663 956 690 990 ut
708 944 797 991 nullum

35 1018 109 1071 posset
120 1008 226 1071 deinceps
238 1008 344 1054 cicatricis
355 1010 476 1072 vestigium
488 1010 632 1072 deprehendi.

83 1074 173 1120 Accidit
189 1073 243 1120 huic
259 1075 330 1120 simile
341 1074 365 1120 in
377 1075 485 1121 Romanis
498 1075 607 1135 partibus,
619 1091 671 1120 cum
682 1085 744 1136 pater
755 1077 797 1136 pro

35 1139 82 1184 filio
93 1140 156 1202 gravi
167 1137 241 1183 ulcere
257 1139 353 1184 sautiato
369 1149 471 1185 sanctum
489 1139 637 1185 Franciscum
645 1138 687 1201 piis
698 1139 797 1201 pulsavit

35 1203 152 1264 precibus:
170 1203 192 1248 Si
204 1218 263 1260 vera,
275 1203 358 1265 inquit,
370 1213 430 1259 sunt,
442 1213 517 1248 sancte
533 1204 584 1257 Dei,
596 1204 653 1248 mira
668 1219 713 1264 que
729 1205 757 1249 de
774 1212 796 1248 te

35 1276 83 1312 toto
95 1267 149 1313 orbe
161 1267 291 1328 vulgantur,
302 1268 402 1328 experiar
414 1267 437 1312 in
448 1268 491 1312 hoc
503 1267 549 1313 filio
560 1267 588 1313 ad
600 1267 643 1313 Dei
650 1265 745 1323 laudem
757 1277 796 1312 tue

34 1330 173 1378 clementiam
195 1331 290 1394 pietatis.
340 1332 441 1395 Repente
464 1331 535 1378 fracto
556 1332 651 1394 desuper
673 1332 795 1396 opertorio,

34 1414 107 1443 coram
137 1407 270 1444 cunctorum
299 1398 369 1443 oculis
397 1397 506 1444 stuellum
539 1399 625 1459 erupit
642 1398 671 1443 de
695 1397 795 1454 vulnere,

34 1477 129 1523 caroque
151 1462 215 1522 pueri
241 1462 273 1505 sic
298 1461 372 1507 extitit
397 1462 491 1507 solidata
516 1471 542 1506 ut
566 1462 613 1506 sine
634 1462 699 1522 signo
721 1461 794 1507 morbi

33 1535 133 1586 preteriti
148 1535 282 1571 remaneret.v

81 1590 150 1636 Beato
166 1590 285 1636 Francisco
301 1588 374 1636 adhuc
390 1591 413 1635 in
430 1606 493 1636 carne
509 1590 606 1646 vivente,
620 1590 689 1635 frater
703 1590 838 1653 quidamFol.
849 1606 887 1651 73¹⁰

33 1655 161 1701 infirmitate
188 1654 289 1700 horribili
316 1654 471 1717 torquebatur,
493 1671 519 1699 ex
541 1671 585 1716 qua
605 1654 636 1700 sic
658 1664 719 1700 totus
744 1670 796 1716 sepe

34 1719 173 1774 allidebatur,
185 1729 211 1764 ut
228 1720 328 1764 membra
343 1720 390 1764 eius
406 1719 481 1763 omnia
497 1719 559 1780 quasi
570 1719 592 1763 in
604 1718 712 1764 circulum
723 1728 796 1763 verte-

33 1793 118 1829 rentur.
152 1783 213 1829 Nam
230 1782 364 1847 quandoque
376 1793 480 1828 extensus
491 1792 513 1827 et
523 1781 609 1845 rigidus
619 1792 689 1838 totus,
701 1782 796 1845 pedibus

34 1847 100 1909 capiti
108 1848 227 1911 coequatis,
236 1857 346 1911 quantum
357 1848 399 1893 viri
409 1857 494 1893 statura
501 1857 535 1893 est
545 1846 671 1893 elevabatur
682 1848 705 1893 in
716 1846 795 1906 altum,

33 1913 151 1976 subitoque
166 1914 195 1959 ad
211 1923 294 1959 terram
304 1912 409 1969 resiliens,
420 1912 566 1960 volutabatur
576 1929 688 1974 spumans.
725 1913 795 1959 Cuius

33 1978 148 2040 langorem
167 1988 256 2025 sanctus
272 1988 335 2039 pater
353 1979 448 2024 nimium
468 1978 589 2032 miseratus,
611 1977 711 2024 oratione
729 1979 795 2039 super

34 2058 86 2085 eum
103 2042 179 2097 effusa,
191 2044 256 2104 signo
273 2042 343 2085 crucis
354 2041 385 2085 ita
395 2058 447 2085 eum
459 2042 551 2096 sanavit,
564 2051 589 2086 ut
601 2041 649 2085 talis
660 2041 795 2086 infirmitatis

34 2106 145 2153 molestias
156 2107 232 2153 nullus
243 2106 271 2152 de
281 2116 354 2158 cetero
364 2105 489 2152 sustineret.

66 2170 122 2216 Post
140 2182 238 2217 mortem
257 2170 316 2217 beati
334 2171 402 2232 patris
420 2170 475 2215 alius
493 2169 584 2231 quidam
601 2169 669 2214 frater
687 2169 793 2216 morbum

36 2233 110 2281 fistule
128 2235 152 2280 in
169 2236 220 2297 yliis
237 2235 293 2281 adeo
311 2251 402 2298 gravem
420 2233 522 2291 habebat,
540 2234 602 2295 quod
619 2232 647 2278 ab
664 2233 726 2279 omni
744 2251 795 2280 cura

35 2300 132 2345 sanitatis
144 2301 237 2346 omnino
248 2300 292 2346 iam
303 2299 377 2346 fuerat
388 2299 526 2361 desperatus.
555 2297 602 2349 Qui
612 2313 663 2343 cum
672 2313 683 2343 a
691 2296 795 2344 ministro

35 2379 76 2408 suo
87 2364 193 2410 visitandi
205 2365 281 2411 locum
298 2364 355 2409 beati
373 2363 485 2409 Francisci
501 2362 614 2408 licentiam
631 2362 753 2424 postularet
772 2374 795 2410 et

36 2429 138 2475 minister
149 2430 168 2476 ei
180 2446 225 2476 non
238 2430 300 2476 daret
314 2430 434 2486 licentiam,
446 2446 473 2474 ne
484 2437 578 2491 propter
594 2426 693 2473 laborem
710 2428 795 2476 itineris

35 2494 159 2553 periculum
171 2496 243 2541 maius
254 2497 384 2550 incurreret,
392 2494 462 2540 frater
473 2493 638 2555 aliquantulum
650 2492 795 2539 contristatus

35 2566 74 2602 est.
108 2560 152 2604 Cui
170 2559 248 2606 beatus
266 2559 397 2604 Franciscus
416 2558 486 2602 astitit
506 2557 603 2618 quadam
621 2565 686 2600 nocte
703 2555 794 2603 dicens:

36 2619 97 2677 Noli,
117 2622 157 2681 fili,
177 2623 306 2669 contristari
325 2623 353 2668 de
373 2632 463 2677 cetero;
488 2620 534 2679 sed,
552 2620 650 2682 proiecta
671 2620 729 2683 pelle
750 2638 795 2684 qua

36 2682 142 2746 indueris,
153 2688 319 2751 emplaustrum
337 2689 424 2749 depone
442 2687 470 2732 de
487 2686 551 2748 plaga
568 2700 675 2746 servaque
693 2686 794 2748 regulam

34 2758 105 2808 tuam,
116 2762 139 2808 et
150 2754 258 2799 continuo
269 2752 404 2799 liberaberis.
438 2751 487 2803 Qui
504 2767 568 2795 mane
585 2766 729 2811 consurgens
741 2749 795 2797 fecit

35 2829 78 2875 que
90 2815 131 2862 sibi
143 2828 230 2863 sanctus
242 2818 385 2864 mandaverat
397 2826 419 2862 et
430 2815 527 2861 subitam
540 2813 638 2860 obtinuit
649 2814 773 2860 sanitatem.

81 2880 123 2926 Vir
135 2900 200 2941 unus,
212 2900 264 2931 cum
277 2883 358 2945 sagitta
368 2880 438 2928 ferrea
448 2881 548 2944 graviter
560 2889 618 2925 esset
629 2878 760 2925 vulneratus
771 2879 794 2924 in
