1919 3169
161 98 189 146 92
345 81 548 130 TRACTATUS
566 76 744 131 SECUNDUS

160 191 250 226 sanctus
263 179 410 224 Francischus
412 194 585 242 ,quoscumque
601 179 694 225 faciebat
710 190 786 290 gestus
797 181 833 225 vel
850 192 928 238 nutus,

160 246 265 307 protinus
273 243 296 288 in
307 259 330 289 se
340 216 452 304 repetebat
463 252 505 289 ett
496 243 694 290 t'ransformabat
678 246 745 307 simpl
747 245 784 290 icit
786 260 810 290 er
776 246 928 303 tloannes3

160 328 212 357 nam
231 319 325 372 spuente
346 307 447 371 spuebat,
466 309 567 355 tuxiente
588 308 695 366 tuxiebat,
715 310 810 373 suspiria
828 311 929 374 suspiriis

159 376 254 438 iungens
265 385 287 419 et
298 374 364 419 fletus
382 373 472 418 fletibus
489 374 587 419 sotians:
604 375 692 420 levante
709 386 785 420 sancto
803 392 883 422 manus
900 377 927 422 ad

160 440 239 494 celum,
257 437 344 483 levabat
361 447 383 482 et
401 437 468 493 illes
463 449 554 484 intuens
571 438 717 499 diligenter'
712 456 787 500 ipsum
804 441 873 486 velud
890 457 928 485 ex-

159 477 251 567 emplai,
274 512 399 611 cunctaque
420 500 444 546 in
468 518 514 547 sese
539 501 705 550 transformans.
749 503 858 549 Advertit
885 505 928 550 hoe

159 579 248 615 sanctus
259 576 281 613 et
293 567 368 631 querit
378 583 390 612 a
391 566 505 641 liquando,
518 583 558 614 111
569 567 635 613 faciat
645 568 701 616 talia.
736 569 866 632 Respondet
857 569 926 616 tille:

160 634 252 690 Omnia,
263 632 350 696 inquid,
359 632 451 694 promisi
462 649 505 696 ego
516 632 585 679 facere
587 650 646 696 ,que
657 644 684 680 tu
692 633 758 679 facis·
753 634 927 697 ‚periculosum

160 699 215 744 mihi
226 709 259 744 est
269 697 354 759 aliquid
365 697 479 757 preterire
511 725 512 728 =

208 762 343 823 Congaudet
357 770 446 806 sanctus
457 776 514 821 pure
530 761 673 823 simplicitati,
649 762 766 808 trblande
782 771 858 809 tamen
875 778 928 838 pro-

158 827 220 875 hibet
237 844 265 874 ne
283 827 363 874 det
328 844 352 873 ce
354 836 402 873 tero
420 824 491 875 faciat.
520 827 599 889 Itaque
615 843 661 873 101
680 826 780 874 multum
798 838 887 891 tempus
904 828 927 875 in

159 894 201 939 ista
222 891 319 954 puritate
338 891 444 953 migravit
465 891 559 953 simplex
577 892 605 937 ad
627 892 754 951 dominum,
774 892 838 938 cuius
857 894 927 939 vitam

159 957 288 1019 frequenter
314 966 403 1002 sanctus
417 1002 419 1004 ,
432 956 564 1002 imitandam
593 972 729 1017 proponens,
758 973 804 1002 101
834 957 928 1003 fratrem

160 1022 274 1076 loannem,
297 1020 336 1066 sed
357 1030 460 1065 sanctum
485 1021 592 1065 loannem
620 1020 764 1067 icundissime
791 1021 927 1067 nominabat.

159 1087 269 1142 Adverte,
287 1086 322 1146 pie
338 1083 487 1147 simplicitatis
504 1085 621 1158 proprium
639 1102 693 1143 esse,
711 1085 823 1131 maiorum
840 1086 928 1150 legibus

160 1152 243 1211 vivere,
260 1161 389 1197 sanctorum
406 1166 517 1212 sempera
510 1150 576 1197 111111
592 1151 737 1214 exempliset
753 1150 870 1198 institutis.

65 1313 94 1352 [1
96 1315 149 1356 curJ
140 1316 168 1398 JJ¹
200 1302 319 1398 Qtuorqqqlo
332 1301 444 1343 unitatem
458 1300 568 1343 fovebat
562 1313 585 1342 m
599 1302 656 1348 filiis,
666 1302 695 1344 de
704 1313 750 1353 qna
760 1302 804 1344 sub
812 1304 928 1354 enigmate

169 1367 211 1399 ocu
223 1367 251 1398 us

205 1439 369 1541 ⁸Hssiduum
379 1477 468 1522 votum,
479 1469 579 1532 vigilque
590 1469 693 1516 studium
704 1486 791 1532 semper
806 1470 829 1515 in
840 1488 867 1517 eo
882 1470 927 1517 fuit

159 1533 288 1581 custodire
283 1543 341 1577 inter
352 1534 410 1577 filios
421 1533 539 1578 vinculum
551 1534 649 1589 unitatis,
659 1545 685 1579 ut
696 1550 753 1606 qups
763 1534 824 1579 idem
831 1536 927 1607 spiritns

158 1609 260 1655 traxerat,
272 1597 378 1660 idemque
388 1607 496 1669 genuerat
508 1606 578 1659 pater,
589 1597 656 1642 unius
672 1598 750 1644 matris
765 1598 853 1661 gremio
868 1599 928 1661 paci-

159 1665 198 1710 fice
217 1664 340 1718 foventur;
363 1662 421 1707 11111
443 1662 533 1708 volebat
555 1663 649 1708 maiores
670 1662 802 1721 minoribus,
821 1680 928 1726 germano

158 1730 240 1775 affectu
252 1727 358 1788 coniungi
369 1727 477 1787 sapientes
494 1726 637 1788 simplicibus,
650 1727 788 1790 longinquos
797 1701 928 1837 longinquis

157 1794 239 1838 amoris
257 1792 348 1863 glutino
365 1790 469 1850 copulari.
513 1792 626 1837 Moralem
644 1792 772 1851 parabolam
790 1794 857 1837 semel
874 1809 928 1854 pro-

157 1858 233 1921 posuit
246 1855 419 1902 instructionem
433 1871 479 1900 non
496 1855 607 1901 modicam
624 1856 792 1902 continentem:
811 1855 877 1913 Ecce,
889 1857 925 1915 ait,

157 1925 196 1969 fiat
207 1922 310 1969 omnium
321 1921 486 1983 religiosorum,
499 1921 538 1983 qui
550 1921 573 1966 11
585 1922 676 1968 ecclesia
687 1932 747 1979 sunt,
760 1938 831 1967 unum
842 1923 929 1985 capitu-

157 1989 207 2034 lum
220 1987 328 2048 generale.
363 1985 479 2035 Quoniam
496 1985 566 2046 igitur
582 1986 664 2031 adsunt
679 1986 771 2031 litterati
788 1987 865 2048 etqui
882 1988 928 2032 sine

157 2050 240 2097 licteris
252 2061 313 2108 sunt,
324 2048 418 2094 scientes
429 2059 451 2094 et
465 2048 504 2112 qui
521 2049 568 2093 sine
584 2049 676 2094 scientia
686 2049 730 2096 deo
746 2049 832 2111 placere
848 2051 927 2107 sciunt,

158 2117 198 2161 uni
217 2115 358 2178 sapientium,
378 2114 463 2176 unique
482 2114 618 2176 simplicium
638 2129 712 2159 sermo
729 2114 840 2162 indicitur.
881 2117 927 2161 De-

156 2181 235 2228 liberat
254 2179 347 2242 sapiens‚
366 2194 418 2224 nam
440 2178 526 2240 sapiens
544 2188 577 2225 est
598 2188 621 2224 et
640 2178 724 2242 cogitat
742 2178 801 2224 intra
819 2196 858 2226 se:
882 2196 928 2226 non

158 2257 191 2293 est
224 2246 260 2291 hic
293 2242 425 2290 ostentande
457 2243 548 2289 scientie
579 2242 649 2299 locus,
678 2243 717 2290 ubi
749 2253 802 2290 sunt
834 2244 928 2307 perfecti

158 2311 255 2367 scientia,
284 2326 324 2355 nec
350 2325 387 2353 me
413 2308 471 2352 inter
503 2308 660 2354 subtilissimos
693 2308 805 2354 dicentem
837 2309 928 2356 subtilia

158 2370 591 2421 redderedecetcuriositatenotabilem.
620 2371 755 2434 Simpliciter
763 2371 826 2434 loqui
834 2372 927 2419 forsitan

159 2439 299 2486 fructuosius
310 2448 349 2483 est.

207 2505 316 2550 lllucetst
308 2512 380 2547 tatuta
390 2501 437 2546 dies
439 2512 620 2563 ,congregantur
628 2502 651 2545 11
661 2518 733 2547 unum
745 2502 928 2564 congregationes

159 2579 296 2622 sanctorum,
308 2567 387 2612 sitiunt
398 2538 473 2610 audire
484 2582 616 2611 sermonem
649 2565 756 2612 Procedit
769 2566 855 2627 sapiens
866 2584 928 2613 sacco

161 2634 254 2680 vestitus
265 2641 287 2675 et
298 2632 370 2676 111616
380 2646 480 2689 aspersus
491 2640 559 2690 caput
575 2640 598 2674 et
612 2630 745 2675 mirantibus
762 2631 856 2688 cunctis,
867 2631 927 2677 facto

160 2697 211 2759 plus
227 2695 350 2758 predicans,
361 2691 474 2740 abbreviat
490 2693 573 2741 verba:
591 2709 672 2766 magna
688 2693 769 2755 inquid
783 2695 929 2755 promisimus

161 2778 245 2827 majora
251 2776 360 2824 promissa
366 2767 419 2804 sunt
428 2774 542 2805 servamus
553 2757 594 2804 hec
602 2774 728 2820 suprremus
734 2758 793 2805 ad
769 2758 813 2806 illa.
795 2760 928 2824 a-Volup

160 2839 195 2875 tas
211 2827 289 2882 brevis,
310 2842 367 2888 pena
385 2834 500 2886 perpetua,
522 2825 610 2871 modica
633 2825 712 2885 passio,
734 2825 807 2887 gloria
833 2826 925 2884 infinita,
