1919 3169
114 104 144 151 50
326 88 485 135 auouuun
506 88 664 150 numqua

113 186 195 244 trahat,
206 184 323 232 forficibus
340 183 429 231 scindit.
470 185 530 231 Cum
546 196 621 232 autem
639 185 750 232 inveniret
769 185 879 248 precisum

114 268 214 313 pannum
231 267 277 295 non
294 250 393 295 sufficere
407 249 491 304 tunice,
502 250 598 311 primam
614 250 776 312 benignitatem
792 259 881 310 experta

116 316 175 363 redit
196 315 224 363 ad
246 322 355 372 sanctum,
377 312 476 359 indicans
498 314 521 358 in
542 330 616 376 panno
642 312 762 362 defectum.
805 313 881 359 Vertit

117 390 207 427 sanetus
222 380 250 425 ad
267 378 350 424 sotium
366 378 451 436 oculos,
463 379 503 441 qui
517 379 657 425 tanduudem
668 379 735 441 panni
746 379 837 442 gerebat
853 378 881 423 ad

117 448 227 492 dorsum:
252 443 335 498 dudm,
346 442 434 504 inquid,
447 442 524 499 frater,
536 444 591 505 quid
608 444 647 490 hec
664 443 799 505 paupercula
812 442 881 489 dicit?

117 512 203 557 Amore
214 506 250 554 dei
261 506 381 553 toleremus
398 506 497 571 algorem
514 518 536 553 et
552 508 686 570 paupercule
697 508 726 554 da
736 523 843 570 pannum,
855 515 881 552 ut

116 575 217 622 tunicam
228 572 345 632 compleat.
369 572 471 619 Dederat
479 573 533 634 ipse,
542 574 610 620 donat
621 582 643 619 et
654 573 738 628 sotius;
754 582 776 620 et
786 582 881 634 uterque

117 640 190 685 nudus
201 646 306 692 remanet,
318 646 344 681 ut
355 637 431 682 vetula
442 637 556 684 vestiatur.

48 776 114 818 [rc-ru]
161 735 229 820 Illo
250 776 359 825 tempore,
379 781 430 811 cum
455 776 602 813 reverteretur
623 767 651 813 de
673 768 742 825 Senis,
764 781 884 829 pauperem

117 831 237 892 quemdam
253 828 347 874 obvium
364 828 441 874 habuit
458 830 557 892 dixitque
574 831 632 876 sotio
649 841 754 877 sanctust
778 832 884 891 Oportet,

117 894 194 952 frater,
201 905 228 940 ut
239 893 359 939 reddamus
370 892 503 938 mantellum
515 895 657 957 pauperculo,
667 895 730 941 cuius
740 904 788 950 est3
803 904 884 939 mutuo

117 961 241 1023 accepimus
258 959 339 1020 ipsum,
358 959 429 1005 donec
447 960 601 1020 pauperiorem
619 961 719 1007 invenire
736 960 881 1021 contingeret,

117 1026 191 1071 Sotius
201 1024 342 1070 considerans
352 1023 421 1085 patris
432 1024 592 1083 necessitatem,
603 1025 744 1087 pertinaciter
755 1023 883 1078 obsistebat,

117 1108 144 1136 ne
161 1089 290 1153 provideret
306 1088 350 1145 alii,
364 1105 387 1134 se
403 1088 519 1151 negletto:
536 1090 571 1135 cui
588 1100 692 1137 sanctus:
715 1091 767 1153 Ego
783 1090 821 1136 fur
837 1106 884 1136 esse

117 1154 187 1210 nolo;
204 1170 246 1216 pro
265 1153 327 1199 furto
345 1154 410 1200 nobis
426 1154 583 1214 imputaretur,
596 1156 613 1200 si
630 1172 675 1201 non
692 1157 797 1202 daremus
814 1154 884 1216 magis

116 1219 198 1281 egenti.
232 1217 327 1263 Destitit
338 1216 382 1274 ille,
394 1218 487 1264 tradidit
498 1218 539 1263 iste
551 1219 688 1267 mantellum.
726 1249 728 1251 -

39 1367 114 1410 [x-ruJ]
166 1324 266 1411 Simile
288 1356 382 1419 contigit
404 1356 463 1418 apud
485 1356 561 1403 cellam
583 1357 611 1403 de
633 1357 739 1403 Cortona.
778 1356 885 1403 Portabat

117 1424 194 1470 beatus
221 1421 367 1468 Francischus
394 1437 480 1467 novum
508 1421 647 1478 mantellum,
672 1438 739 1484 quem
767 1438 809 1483 pro
836 1422 885 1483 ipso

118 1488 198 1533 fratres
232 1486 332 1531 studiose
365 1486 510 1547 quesierant:
546 1487 608 1531 venit
637 1502 721 1547 pauper
751 1487 779 1531 ad
809 1486 885 1531 locum

118 1567 220 1608 uxorem,
238 1558 353 1596 mortuam
370 1548 460 1611 plorans
477 1559 499 1595 et
519 1548 626 1596 familiam
645 1551 802 1612 pauperculam
822 1550 886 1596 dere-

118 1618 210 1673 lictam;
227 1616 263 1661 cui
277 1625 381 1662 sanetus:
399 1615 470 1661 Hunc
483 1613 525 1661 tibi
539 1631 614 1662 amore
627 1615 663 1662 dei
676 1615 742 1662 trado
755 1615 886 1662 mantellum

119 1682 157 1729 tali
176 1690 249 1744 pact0,
268 1690 295 1725 ut
313 1679 369 1724 nulli
388 1680 470 1738 tradas,
488 1680 530 1725 nisi
549 1679 604 1726 bene
624 1681 786 1742 comparaverit
804 1681 885 1742 ipsum.

119 1748 271 1793 Accurrerunt
300 1744 403 1804 protinus
432 1744 518 1800 fratres,
548 1754 574 1790 ut
608 1747 741 1791 mantellum
773 1745 887 1791 auferrent

40 1818 78 1857 Fol.
85 1818 109 1866 48
119 1820 142 1856 et
157 1809 303 1857 donationem
319 1807 375 1852 hanc
386 1807 544 1869 prepedirent;
560 1809 600 1853 sed
610 1825 694 1870 pauper
705 1809 728 1853 in
739 1809 805 1856 vultu
816 1809 886 1854 sancti

119 1875 188 1937 patris
204 1872 318 1919 audaciam
331 1887 428 1929 sumens,
440 1872 501 1918 nexis
518 1873 627 1930 manibus,
639 1872 773 1920 defendebat
790 1882 816 1919 ut
833 1889 885 1936 pro-

120 1939 201 2002 prium.
229 1938 268 1984 Ad
275 1937 382 1982 ultimum
389 1937 502 1983 redemere
511 1938 644 1984 mantellum
653 1938 732 1985 fratres
742 1953 748 1993 ς
765 1948 788 1985 et
795 1954 885 2000 pauper,

120 2005 193 2067 pretio
204 2012 303 2065 sumpto,
315 2000 419 2049 discessit.

64 2135 118 2176 [K-V]
166 2104 292 2191 Quodam
321 2138 422 2189 ternpore
450 2129 509 2189 apud
537 2128 624 2176 Collem
655 2130 783 2178 Comitatus
804 2130 886 2193 perusii

121 2198 203 2259 reperit
221 2204 310 2242 sanctus
328 2192 474 2239 Francischus
494 2194 655 2256 pauperculum
675 2196 801 2259 quemdam,
820 2213 886 2259 quem

122 2263 185 2326 prius
195 2262 219 2308 in
232 2259 306 2306 seculo
323 2268 425 2317 noverat,
436 2258 537 2322 dixitque
553 2260 581 2306 ad
598 2277 668 2307 eum:
695 2261 780 2318 Frater,
791 2262 887 2324 qualiter

123 2338 144 2375 te
163 2327 246 2373 habes?
281 2324 314 2369 At
333 2323 371 2369 ille
388 2323 448 2369 malo
467 2324 542 2370 animo
561 2324 619 2387 cepit
641 2325 663 2370 in
683 2325 800 2372 dominum
820 2342 887 2373 suum

123 2393 239 2436 maledicta
249 2404 376 2450 congerere,
389 2388 429 2449 qui
440 2388 559 2433 abstulerat
575 2389 617 2433 sibi
634 2391 710 2434 omnia
724 2407 781 2436 sua:
807 2391 888 2436 Gratia

124 2455 210 2503 domini
231 2453 281 2508 mei,
305 2451 393 2515 inquid,
415 2451 451 2497 cui
473 2453 615 2513 omnipotens
637 2453 742 2500 dominus
764 2455 888 2511 maledicat,

125 2538 170 2568 non
190 2517 231 2566 nisi
250 2517 308 2564 male
327 2533 363 2562 me
382 2515 459 2562 habeo.
493 2517 616 2564 Miseratus
633 2519 729 2564 animam
740 2518 801 2565 illius
817 2520 889 2583 magis

124 2602 192 2650 quam
203 2598 291 2646 corpus,
302 2598 355 2629 curn
366 2581 389 2627 in
401 2581 454 2627 odio
465 2582 555 2629 mortali
566 2583 702 2644 persisterat,
712 2583 769 2631 dixit
780 2585 800 2630 ei
812 2584 888 2632 beatus

124 2649 286 2696 Francischus:
311 2648 396 2702 Frater,
411 2645 527 2708 indulgeas
544 2647 638 2692 domino
655 2658 696 2694 tuo
713 2664 788 2695 arnore
802 2650 846 2706 dei,
863 2660 889 2695 ut

123 2715 202 2761 liberes
217 2712 313 2758 animam
331 2722 393 2757 tuam
410 2721 432 2756 et
448 2727 494 2756 esse
510 2713 600 2773 poterit,
619 2713 680 2774 quod
697 2713 743 2774 ipse
759 2713 831 2760 ablata
847 2714 888 2760 tibi

123 2780 236 2827 restituet.
270 2776 309 2822 Sin
320 2786 403 2832 autem,
414 2791 448 2821 res
464 2785 512 2821 tuas
523 2776 642 2838 perdidisti
659 2787 681 2823 et
692 2777 788 2825 animam
802 2778 888 2840 perdes.

124 2846 156 2892 Et
174 2845 229 2891 ille:
254 2842 309 2888 Non
328 2856 428 2903 possum,
448 2840 485 2896 ait,
505 2842 594 2903 penitus
616 2841 740 2905 indulgere,
763 2844 805 2889 nisi
827 2844 889 2906 prius
