1919 3169
126 43 154 74 10
340 28 498 76 1111111
515 30 596 77 auri
587 31 671 93 iqua

123 126 221 187 proinde
240 143 322 172 nomen
344 128 372 173 ad
388 143 444 187 opus
460 138 577 173 minsterii
594 128 690 189 pertinet
707 129 768 191 quod
779 128 887 202 suscepit.

124 190 235 236 Francisci
252 207 306 236 vero
322 192 349 237 ad
366 191 520 237 dilatationem
535 191 593 237 fame
609 208 655 249 sue,
673 208 716 253 que
735 193 783 237 de
779 209 828 254 rpso
844 194 887 236 iam

125 255 191 316 plene
198 254 226 301 ad
233 256 309 301 Deum
317 271 423 301 converso
425 255 521 318 ‚ubique
530 257 575 301 cito
584 256 692 318 pervenit.
677 256 888 301 tCeleberrimum

126 320 178 366 ideo
191 336 256 383 super
269 320 370 366 omnium
386 319 442 366 festa
452 331 584 367 sanctorum
596 319 678 367 festum
689 321 782 381 Joannis
793 321 888 384 baptiste

126 385 225 439 ducebat,
235 385 298 431 cuius
309 385 406 447 dignitas
418 387 515 432 nominis
526 387 611 433 mistice
623 387 713 433 virtutis
723 387 836 448 impressit
847 386 889 433 sibi

125 451 252 512 vestigium.
290 450 332 496 Illo
348 451 407 497 inter
424 461 487 497 natos
504 452 625 497 mulierum
642 452 797 500 nonsurrexit
808 452 888 515 major,

125 515 169 558 isto
190 516 248 558 inter
269 514 399 559 fundatores
420 516 555 577 religionum
578 531 623 560 non
645 516 740 560 surrexit
761 517 889 576 perfectior.

126 579 260 626 Observatio
268 578 338 642 igitur
350 580 417 642 digna
428 579 540 643 preconio.
572 579 718 642 Prophetavit
730 580 821 626 ioannes
832 578 889 625 inter

125 653 207 690 secreta
216 645 309 690 materni
317 644 375 690 uteri
385 646 477 701 clausus,
485 645 615 691 Franciscus
623 647 647 690 in
656 661 740 692 carcere
751 645 818 691 seculi
830 645 890 707 posi-

125 719 161 754 tus
172 709 243 755 divini
253 709 324 755 adhuc
332 709 423 772 ignarus
434 710 519 755 consilii
530 710 607 756 futura
617 711 720 772 predixit.
755 710 786 756 Et
797 711 889 773 quidem

126 789 178 818 cum
196 774 255 818 inter
274 774 390 834 perusinos
409 774 467 819 cives
485 785 507 819 et
522 775 651 829 assisinates,
664 786 772 836 tempore,
784 776 890 836 quodam,

125 838 187 882 fieret
202 852 247 882 non
263 838 350 883 modica
363 848 447 899 strages
458 854 484 882 ex
497 838 539 883 bell
550 839 639 883 conflict
631 850 662 894 tu,
673 850 723 899 capt
725 855 750 884 us
715 838 891 910 tFranciscus

48 910 86 949 Fol
98 918 178 949 recum
190 902 248 965 pluri
241 901 290 949 rbus
301 912 324 948 et
335 903 468 950 convineula
470 912 506 949 tus
518 918 569 949 cum
581 902 659 950 ceteris
671 904 784 978 squalores
801 902 892 950 carceris

124 969 217 1042 patitur.
268 967 425 1014 Absorbentur
454 968 545 1015 tristitia
575 970 707 1032 concaptivi,
740 968 892 1015 miserabiliter

125 1032 259 1093 captivitatis
278 1049 316 1075 sue
335 1035 450 1091 plorantes
469 1044 594 1087 eventum3
619 1034 705 1078 exultat
724 1034 801 1077 Franc
795 1051 852 1077 scus
868 1034 890 1078 in

125 1095 234 1151 Domino
262 1095 350 1142 vincula
380 1096 438 1142 ridet
465 1106 488 1141 et
517 1096 609 1158 spernit.
654 1097 762 1143 Dolentes
795 1107 891 1158 arguunt

125 1162 286 1208 iocundantem
303 1159 325 1204 in
343 1160 446 1215 vinculis,
463 1160 566 1206 insanum
583 1169 689 1222 reputant
710 1177 735 1205 ac
757 1162 891 1207 dementem.

126 1225 257 1285 Respondet
279 1224 408 1270 Franciscus
430 1224 573 1286 prophetice:
608 1225 634 1270 ln
656 1242 703 1288 quo
730 1225 829 1271 exultare
856 1242 892 1270 me

126 1289 233 1336 creditis?
267 1288 389 1335 Meditatio
406 1289 448 1334 alia
464 1288 540 1335 subest
550 1289 622 1335 adhuc
634 1301 694 1336 sanct
696 1305 722 1335 us
686 1290 843 1336 tadorabor
853 1306 893 1351 per

126 1355 225 1401 seculum
242 1364 323 1401 totum
359 1356 475 1400 Reverai
458 1371 489 1400 sic
505 1364 554 1410 est3
571 1355 690 1427 impletum
702 1366 734 1401 est
746 1371 819 1411 omne,
832 1356 893 1419 quod

127 1419 190 1464 dixit,
224 1418 280 1462 Erat
299 1427 353 1463 tunc
371 1418 429 1463 inter
447 1419 545 1480 reliquos
562 1419 705 1479 concaptivos
722 1419 785 1462 miles
801 1393 893 1481 qbidam

127 1483 243 1545 superbus,
256 1493 278 1528 et
289 1481 372 1544 import
364 1482 423 1528 tabil'
418 1500 436 1527 rs
446 1482 518 1539 valde,
530 1500 598 1546 quem
609 1484 664 1528 dum
676 1494 806 1544 proponunt
817 1500 894 1528 omnes

127 1549 227 1602 abiicere,
244 1547 351 1609 patientia
371 1547 480 1593 Francisci
501 1564 546 1592 non
566 1547 684 1610 frangitur.
718 1547 894 1594 intollerabilem

126 1615 207 1659 tolerat
223 1622 245 1658 et
261 1612 290 1658 ad
306 1629 383 1675 pacem
399 1612 446 1658 eius
463 1622 552 1658 revocat
568 1613 691 1659 universos.
725 1613 800 1675 Capax
822 1615 895 1659 omnis

126 1678 197 1740 gratie
209 1694 247 1722 vas
257 1678 355 1722 electum
367 1679 477 1722 virtutum
489 1678 533 1722 iam
544 1677 644 1738 undique
656 1678 775 1723 karismata
785 1689 866 1725 manat.

78 1817 123 1861 [a-J]
174 1770 322 1859 Liberatus
339 1821 352 1849 a
369 1803 472 1860 vinculis,
488 1804 562 1867 elapso
576 1813 677 1866 tempore
692 1804 788 1859 modico,
804 1804 830 1849 fit
844 1820 897 1867 erga

128 1871 255 1932 indigentes
276 1870 358 1932 pietate
377 1869 499 1932 benignior.
534 1869 620 1915 Firmat
640 1869 683 1914 iam
703 1880 728 1915 ut
746 1887 791 1915 non
810 1881 896 1916 avertat

129 1934 209 1980 faciem
228 1950 290 1979 suam
307 1933 334 1979 ab
351 1933 399 1979 ullo
415 1950 519 1995 paupere,
536 1934 674 1995 quicumque
690 1950 765 1979 amore
782 1934 827 1978 Dei
843 1951 896 1996 pro-

130 2008 223 2059 poneret
234 1999 256 2042 in
267 1999 372 2059 petendo
406 1998 450 2043 Die
461 1999 557 2069 quadam
568 2013 689 2069 pauperem
700 1997 795 2042 militem
806 2008 829 2043 et
840 2014 896 2059 pene

131 2062 218 2108 nudum
236 2061 325 2107 obviam
343 2061 428 2117 habuit,
447 2062 483 2106 cui
500 2071 572 2108 vestes
590 2062 690 2123 proprias
705 2062 791 2106 curiose
803 2072 865 2135 parat
866 2078 896 2118 as,

130 2128 212 2190 quibus
228 2127 293 2173 indut
285 2138 320 2173 tus
337 2138 390 2183 erat,
409 2128 491 2198 pietate
470 2126 642 2182 tadmonitus‚
654 2143 696 2199 pro
710 2126 792 2171 Christ
777 2137 794 2171 tr
805 2127 897 2172 nomine

130 2191 251 2238 liberaliter
268 2191 336 2238 dedit
371 2192 433 2264 Quid
445 2191 520 2237 minus
530 2191 567 2237 hic
578 2208 590 2237 a
601 2191 698 2237 martino
709 2190 749 2236 illo
759 2192 897 2237 sanctissimo

130 2258 214 2319 gessit?
244 2256 369 2317 quodlicet
380 2256 447 2301 unius
458 2256 567 2328 propositi
578 2266 601 2300 et
612 2255 690 2315 operis,
701 2254 798 2310 forent,
793 2272 816 2300 m
828 2256 897 2302 modo

130 2331 206 2365 tamen
218 2319 341 2365 dissimiles.
371 2319 420 2365 Hic
431 2320 493 2379 prius
503 2330 551 2365 vest
553 2335 575 2362 es
577 2334 663 2379 ‚quam
674 2318 782 2380 reliqua,r
784 2319 812 2363 11
824 2319 897 2379 primo

132 2385 189 2431 datis
207 2383 320 2458 omnibus,¹
330 2385 464 2430 vestimenta
479 2382 542 2430 dedit
553 2393 682 2427 extremus:
700 2392 797 2456 uterque
813 2399 898 2445 pauper

131 2460 154 2495 et
176 2449 277 2495 modicus
299 2448 356 2495 vixit
378 2449 401 2494 11
423 2448 505 2505 seculo,
526 2458 621 2510 uterque
646 2447 736 2493 dives
731 2463 844 2510 ingressus
865 2458 899 2493 est

132 2516 211 2561 celum.
253 2514 294 2559 1111
312 2514 383 2570 miles,
402 2513 441 2559 sed
463 2530 553 2576 pauper,
573 2528 693 2575 pauperem
716 2522 777 2557 veste
799 2523 899 2559 truncata

132 2578 239 2637 contexit,
247 2578 288 2625 iste
300 2595 345 2625 non
357 2579 428 2635 miles,
435 2579 473 2625 sed
482 2578 547 2626 dives
559 2594 679 2640 pauperem
690 2577 784 2623 militem
803 2577 899 2640 perfecta

133 2654 194 2690 veste
210 2643 308 2688 vestivit.
342 2644 454 2703 Uterque,
472 2644 555 2688 Christi
571 2642 671 2703 perfecto
688 2642 800 2697 mandato,
813 2643 899 2687 visitari

132 2727 145 2756 a
165 2706 256 2755 Christo
277 2724 317 2769 per
338 2706 448 2753 visionem
470 2707 612 2761 commeruit,
635 2721 692 2750 unus
714 2705 742 2751 de
764 2705 900 2768 perfectione

133 2775 242 2831 laudatus,
254 2774 309 2818 alter
320 2773 348 2819 ad
359 2773 390 2829 id,
403 2773 465 2835 quod
476 2773 559 2829 deerat,
570 2770 741 2835 dignantissime
752 2771 867 2817 invitatus.
