1919 3169
279 86 441 133 LEGENDA
457 87 611 148 nurtoun
799 103 828 149 79

60 182 197 229 obedientias
208 183 349 238 nominavit;
366 192 485 245 utramque
503 183 585 230 bonam
601 182 696 239 dicebat,
706 184 746 230 sed
763 183 827 230 aliam

61 248 176 294 tutiorem.
210 249 326 295 Summam
338 265 391 294 vero
408 259 430 293 et
447 248 469 293 in
486 265 531 311 qua
548 248 615 294 nichil
632 248 722 294 haberet
739 265 789 294 caro
806 260 828 295 et

61 312 158 375 sanguis,
177 312 239 360 illam
256 331 302 361 esse
321 313 432 372 credebat,
451 329 495 376 qua
512 314 588 361 divina
607 314 751 376 inspiratione
770 314 828 360 inter

62 378 162 421 infideles
173 378 219 422 itur
231 380 277 424 sive
289 379 318 423 ob
335 379 490 438 proximorum
507 379 602 433 lucrum,
616 380 662 424 sive
679 380 709 423 ob
726 380 829 439 martyrii

62 441 203 490 desiderium.
249 442 318 489 Hanc
340 457 394 488 vero
418 451 494 503 petere
522 442 620 489 multum
648 442 691 489 deo
720 442 829 490 iudicabat

62 517 183 569 acceptum.

110 604 181 685 Per
196 638 346 683 obedientiam
357 638 433 699 itaque
444 653 495 682 raro
507 639 675 700 preripiendum
686 639 780 695 censuit,
791 652 891 695 necto-ij]

63 703 137 762 primo
148 701 315 747 fulminandum
326 701 433 759 iaculum,
445 703 506 763 quod
518 718 563 747 esse
581 702 670 747 deberet
688 712 830 748 extremum:

63 766 102 812 Ad
113 782 196 823 ensem,
208 765 294 828 inquid,
307 782 352 810 uon
364 765 409 810 cito
420 782 499 811 manus
510 766 621 812 mictenda
630 776 668 812 est.
698 766 760 812 Eum
769 783 830 824 vero,

64 830 103 894 qui
122 841 228 893 precepto
247 829 373 877 obedientie
391 829 482 876 obedire
499 848 545 876 non
563 830 684 889 festinaret,
705 848 745 877 nec
762 830 831 877 deum

64 897 150 952 timere,
162 912 202 940 nec
213 896 328 942 hominem
338 895 442 942 revereri.
476 896 517 942 Nil
534 897 610 942 verius
626 896 689 951 istis;
706 912 757 942 nam
775 897 830 960 quid

64 961 87 1005 in
98 960 217 1005 temerario
227 971 357 1022 preceptore
368 961 486 1006 auctoritas
501 961 633 1022 imperandi,
644 961 687 1005 nisi
704 961 790 1022 gladius
808 962 830 1006 in

64 1040 132 1069 manu
140 1024 221 1068 furiosi
232 1025 241 1069 ἒ
273 1025 338 1076 Quid
349 1040 403 1068 vero
419 1025 555 1086 desperatius
566 1025 671 1088 religioso
682 1025 831 1070 obedientiam

64 1090 251 1150 contempnente?

110 1185 258 1276 Hblatum
269 1218 365 1281 quadam
377 1217 425 1263 vice
437 1218 552 1279 caputium
563 1217 635 1274 fratri,
647 1217 685 1279 qui
697 1218 744 1263 sine
755 1217 900 1268 obedi-[U·11J]

66 1287 126 1330 entia
143 1284 204 1331 solus
222 1292 321 1337 venerat,
340 1282 363 1325 in
380 1297 462 1343 magno
481 1283 533 1342 igne
552 1281 632 1342 proiici
651 1281 720 1326 iubet.
760 1282 834 1326 Nullo

67 1360 143 1396 autem
178 1346 304 1392 excutiente
339 1345 461 1407 caputium,
496 1344 631 1391 verebantur
668 1344 728 1390 enirn
766 1346 834 1407 patris

67 1416 157 1461 vultum
177 1429 297 1476 parumper
317 1420 465 1469 commotum,
484 1409 547 1457 iubet
566 1409 621 1456 illud
639 1421 729 1455 sanctus
748 1410 877 1457 detrahiFol·
888 1424 911 1463 74

68 1479 164 1524 flammis
183 1477 252 1523 nichil
270 1475 360 1521 lesionis
379 1475 493 1535 adeptum.
533 1475 588 1520 Hoc
607 1474 648 1520 etsi
667 1475 747 1519 merita
765 1476 834 1520 sancti

67 1543 189 1603 potuerint,
208 1540 307 1586 fortassis
329 1549 352 1584 et
374 1538 433 1584 illius
452 1538 526 1584 fratris
548 1555 593 1583 non
616 1536 688 1584 defuit
710 1539 834 1594 meritum3

67 1608 181 1653 evinxerat
197 1605 258 1650 enim
275 1621 326 1649 eum
343 1603 435 1647 devotio
451 1602 542 1647 videndi
559 1612 646 1665 patrem
663 1603 835 1661 sanctissimum,

68 1673 119 1718 licet
131 1671 235 1718 discretio
247 1686 292 1716 non
303 1667 488 1729 adfueritauriga
499 1668 546 1713 sola
557 1668 675 1715 virtutum.

128 1816 226 1864 Dentis,
241 1814 279 1864 qui
292 1813 384 1862 bonum,
398 1812 434 1853 vel
447 1811 532 1852 malum
546 1811 676 1861 exemplum
690 1811 785 1861 prebent

117 1900 287 1993 „Hffirmabat
299 1926 403 1973 Minores
413 1925 493 1972 fratres
504 1925 627 1973 novissimo
639 1934 742 1989 tempore
753 1926 870 1975 idcireotvt

70 2017 83 2045 a
101 1999 195 2046 domino
217 1995 303 2050 missos,
324 2003 349 2038 ut
370 2002 513 2053 peccatorum
532 1991 647 2037 obvolutis
668 1991 761 2053 caligine
782 1993 838 2038 lucis

70 2065 171 2126 exempla
182 2067 340 2107 monstrarent.
374 2056 514 2103 Suavissimis
525 2056 612 2102 dicebat
627 2072 649 2101 se
665 2056 745 2117 repleri
762 2058 839 2103 odori-

71 2129 112 2173 bus
123 2138 146 2174 et
156 2124 266 2187 unguenti
275 2121 366 2183 pretiosi
374 2121 460 2165 virtute
470 2120 537 2177 liniri,
545 2136 596 2165 cum
605 2130 733 2165 sanctorum
742 2120 838 2166 fratrum

71 2210 110 2255 per
127 2191 204 2237 orbem
220 2186 353 2233 distantium
370 2183 473 2230 audiebat
492 2183 608 2246 magnalia.
641 2183 730 2229 Accidit
746 2184 838 2230 fratrem

72 2257 192 2320 quemdam
202 2252 321 2299 barbarum
333 2249 424 2295 nomine
435 2265 511 2295 coram
519 2249 618 2311 quodam
628 2247 719 2310 [milite]
728 2249 756 2295 de
764 2250 839 2296 insula

74 2322 137 2383 Cipri
148 2318 217 2365 semel
233 2319 255 2362 in
269 2315 362 2360 fratrem
379 2313 448 2358 alium
465 2314 561 2359 verbum
578 2314 655 2358 iactare
671 2313 759 2369 iniurie,
771 2331 838 2375 quem

73 2401 125 2429 cum
137 2386 174 2444 [ex
185 2399 212 2428 eo
223 2377 348 2438 turbatum]
360 2377 524 2438 aliquantulum
536 2387 633 2421 cerneret
644 2375 744 2432 fratrem,
753 2378 839 2422 asinino

72 2459 170 2493 stercore
186 2454 282 2508 sumpto,
295 2443 318 2488 in
335 2440 418 2486 suimet
435 2456 538 2486 accensus
555 2440 677 2487 vindictam
695 2440 729 2485 ori
747 2441 839 2503 proprio

73 2512 234 2559 conterendum
252 2505 357 2555 immictit
374 2505 466 2551 dicens:
488 2505 577 2551 Stercus
596 2506 745 2552 commasticet
762 2507 840 2568 lingua

74 2594 118 2640 que
128 2578 152 2623 in
164 2577 256 2622 fratrem
267 2587 342 2619 meum
353 2570 466 2617 iracundie
477 2586 590 2616 venenum
603 2568 690 2615 effudit.
723 2571 840 2632 Aspiciens

74 2643 117 2686 hoc
128 2642 199 2698 miles,
210 2651 300 2700 stupore
316 2635 424 2681 attonitus
440 2635 537 2679 nimium
554 2634 691 2688 hedificatus‚
703 2635 802 2680 discessit
818 2648 840 2681 et

74 2715 166 2751 extunc
177 2721 199 2750 se
211 2714 233 2749 et
244 2719 283 2749 sua
292 2697 412 2746 liberaliter
420 2697 517 2743 fratrum
525 2697 636 2744 voluntati
647 2698 756 2758 exposuit.
786 2698 840 2745 Hoc

75 2787 153 2817 omnes
171 2768 250 2815 fratres
271 2762 416 2813 infallibiliter
437 2779 465 2808 ex
486 2779 548 2809 more
569 2760 730 2820 servabantur
751 2762 769 2809 si
791 2763 841 2826 quis

75 2852 152 2882 eorum
164 2834 226 2881 alteri
235 2832 330 2879 verbum
339 2828 475 2892 quandoque
486 2827 619 2874 turbationis
630 2825 728 2886 inferret,
738 2829 841 2890 protinus
