1919 3169
168 98 198 138 44
353 80 554 128 TRACTATUS
571 81 743 129 SECUNDUS

71 222 164 261 [A-Lxlv]
208 218 241 259 De
250 218 432 259 renuntiantibus
441 220 520 259 seculo
529 222 552 260 et
561 220 692 268 exemplum
701 221 828 270 cuiusdam,
838 223 877 270 qui
890 233 934 262 sua

167 269 306 321 parentibus,
316 281 362 312 non
371 269 516 321 pauperibus,
526 270 611 321 tribuit,
621 282 689 321 quem
695 275 791 313 sanctus
798 271 933 322 reprobavit·

212 352 342 440 Docebat
359 396 447 431 sanctus
468 386 583 433 venientes
604 385 632 431 ad
654 385 756 433 ordinem
775 397 826 433 ante
846 389 935 434 tradere

168 453 254 498 mundo
265 449 365 495 libellum
377 449 473 512 repudij,
484 451 547 510 prius
561 449 672 506 suasoris,
683 460 760 511 postea
775 468 798 496 se
814 452 875 497 intus
891 453 934 498 deo

168 515 254 561 offerre.
288 513 386 558 Nonnisi
395 515 548 575 expropriatos
558 524 580 559 et
591 514 659 558 nichil
672 516 760 575 penitus
776 517 895 560 retinentes
906 516 934 561 ad

168 580 270 626 ordinem
288 575 430 634 admittebat,
441 588 498 634 tum,
512 588 604 640 propter
623 576 716 623 verbum
732 579 802 624 sancti
818 580 934 643 evangelii,

168 655 225 703 tum,
236 661 264 689 ne
274 642 349 688 forent
359 643 383 687 in
393 642 522 688 scandalum
532 642 599 688 loculi
609 643 723 689 reservati.

215 707 347 769 Contigitin
355 707 609 761 Marchiahnconitana,
616 717 668 769 post
676 707 849 769 predicationem
856 709 933 764 sancti,

168 773 244 820 venire
254 771 374 836 quemdam
386 770 413 816 ad
424 771 498 834 ipsum
509 771 623 817 humiliter
631 772 750 818 introitum
760 773 845 819 ordinis
854 783 934 835 postu-

167 837 250 881 lantem
260 852 266 890 3
283 836 311 880 ad
319 853 385 897 quem
392 846 479 880 sanctus
489 853 494 879 ι
513 836 535 880 Si
544 837 577 881 vis
586 836 622 881 dei
629 837 762 897 pauperibus
773 837 844 899 iungi,
853 837 934 883 mundi

167 900 300 963 pauperibus
314 900 375 961 prius
391 909 431 944 tua
446 898 561 945 distribue.
595 898 650 950 Quo
667 899 752 954 audito,
763 901 849 961 perexit
865 900 935 946 homo

167 976 190 1011 ct
201 966 282 1011 ductus
294 979 368 1010 amore
379 963 465 1018 carnali,
479 979 518 1008 sua
531 963 576 1008 suis
591 963 694 1024 dispersit
705 964 817 1028 nichilque
832 966 935 1027 pauperi-

167 1030 215 1076 bus.
249 1030 344 1085 Factum
361 1037 401 1086 est,
418 1044 470 1073 cum
487 1027 569 1073 rediret
587 1038 609 1073 et
627 1027 740 1074 liberalem
761 1029 821 1075 illam
842 1030 934 1075 munih-

167 1096 263 1140 centiam
282 1103 358 1137 sancto
375 1092 474 1146 referret,
492 1092 585 1137 irridens
606 1103 669 1152 pater
690 1093 761 1139 dixit:
789 1094 852 1140 Vade
873 1095 933 1140 viam

167 1168 236 1212 tuam,
256 1157 325 1202 frater
343 1172 424 1212 musca,
446 1156 551 1217 quoniam
570 1155 672 1200 nondum
693 1156 758 1201 existi
774 1156 801 1202 de
820 1157 889 1202 domo
911 1168 933 1202 et

168 1221 301 1287 cognatione
319 1231 364 1267 tua.
405 1219 582 1283 Consanguineis
600 1229 638 1265 tua
657 1220 738 1267 dedisti
758 1231 780 1266 et
799 1220 934 1268 defraudasti

167 1304 280 1350 pauperes,
302 1286 384 1347 dignus
405 1302 450 1331 non
473 1301 495 1330 es
516 1283 649 1346 pauperibus
675 1286 773 1341 sanctis3
800 1286 901 1348 incepisti
922 1304 935 1333 a

168 1368 239 1410 carne,
255 1351 374 1396 ruinosum
392 1349 565 1395 fundamentum
583 1349 692 1410 spirituali
711 1349 793 1395 fabrice
813 1350 932 1396 collocasti.

168 1417 244 1461 Rediit
254 1413 354 1459 animalis
365 1413 434 1457 homo
445 1413 473 1458 ad
489 1428 541 1457 suos
557 1422 579 1457 et
596 1421 681 1471 repetet
692 1429 739 1471 sua,
751 1430 794 1476 que
801 1414 934 1475 pauperibus

168 1478 321 1541 derelinquere
331 1475 419 1532 nolens,
431 1475 523 1522 virtutis
533 1476 675 1537 propositum
685 1476 751 1521 citius
762 1477 893 1541 dereliquid.

81 1615 163 1657 [ll-LXV]
208 1616 242 1658 De
253 1614 353 1666 quadani
366 1613 458 1658 visione,
472 1622 517 1662 que
529 1610 583 1653 facit
592 1611 621 1652 ad
632 1614 792 1663 paupertatem
801 1612 845 1654 sub
858 1613 933 1655 cuius-

168 1669 220 1710 dam
234 1667 325 1708 domine
339 1665 471 1707 methafora.

213 1748 310 1837 Biha
330 1779 366 1826 hic
387 1778 458 1824 sancti
479 1777 589 1822 visionem
610 1776 692 1822 referre
710 1779 817 1824 memoria
834 1779 932 1841 dignam,

168 1850 242 1894 Nocte
250 1843 935 1909 quadam,longatandemorationeconclusa,lentes0poratus

167 1912 288 1958 obdormit.
325 1908 481 1955 lntroducitur
495 1907 568 1952 anima
578 1907 615 1952 illa
626 1907 689 1953 beata
700 1909 722 1953 in
733 1910 884 1954 sanctuarium
897 1910 933 1955 dei

167 1976 274 2038 videtque
284 1989 324 2035 per
335 1987 463 2032 sompnum,
474 1972 532 2015 inter
547 1971 595 2025 alia,
607 1971 723 2016 dominam
735 1973 855 2033 quamdam
866 1974 897 2017 sic
911 1990 934 2017 se

167 2041 293 2093 habentem,
316 2037 387 2097 capud
414 2051 507 2080 aureum
533 2033 658 2090 videbatur,
680 2045 784 2097 argentea
808 2046 886 2096 pectus
910 2046 933 2082 et

167 2102 274 2159 bracchia,
292 2111 370 2147 venter
386 2098 534 2144 christallinus
549 2108 572 2145 et
588 2098 691 2159 deinceps
708 2100 731 2144 in
747 2099 830 2144 infimis
846 2099 933 2155 ferrea3

167 2170 211 2215 alta
221 2178 268 2214 erat
278 2176 371 2221 statura,
383 2163 459 2209 subtili
474 2179 579 2225 compage
595 2181 607 2208 a
621 2165 699 2225 regula
714 2174 827 2225 coaptata;
843 2182 934 2210 verum-

168 2244 219 2288 tam,
240 2231 329 2293 egregie
350 2229 431 2282 forme,
453 2228 544 2272 domina
565 2228 672 2272 mantello
696 2228 788 2273 sordido
810 2229 931 2290 tegebatur.

167 2298 238 2344 Mane
259 2308 352 2356 surgens
371 2291 447 2336 beatus
469 2300 538 2353 pater,
555 2299 631 2335 sancto
649 2290 735 2336 homini
754 2290 818 2336 fratri
837 2293 933 2338 Pacifico

167 2362 246 2409 recitat
253 2359 370 2412 visionem,
381 2373 427 2402 non
438 2365 512 2400 tamen
524 2355 621 2401 elucidat
632 2356 694 2418 quod
705 2356 830 2417 portendat.
866 2356 933 2403 Hanc

167 2428 209 2473 etsi
226 2423 292 2472 multi
310 2423 396 2468 fuerint
414 2421 552 2482 interpretati
569 2436 610 2482 pro
627 2419 700 2478 libitu,
717 2438 762 2467 non
781 2422 807 2467 ab
824 2438 848 2467 re
866 2423 933 2469 credo

168 2491 262 2553 predicti
274 2488 361 2536 Pacifici
372 2486 578 2547 interpretationem
590 2496 671 2540 tenere,
683 2502 750 2549 quam
761 2486 784 2531 in
795 2487 845 2548 ipso
855 2487 934 2533 auditu

168 2554 279 2617 suggessit
291 2553 311 2597 ei
323 2552 418 2611 Spiritus
434 2559 528 2593 sanctus.
562 2549 622 2604 Hec,
639 2551 726 2611 inquid,
737 2551 829 2596 domina
845 2553 933 2611 egregie

168 2618 248 2672 forme,
261 2615 360 2662 formosa
377 2613 450 2659 anima
466 2612 534 2658 sancti
546 2612 656 2658 Francisci
670 2623 720 2658 est:
741 2612 820 2675 Capud
833 2630 931 2671 aureum,

168 2681 326 2744 contemplatio
348 2688 371 2724 et
394 2676 499 2739 sapientia
523 2687 667 2724 eternorum:
692 2687 769 2740 pectus
790 2688 813 2725 et
835 2679 933 2726 bracchia

167 2750 196 2796 de
217 2755 315 2808 argento,
338 2743 427 2806 eloquia
448 2742 484 2787 dei
507 2751 567 2796 sunt,
591 2743 657 2788 corde
684 2743 791 2788 meditata
817 2754 839 2789 et
867 2760 932 2804 opere

167 2812 298 2872 adimpleta:
312 2808 384 2871 rigida
391 2806 522 2861 christallus
530 2805 801 2869 sobrietatem,splendida
809 2808 933 2854 castitatem
