1919 3169
120 43 147 86 11
334 38 494 86 11111111
510 40 669 100 numqua

117 139 217 196 effectus,
229 137 339 195 sacerdos,
350 136 378 183 ad
389 152 457 199 quem
469 137 559 184 ecclesia
574 137 706 202 pertinebat,
718 154 808 184 cernens
819 137 884 184 illum

118 205 206 249 assidua
238 203 370 262 fatigatione
396 203 508 256 attritum,
535 204 618 263 pietate
646 213 771 263 permotus,
792 203 885 262 'aliquid

118 266 237 328 singularis
259 266 332 312 victus
352 265 404 309 licet
425 281 471 310 non
493 266 572 328 sapidi,
595 266 648 328 quia
671 282 763 328 pauper,
786 265 844 327 cepit
865 264 885 308 ei

119 332 212 379 cottidie
220 330 345 376 ministrare
356 345 362 385 ;
379 329 419 391 qui
431 331 552 377 sacerdotis
560 330 718 378 discretionem
726 330 886 376 commendans

118 407 141 442 et
163 398 267 459 pietatem
290 395 433 455 amplectens,
456 411 502 441 non
524 397 623 441 invenies
650 396 789 442 sacerdotem
816 396 885 440 istum

120 461 204 522 ubique
215 459 243 504 ad
254 460 401 520 semetipsum
412 460 447 514 ait,
461 461 500 522 qui
512 477 599 521 semper
610 461 650 505 tibi
661 461 713 505 talia
724 459 886 505 subministret.

119 525 174 569 Non
183 532 216 568 est
232 523 272 566 hec
289 523 335 566 vita
346 523 443 567 hominis
459 534 614 585 paupertatem
631 524 772 585 profitentis:
791 539 837 568 nou
848 538 887 568 ex—

120 590 201 661 peditt
193 587 232 633 tibi
244 603 367 632 assuescere
383 598 406 632 ta
406 587 477 634 libus:
495 589 603 647 paulatim
614 589 642 635 ad
654 599 783 661 contempta
798 586 887 642 redibis,

119 653 201 698 iterum
212 650 239 696 ad
251 650 318 696 delict
310 662 331 696 ta
342 650 464 713 perefflues
498 653 585 715 Surgo
581 670 624 698 ram
635 652 731 725 impiger
742 663 765 698 et
773 650 887 697 hostiatim

34 690 80 765 Fol.
93 724 115 766 16
120 727 169 765 coc
171 734 182 764 a
160 716 273 764 tcibaria
285 715 415 778 [mendica]
449 717 480 763 Et
492 717 584 764 diversis
601 717 692 764 ferculis
707 733 798 764 cernens
813 732 888 779 paras-

120 783 192 828 sidem
208 782 305 841 pl,enam
316 782 409 826 horrore
426 781 500 852 primo
517 783 649 854 percutitur,
661 784 699 829 sed
716 783 752 828 dei
768 790 888 827 memoret

121 847 155 890 sui
167 846 245 898 victor,
259 844 315 888 illud
323 860 375 888 cum
387 845 477 904 spiritus
489 845 525 888 del
518 847 636 890 lectatione
648 846 774 891 manducat.
803 845 888 890 Omnia

121 909 177 955 lenit
187 926 250 954 amor
261 918 284 953 et
294 925 361 953 omne
372 907 439 953 dulce
450 906 501 953 facit
513 926 621 955 amarum.

56 1030 118 1071 W]
166 1004 326 1091 Bernartius
337 1035 429 1097 quidam
441 1036 469 1081 de
487 1036 577 1082 civitate
593 1037 668 1092 assisii,
680 1037 720 1099 qui
737 1046 814 1098 postea
829 1036 889 1081 filius

122 1099 166 1145 fuit
177 1100 330 1161 perfectionis,
343 1117 395 1145 cum
412 1101 454 1144 viri
471 1101 507 1144 dei
522 1101 625 1162 exemplo
642 1102 771 1161 disponeret
787 1099 888 1146 seculum

121 1164 220 1225 perfecte
232 1173 397 1225 contempnere,
407 1164 524 1222 consilium
536 1164 583 1210 eius
590 1165 685 1226 supplex
692 1165 799 1225 exposcit.
829 1165 889 1210 Con-

122 1228 207 1276 sultans
218 1229 287 1291 igitur
299 1246 352 1276 eum
363 1229 394 1276 sic
404 1228 435 1275 ait
446 1248 450 1275 ι
468 1229 556 1292 Siquis,
569 1249 583 1277 o
600 1241 670 1292 pater,
681 1228 739 1283 bona
756 1228 889 1293 cuiusquam

122 1295 209 1340 domini
219 1294 289 1356 longo
300 1306 402 1355 tempore
413 1294 546 1355 possedisset
558 1306 580 1339 et
592 1295 663 1340 nollet
679 1295 716 1340 illa
732 1296 828 1340 retinere
845 1295 888 1339 iam

121 1359 223 1420 amplius
234 1358 290 1422 quid
302 1358 329 1404 de
340 1358 383 1404 illis
393 1358 515 1420 perfectius
523 1358 581 1405 foret
590 1360 718 1421 agendum?
748 1359 890 1421 Resignanda

122 1440 168 1468 esse
180 1433 258 1468 cuncta
268 1422 362 1467 domino
377 1439 450 1478 suo,a
467 1439 514 1484 quo
531 1423 568 1467 illa
585 1434 703 1484 receperat,
721 1424 836 1484 respondit
854 1424 889 1468 vir

122 1489 165 1533 dei.
198 1487 230 1533 Et
248 1487 373 1532 Bernardus
392 1488 421 1532 ad
438 1503 508 1531 eum:
527 1487 646 1545 Universa,
659 1504 703 1549 que
720 1487 797 1559 habeo,
817 1504 829 1531 a
846 1487 889 1533 deo

122 1552 177 1598 mihi
188 1552 240 1599 data
257 1567 375 1614 cognosco,
388 1567 432 1614 que
450 1551 477 1596 ad
496 1550 573 1596 111111
566 1567 614 1597 111
632 1562 698 1598 tuum
716 1552 826 1614 resignare
844 1550 888 1597 iarn

121 1618 163 1663 sibi
174 1618 252 1663 assisto
263 1626 358 1679 paratus
394 1617 416 1662 Si
433 1616 492 1662 dicta
470 1617 591 1678 t,inquid
608 1628 669 1662 sanct
671 1635 704 1673 us,
716 1617 779 1663 factis
778 1614 889 1726 lprobare

122 1682 227 1739 volueris,
239 1698 329 1727 summo
340 1697 404 1726 mane
415 1681 525 1726 intremus
534 1682 646 1727 ecclesiam
658 1692 680 1726 et
692 1682 785 1744 evangel
787 1682 802 1726 ir
796 1682 889 1727 codice

124 1759 222 1808 sumpto,
234 1765 246 1791 a
258 1747 304 1791 chri
306 1757 341 1792 sto
353 1763 473 1808 queramus
485 1746 612 1792 consilium

169 1811 296 1855 Intrantt
279 1820 354 1882 rtaque
373 1810 495 1866 eccesiam,
513 1826 578 1855 mane
600 1811 643 1856 iam
661 1810 722 1856 facto
744 1810 890 1856 etoratione

123 1876 204 1922 devote
182 1885 334 1937 t,premrssa
346 1875 481 1948 evangelul
450 1873 556 1920 ilibrum
575 1876 685 1948 aperiunt,
704 1875 848 1937 disponentes
866 1873 889 1921 id

123 1939 199 1997 facere,
211 1941 274 2001 quod
292 1940 378 1985 consilii
396 1940 495 2000 primum
513 1941 615 1986 occurrit.
650 1940 771 2001 Aperuitl
764 1939 848 1985 librum
867 1949 889 1983 et

124 2005 243 2049 consilium
260 2020 327 2047 suum
338 2004 409 2064 aperit
421 2003 525 2048 Christus
537 2021 541 2047 :
561 2005 583 2061 §i
594 2005 628 2048 vis
641 2005 753 2063 perfectus
769 2020 822 2058 esse,
834 2004 890 2049 vade

124 2079 146 2114 et
157 2067 229 2113 vende
246 2067 328 2124 omnia,
345 2083 389 2130 que
406 2065 473 2110 habes
489 2076 511 2110 et
528 2067 556 2111 da
572 2066 715 2129 pauperibus.
748 2066 850 2112 Secundo
866 2066 890 2110 id

123 2132 232 2196 replicant
251 2142 273 2176 et
292 2132 360 2177 nichil
378 2130 474 2176 tuleritis
489 2131 511 2176 in
528 2131 572 2185 via,
590 2131 693 2178 occurrit.
735 2132 832 2177 Addunt
848 2132 891 2176 hoc

123 2198 207 2243 iterum
226 2206 248 2241 et
267 2198 307 2259 qui
326 2196 377 2242 vult
397 2196 473 2241 venire
491 2206 543 2256 post
561 2212 603 2253 me,
623 2196 718 2258 abneget
736 2197 890 2258 semetipsum,

124 2262 250 2308 inveniunt.
300 2260 396 2323 Absque
428 2262 570 2306 cunctatione
598 2261 639 2307 hec
666 2261 741 2306 omnia
768 2260 891 2306 bernardus

124 2327 239 2387 adimplet,
257 2342 296 2370 nec
316 2325 401 2370 consilii
421 2325 488 2370 huius
507 2325 544 2369 vel
562 2342 635 2370 unum
654 2327 700 2370 iota
719 2326 890 2386 transgreditur.

125 2391 224 2435 Convert
216 2399 294 2434 tuntur
314 2407 326 2433 1
345 2387 505 2433 mordacissimi
499 2404 517 2432 rs
536 2390 594 2434 curis
613 2389 693 2434 mundi
710 2398 811 2450 tempore
829 2389 891 2434 brevi

126 2455 270 2519 quamplures
282 2464 304 2500 et
319 2453 347 2499 ad
364 2453 479 2498 infinitum
495 2453 588 2512 bonum,
600 2453 658 2499 duce
674 2452 806 2511 francischo,
818 2470 890 2500 rever

125 2530 204 2566 tuntur
226 2519 249 2564 in
271 2520 372 2580 patriam.
406 2518 513 2580 Longum
532 2529 593 2566 esset
615 2519 643 2565 de
665 2519 758 2581 singulis
780 2520 890 2582 persequi,

125 2585 221 2647 qualiter
237 2583 340 2630 bravium
358 2599 453 2644 superne
469 2583 593 2630 vocationis
609 2584 739 2673 attigerunt

69 2724 99 2766 [a
69 2724 121 2766 [11]
171 2678 409 2786 611111111111111
425 2712 544 2774 petendam
562 2713 608 2758 vite
626 2729 666 2773 sue
683 2712 791 2786 regulam,
803 2729 826 2756 se
841 2729 892 2757 cum

126 2779 180 2836 suis,
192 2793 266 2825 coram
277 2794 333 2841 papa
345 2776 474 2824 innocentio
482 2778 626 2840 presentavit,
634 2794 686 2823 cum
697 2778 745 2823 cius
756 2794 823 2839 supra
833 2778 893 2824 vires
