1919 3169
112 96 143 159 96
299 96 502 145 TRACTATUS
519 96 694 143 SECUNDUS

110 195 249 257 persolvebat
266 194 350 250 laudes,
365 194 474 241 fundebat
491 196 574 256 preces,
587 193 694 240 offerebat
712 194 803 242 affectus
821 203 878 258 quot

110 270 134 306 et
148 262 245 323 qualiter
258 260 356 305 humana
370 275 473 321 promere
487 259 564 323 lingua
581 275 627 303 non
644 269 724 320 posset.
758 261 800 305 Sed
815 258 878 321 quod

110 323 201 372 letificat
227 323 359 389 plurimum,
387 324 473 371 ordinis
499 324 630 370 advocatam
657 324 727 385 ipsam
751 323 877 380 constituit,

111 392 203 453 suisque
214 392 252 436 alis
263 406 321 452 quos
331 389 451 435 relicturus
459 400 505 435 erat
513 389 570 435 filios
579 405 651 451 usque
659 389 682 434 in
691 388 758 434 finem
767 387 877 434 fovendos

111 465 134 500 et
144 453 294 516 protegendos
304 452 414 499 submisit.
448 454 491 499 Eia
505 469 629 515 pauperum
645 454 759 509 advocata,
770 454 838 514 imple
854 453 878 499 in

111 518 175 563 nobis
185 518 273 564 tutricis
284 516 382 562 offitium
394 534 466 580 usque
477 518 504 564 ad
516 518 647 578 prefinitum
658 527 748 578 tempus
759 534 771 563 a
781 528 850 578 patre.

26 671 104 720 [A-cax]
150 663 185 705 De
196 662 315 705 devotione
326 662 355 703 ad
365 664 514 705 natavitatem
527 662 612 704 domini
624 665 647 705 et
660 662 775 713 quomodo
787 661 877 705 volebat

110 718 165 758 tunc
178 714 284 758 omnibus
297 714 418 758 subveniri.
849 729 850 732 ¹

155 792 330 881 nativitatem
339 826 402 886 pueri
412 827 464 872 Iesu
471 842 509 888 pre
516 826 563 871 aliis
570 826 763 887 solempnitatibus
771 825 877 870 ineffabili

109 891 221 937 alacritate
232 890 324 945 colebat,
336 890 422 938 festum
436 901 564 938 sanctorum
580 907 659 950 asseris,
672 908 719 955 quo
734 891 789 936 deus
805 889 878 935 infans

110 956 218 1016 parvulus
236 954 309 1001 factus
330 956 358 1002 ad
380 955 449 1001 ubera
470 956 576 1018 pependit
597 956 701 1001 humana.
735 955 877 1001 infantilium

109 1020 202 1067 illorum
215 1019 370 1067 membrorum
382 1021 496 1081 ymagines
506 1020 608 1066 famelica
621 1021 756 1083 cogitatione
767 1019 878 1065 lambebat

109 1094 132 1128 et
143 1083 240 1146 eliquata
250 1100 322 1145 puero
333 1085 457 1144 compassio
468 1084 491 1129 in
503 1101 541 1128 cor
554 1101 622 1129 suum
635 1085 703 1130 etiam
719 1085 785 1130 verba
803 1085 878 1130 dulce-

109 1146 167 1194 dinis
178 1147 272 1195 faciebat
283 1165 344 1194 more
355 1148 478 1195 infantium
489 1147 605 1194 balbutire.

158 1213 259 1277 Eratque
277 1212 318 1258 sibi
336 1213 379 1259 hoc
398 1214 509 1277 nonquasi
527 1215 571 1258 mel
589 1223 612 1258 et
627 1213 692 1259 favus
710 1228 773 1258 more
788 1213 878 1259 volebat

109 1279 151 1323 hoc
166 1279 202 1323 die
217 1293 326 1340 pauperes
342 1288 364 1323 et
380 1278 494 1323 famelicos
509 1289 532 1323 et
545 1296 557 1323 a
568 1277 677 1324 divitibus
687 1277 788 1334 saturari,
800 1289 823 1324 et
838 1295 876 1323 an-

109 1358 192 1388 nonam
214 1352 236 1389 et
255 1341 346 1388 frenum
368 1341 418 1403 plus
441 1342 507 1387 solito
529 1340 601 1387 bobus
623 1352 646 1386 et
667 1341 733 1385 asinis
755 1341 875 1403 indulgeri.

110 1407 132 1453 Si
154 1406 251 1464 locutus,
268 1407 298 1452 ait
320 1406 393 1463 fuero,
415 1406 544 1469 imperatori
567 1407 697 1468 supplicabo
725 1408 876 1453 constitutum

111 1473 158 1518 fieri
180 1470 288 1535 generale,
306 1482 332 1517 ut
351 1487 435 1529 omnes,
452 1472 492 1533 qui
514 1482 614 1533 possunt,
632 1471 746 1518 frumenta
766 1483 788 1518 et
810 1488 878 1534 grana

111 1553 150 1599 per
171 1537 217 1582 vias
238 1536 370 1598 prohiciant‚
392 1547 418 1582 ut
440 1537 476 1582 die
497 1547 558 1582 tante
580 1536 742 1598 solempnitatis
762 1536 881 1583 abundent

111 1601 204 1657 avicule‚
215 1601 319 1661 precipue
335 1617 421 1645 sorores
437 1600 522 1646 alaude.
555 1601 695 1661 Paupercula
711 1602 776 1662 virgo
794 1612 878 1663 quanta

111 1666 150 1711 illo
161 1666 197 1712 die
207 1663 277 1711 fuerit
287 1665 440 1710 circumventa
449 1664 548 1725 penuria,
560 1682 604 1709 non
617 1665 663 1709 sine
679 1665 781 1727 lacrymis
797 1665 877 1710 recole-

112 1729 149 1777 bat
161 1746 166 1787 ;
184 1728 269 1776 sedenti
280 1745 377 1792 namque
388 1728 416 1776 ad
427 1729 546 1792 prandium
562 1728 597 1775 die
610 1729 707 1792 quadam
723 1739 878 1792 paupertatem

112 1795 175 1841 beate
186 1795 278 1858 virginis
288 1805 450 1839 commemorat
464 1795 557 1857 quidam
568 1795 636 1840 frater
649 1805 672 1840 et
686 1795 761 1840 christi
776 1795 814 1858 filij
831 1796 878 1842 eius

111 1861 210 1920 inopiam
231 1859 339 1919 replicat3
364 1859 468 1919 protinus
487 1859 559 1920 surgit
578 1876 591 1904 a
609 1876 690 1915 mensa,
712 1859 825 1921 singultus
844 1860 878 1906 in-

111 1924 210 1986 geminat
222 1923 339 1970 dolorosos
349 1933 372 1967 et
382 1921 477 1985 perfusis
487 1922 590 1986 lacrymis
605 1939 672 1984 supra
685 1923 770 1974 nudam
781 1925 878 1969 humum

111 1988 225 2051 reliquum
244 2005 324 2051 panem
341 1990 468 2034 manducat.
502 1988 558 2034 inde
579 1989 635 2035 hanc
651 1988 761 2036 virtutem
778 1988 879 2052 reginam

112 2070 159 2099 esse
170 2054 262 2109 dicebat,
274 2069 318 2115 que
332 2053 355 2098 in
366 2068 418 2114 rege
430 2062 453 2097 et
463 2053 539 2115 regina
552 2063 598 2098 tam
613 2054 764 2114 preminenter
779 2054 878 2109 effulsit3

113 2135 165 2163 nam
176 2128 198 2162 et
209 2116 387 2164 consultantibus
398 2118 421 2162 in
432 2118 531 2163 conclavi
544 2117 649 2164 fratribus
664 2134 708 2178 que
718 2119 792 2164 virtus
809 2119 879 2180 magis

112 2183 209 2228 amicum
220 2180 324 2227 redderet
335 2181 426 2236 christo,
438 2181 499 2242 quasi
514 2191 625 2225 secretum
641 2183 676 2226 sui
691 2183 763 2227 cordis
781 2184 879 2242 aperiens

112 2245 277 2309 respondebat3
305 2245 462 2307 Paupertatem
490 2246 585 2301 noveris,
613 2246 651 2301 fili,
675 2247 792 2308 specialem
820 2247 878 2292 viam

113 2311 198 2369 salutis,
209 2312 273 2358 cuius
283 2320 317 2356 est
328 2309 416 2356 fructus
427 2310 545 2372 multiplex
556 2320 578 2356 et
589 2312 665 2372 paucis
676 2312 811 2359 notissimus.

23 2472 111 2514 [n-caxJ]
241 2500 243 2503 ,
293 2455 327 2498 De
340 2454 459 2498 devotione
473 2455 502 2498 ad
516 2467 599 2507 corpus
612 2456 703 2500 domini.

160 2531 309 2626 Elagrabat
321 2579 374 2624 erga
385 2574 548 2609 sacramentum
559 2563 665 2609 dominici
679 2566 777 2626 corporis
793 2564 881 2612 fervore

115 2632 218 2677 omnium
240 2626 399 2681 medullarum,
421 2628 509 2688 stupori
530 2629 668 2688 permaximo
689 2629 772 2675 habens
793 2630 880 2676 charam

115 2695 176 2739 illam
186 2692 341 2754 dignationem
354 2700 377 2734 et
390 2691 566 2750 dignatissimam
579 2692 699 2737 caritatem.
733 2694 828 2739 Missam
844 2696 881 2740 vel

115 2759 205 2805 unicam
216 2772 262 2802 non
273 2755 350 2800 audire
368 2754 455 2810 cotidie,
467 2755 484 2800 si
495 2766 589 2811 vacaret,
601 2771 646 2801 non
658 2772 753 2818 parvum
764 2757 881 2818 reputabat

116 2832 289 2885 contemptum
306 2836 357 2883 sepe
376 2819 553 2867 communicabat
571 2830 594 2867 et
611 2829 658 2867 tam
675 2821 763 2880 devote,
783 2831 809 2869 ut
828 2822 881 2871 alios
