1919 3169
155 94 198 146 128
333 89 535 147 TRACTATUS
552 90 729 141 SECUNDUS

62 192 148 239 F01·30'⁰
154 206 182 234 ne
200 201 303 235 sanctum
320 190 364 235 Dei
383 190 528 237 Franciscurn
545 207 610 251 posse
627 190 700 238 filium
715 202 780 237 tuum
796 208 808 236 1
823 191 919 237 mortuis

153 254 259 300 suscitare
275 264 368 316 propter
384 270 484 300 amorem
503 271 571 317 quem
590 272 679 317 semper
697 254 775 301 habuit
794 255 818 301 in
835 255 919 301 Filium

153 319 197 366 Dei
208 319 336 367 Dominum
347 319 438 366 [hesum
447 319 582 368 Christum?
612 320 736 383 Respondit
747 329 825 383 pater:
844 319 919 367 Credo

153 384 247 431 firmiter
261 393 284 429 et
295 384 410 430 confiteor.
443 383 490 430 Ero
507 401 586 431 servus
603 387 651 432 eius
667 396 788 448 perpetuus
804 396 827 431 11
842 385 919 431 locum

153 459 255 495 sanctum
267 448 315 494 eius
325 449 479 510 sollempniter
493 448 594 496 visitabo.
629 451 755 495 Prostravit
766 467 789 495 se
800 449 870 495 frater
881 448 918 494 ille

153 528 206 559 cum
222 513 284 559 sotio
301 513 324 558 in
341 514 441 559 oratione
458 530 483 558 ac
499 529 577 557 omnes
593 514 621 559 ad
638 515 749 559 orandum
769 514 917 559 commonuit.

154 577 611 652 011111111111111111111111111
628 578 730 635 oscitare,
741 578 816 625 levare
833 577 919 626 brachia

153 653 176 689 et
187 660 233 690 sese
244 643 336 717 erigere.
370 643 477 689 Accurrit
487 643 567 689 mulier
578 643 685 690 etlilium
696 643 843 717 amplexatur,
856 654 919 707 pater

153 724 199 752 non
220 726 244 752 se
266 709 328 779 capit
343 725 383 767 pre
401 708 492 769 gaudio,
511 721 534 753 et
554 709 628 754 omnis
646 709 743 769 populus
762 708 918 755 ammiratione

152 772 252 835 repletus
262 771 368 818 altissima
378 788 432 818 voce
444 770 564 819 Christum
577 772 704 836 magnificat
715 781 738 817 et
750 782 852 818 sanctum
863 774 917 817 eius.

153 836 234 884 Statim
256 852 331 883 coram
353 836 458 883 omnibus
485 838 609 885 ambulavit
637 854 693 900 puer
715 848 737 884 et
759 838 845 901 optime
871 837 918 885 vite

152 902 254 948 redditus
265 912 303 948 est.

201 967 261 1014 Cum
272 964 353 1011 fratres
364 965 392 1011 de
404 966 502 1011 Nuceria
518 976 621 1028 peterent
638 967 754 1030 quoddam
765 967 894 1029 plaustrum
905 984 917 1012 a

153 1031 252 1093 quodam
269 1030 319 1075 viro
335 1030 404 1075 Petro
421 1031 520 1085 nomine,
538 1047 583 1093 quo
600 1030 763 1093 aliquantulum
780 1030 917 1092 indigebant,

153 1094 221 1140 stulte
232 1094 350 1155 respondit
361 1094 392 1141 eis
403 1094 478 1141 dicens
489 1113 494 1140 ι
513 1094 565 1156 Ego
582 1094 658 1155 potius
674 1095 810 1140 excoriarem
822 1096 879 1141 duos
890 1111 918 1140 ex

153 1159 217 1207 vobis
236 1175 288 1206 cum
306 1169 382 1206 sancto
401 1159 524 1216 Francisco,
549 1175 616 1222 quarn
639 1161 831 1206 accommodarem
852 1159 918 1207 vobis

153 1225 284 1286 plaustrum
321 1224 421 1271 Penituit
437 1225 514 1271 statim
530 1224 645 1271 hominem
666 1225 759 1272 verbum
778 1235 839 1271 tante
859 1224 915 1271 blas-

153 1287 220 1335 femie
242 1288 377 1352 protulisse3
404 1298 427 1333 et
449 1289 575 1363 percutiens
597 1305 621 1334 os
646 1305 720 1346 suum,
742 1290 916 1335 misericordiam

153 1354 290 1428 precabatur.
323 1352 429 1399 Timebat
439 1353 500 1399 enim
511 1371 539 1399 ne
551 1351 608 1399 ultio
623 1363 759 1417 sequeretur,
770 1354 828 1401 sicut
840 1364 862 1400 et
873 1353 917 1400 fuit

153 1419 257 1481 protinus
268 1417 392 1465 subsecuta.
425 1419 500 1465 Nocte
516 1419 595 1465 vidit
590 1436 614 1463 m
631 1419 731 1481 sompnis
747 1418 842 1465 domum
853 1435 916 1464 suam

154 1484 279 1544 plenam
259 1483 313 1529 viris
328 1493 351 1528 et
367 1482 500 1529 mulieribus
516 1483 606 1529 choreas
622 1500 674 1529 cum
691 1499 770 1546 magna
786 1483 916 1530 iubilatione

155 1547 295 1593 ducentibus.
342 1547 473 1592 infirmatus
500 1557 533 1591 111
560 1548 635 1592 statim
663 1548 723 1593 filius
750 1548 798 1593 eius
826 1548 916 1592 nomine

155 1613 282 1674 Gapharus,
293 1621 315 1657 et
329 1627 399 1673 pauco
416 1610 488 1673 spatio
504 1609 574 1673 lapso,
590 1611 696 1673 spiritum
712 1611 813 1658 exalavit.
847 1611 916 1656 Vcrse

154 1688 208 1723 sunt
218 1676 298 1723 choree
315 1693 370 1738 quas
386 1675 474 1722 viderat
490 1675 512 1720 in
529 1674 633 1721 funereos
649 1676 723 1722 luctus
739 1686 761 1721 et
777 1676 879 1723 iubilatio
892 1677 916 1723 in

154 1741 285 1789 lamentum.
318 1741 458 1788 Recordatus
469 1751 503 1786 est
514 1739 628 1788 blasfemie
644 1758 712 1804 quam
724 1741 747 1787 in
759 1751 835 1788 sancto
846 1742 916 1787 Fran-

155 1806 213 1851 cisco
232 1807 361 1869 spiraverat,
379 1815 401 1850 et
417 1820 475 1865 pena
491 1805 568 1850 docuit
585 1822 653 1867 quam
669 1806 743 1866 gravis
759 1806 827 1850 fuerit
843 1807 915 1866 culpa.

155 1871 306 1919 Volutabatur
324 1886 363 1932 per
380 1870 483 1927 humum,
495 1879 518 1916 et
531 1879 634 1916 sanctum
652 1869 795 1916 Franciscum
813 1869 916 1917 invocare

155 1937 245 1999 penitus
263 1952 309 1981 non
326 1935 439 1990 cessabat3
455 1946 478 1980 11
496 1935 597 1980 dicebat:
614 1935 667 2007 Ego
684 1951 735 1980 sum
753 1936 792 2009 qui
809 1937 915 1997 1111111111

157 2016 193 2046 me
209 2000 321 2072 flagellare
336 1999 440 2046 debuisti.
475 1999 553 2045 Redde
568 2010 665 2045 sancter
658 2016 702 2045 ram
718 2010 836 2061 penitenti,
848 2017 916 2063 quem

156 2063 205 2111 abst
206 2064 293 2111 111111
250 2063 356 2125 tnnpie
378 2062 525 2108 blasfemanti.
569 2063 623 2108 Tibi
651 2078 687 2108 me
713 2064 791 2120 reddo³
813 2064 859 2109 tuis
880 2080 916 2109 me

157 2128 270 2193 obsequiis
291 2143 380 2190 semper
401 2144 496 2189 expono
541 2127 602 2173 Nam
624 2138 646 2173 et
668 2127 816 2191 primogenita
838 2138 917 2174 cuncta

157 2211 246 2257 semper
268 2193 361 2240 offeram
381 2192 428 2238 tibi
462 2191 525 2237 Mira
543 2209 584 2237 res.
617 2192 656 2239 Ad
675 2192 715 2238 hec
734 2191 802 2239 verba
820 2194 916 2240 surrexit

156 2275 228 2320 puer,
245 2269 268 2303 et
284 2257 398 2319 planctum
415 2257 542 2318 prohibens,
559 2273 646 2302 causam
665 2257 743 2302 retulit
763 2275 801 2302 sue
821 2259 914 2305 mortis:

157 2323 218 2370 Cum
236 2332 341 2369 mortuus
360 2337 437 2394 essem,
458 2320 545 2383 inquid,
565 2320 628 2368 venit
647 2319 696 2366 bea
688 2331 724 2365 us
747 2321 875 2367 Franciscus
894 2332 916 2367 et

156 2389 222 2436 duxit
241 2404 278 2435 me
296 2402 337 2450 per
356 2385 416 2431 viam
434 2385 550 2432 obscuram
570 2396 592 2432 et
611 2384 701 2449 longam
723 2384 794 2433 valde
828 2386 916 2433 Deinde

156 2454 233 2516 posuit
243 2469 280 2499 me
290 2453 314 2498 in
326 2451 425 2515 quodam
442 2451 549 2497 viridario
564 2461 611 2497 tam
628 2467 712 2506 ameno,
726 2461 772 2497 tam
783 2451 916 2509 delectabili,

157 2519 219 2580 quod
230 2527 293 2563 totus
304 2516 432 2561 mundus
414 2531 434 2560 11
445 2516 567 2576 comparari
584 2531 629 2560 non
646 2527 727 2576 posset.
762 2516 863 2561 Reduxit
879 2534 915 2561 me

157 2593 233 2644 postea
254 2597 293 2643 per
315 2579 408 2626 eandem
429 2579 498 2634 viam,
521 2589 543 2625 et
562 2579 619 2625 dixit
638 2579 708 2626 mihi:
735 2580 869 2626 ‘Revertere
888 2581 916 2627 ad

156 2659 242 2709 patrem
259 2656 326 2692 tuum
337 2655 360 2690 et
372 2654 466 2690 matrem
483 2654 553 2690 tuam
586 2643 649 2691 Nolo
666 2644 701 2691 eni
694 2660 726 2690 1111
737 2653 760 2690 11
771 2644 807 2691 hic
821 2644 916 2708 amplius

157 2712 269 2759 detinere.¹
302 2710 334 2756 Et
344 2726 402 2765 ecce,
413 2710 470 2755 sicut
481 2726 501 2754 11
495 2709 603 2771 placuit,
615 2725 665 2754 sum
677 2724 786 2755 reversus.

204 2775 329 2823 incivitate
338 2775 423 2836 Capue,
431 2774 488 2819 dum
498 2791 554 2835 puer
565 2774 682 2836 quidam
665 2790 722 2820 circa
730 2774 801 2834 ripam
808 2774 917 2820 Vulturni

63 2841 102 2878 F01·
114 2841 255 2890 5¹¹⁰fluminis
266 2855 318 2886 cum
330 2839 430 2902 pluribus
441 2839 556 2894 iocaretar,
570 2838 672 2886 incautus
681 2838 709 2884 de
717 2837 765 2900 ipsa
773 2855 812 2883 ora
820 2837 918 2899 fluminis
