1919 3169
244 64 444 112 TRACTATUS
460 63 637 112 SECUNDUS
778 82 821 127 103

59 163 116 226 cepit
127 164 155 210 de
166 164 245 210 intimo
256 163 329 209 cordis
339 161 435 222 compati
451 160 491 206 sibi
502 160 551 222 ipsi.
584 160 626 205 Sed
637 175 665 205 ne
682 160 772 222 spiritus
787 162 823 207 ille

58 238 177 293 promptus
188 228 247 275 carni
259 226 373 274 carnaliter
384 226 518 272 consentiret
528 225 552 272 in
566 223 642 288 aliquo
653 224 688 271 vel
699 225 726 271 ad
737 226 820 283 horam,

58 294 163 358 patientie
184 305 275 341 scutum
296 291 381 340 orando
407 291 436 337 ad
463 291 572 338 christum
601 299 675 336 servat
701 290 822 338 immobile.

59 362 133 404 Orans
151 359 242 404 tandem
259 359 289 402 sic
306 358 393 418 positus
412 358 435 401 in
456 373 534 417 agone,
556 355 728 416 promissionem
749 367 823 402 eterne

60 423 105 470 vite
140 440 152 469 a
181 422 274 470 domino
303 420 345 467 sub
374 419 415 464 hae
446 418 591 466 similitudine
624 419 763 483 reportavit:
801 420 823 465 Si

59 499 108 535 tota
128 498 187 534 terre
213 488 283 533 moles
304 496 327 531 et
353 484 453 531 machina
479 486 560 531 mundi
586 501 668 532 aurum
696 495 753 531 esset
777 487 824 531 sine

60 554 132 615 pretio
159 553 284 613 pretiosum
312 560 334 596 et
361 550 402 597 tibi
429 566 471 612 pro
496 550 545 607 hiis,
570 567 615 614 que
644 550 732 612 pateris,
762 550 825 598 duris

61 617 175 674 molestiis,
192 617 253 661 omni
272 615 349 661 dolore
368 614 463 669 sublato,
485 616 576 662 daretur
597 617 620 661 in
641 616 754 676 premium
776 616 824 661 the-

60 696 139 726 saurus
154 680 225 741 glorie
235 690 304 737 tante,
315 678 351 723 cui
366 678 465 739 predicta
475 678 523 723 auri
539 680 674 740 comparatio
688 679 751 725 nulla
760 689 825 735 esset,

60 745 97 792 vel
108 744 174 790 etiam
190 744 299 790 nominari
311 759 356 789 non
373 742 446 804 digna,
459 758 533 788 nonne
547 744 647 805 gaudens
662 744 757 790 libenter
770 743 825 791 sub-

60 810 152 856 stineres
170 826 215 872 que
233 808 343 855 substines
361 807 389 854 ad
407 809 562 854 momentum?
596 808 723 855 Gauderem
737 808 824 873 utique,

61 875 91 919 ait
102 882 190 919 sanctus
201 882 223 917 et
234 888 301 933 super
313 873 408 917 modum
424 873 551 933 gauderem.
585 873 670 918 Exulta
679 874 757 934 igitur,
769 876 825 920 dixit

62 937 94 984 illi
113 937 226 993 dominus
243 936 296 1000 quia
313 936 376 999 regni
389 936 432 981 mei
451 946 484 982 est
499 951 548 982 arra
563 935 680 983 infirmitas
695 947 735 984 tua
751 947 773 984 et
785 954 826 1001 per

62 1001 170 1065 patiencie
191 1002 297 1048 meritum
318 1016 408 1047 securus
424 1010 446 1046 et
467 1009 541 1047 certus
560 1002 705 1048 hereditatem
726 1013 869 1066 expectaFol.
880 1015 918 1065 38¹⁰

62 1068 104 1115 Sed
123 1077 207 1130 quanta
221 1076 286 1129 putas
304 1066 440 1113 exultatione
452 1066 554 1129 gavisum
572 1067 686 1114 hominem
704 1077 749 1114 tam
766 1067 824 1116 felici

62 1132 208 1194 promissione
227 1132 332 1178 beatum?
360 1132 453 1182 Quanta
469 1148 514 1178 non
529 1131 603 1178 solum
617 1134 729 1193 patientia,
742 1150 824 1180 verum

62 1197 129 1242 etiam
147 1196 236 1242 caritate
252 1194 317 1241 illum
334 1194 404 1240 credis
419 1195 517 1256 corporis
533 1195 644 1241 molestias
658 1197 824 1259 amplexatum?

63 1261 136 1308 Novit
155 1260 201 1322 ipse
219 1260 288 1307 modo
303 1260 409 1322 perfecte,
425 1260 478 1322 quia
496 1260 607 1307 indicibile
622 1271 678 1308 ωηο
694 1262 767 1308 dicere
783 1263 825 1309 sibi

63 1325 124 1383 fuit3
145 1324 223 1372 retulit
238 1336 313 1371 tamen
333 1325 396 1371 sotiis
409 1341 493 1387 pauca,
516 1336 542 1372 ut
563 1326 645 1388 potuit.
689 1327 778 1374 Laudes
796 1327 825 1374 de

64 1390 170 1436 creaturis
188 1400 243 1436 ωηο
264 1388 372 1452 quasdam
394 1391 520 1451 composuit
544 1400 567 1435 et
590 1408 625 1436 eas
650 1401 774 1456 utcumque
798 1394 825 1439 acl

64 1464 185 1500 creatorem
195 1453 334 1500 laudandum
345 1455 451 1499 accendit.

123 1653 242 1706 Quomodo
255 1653 361 1695 hortatus
374 1655 410 1694 est
423 1653 505 1695 fratres
518 1657 541 1695 et
554 1652 671 1697 benedixit
684 1655 707 1695 in
720 1655 771 1697 fine.
834 1665 938 1707 [n-crxxfl

113 1738 163 1821 In
177 1771 220 1815 fine
237 1770 341 1822 hominis,
352 1769 382 1814 ait
399 1769 492 1831 sapiens,
504 1769 626 1816 denudatio
643 1787 739 1833 operum
754 1772 830 1829 illius3

68 1837 131 1899 quod
142 1835 165 1881 in
177 1845 254 1881 sancto
265 1834 308 1881 isto
326 1831 424 1897 glorioso
441 1834 553 1881 cernimus
569 1851 615 1881 esse
634 1836 778 1899 completum,
790 1838 830 1902 qui

67 1902 126 1948 viam
145 1899 305 1949 mandatorum
332 1898 368 1946 dei
396 1899 477 1946 mentis
504 1899 615 1947 alacritate
639 1917 770 1963 percurrens
791 1919 831 1965 per

68 1967 171 2011 omnium
197 1966 310 2011 virtutum
337 1964 420 2025 gradus
450 1965 478 2009 ad
510 1981 598 2009 summa
627 1968 688 2011 venit
715 1978 737 2011 et
761 1967 831 2012 velud

69 2029 153 2075 ductile
164 2045 222 2092 opus
235 2028 277 2075 sub
291 2027 422 2090 multiplicis
438 2028 588 2073 tribulationis
605 2029 685 2075 malleo
701 2031 729 2076 ad
746 2031 832 2094 perfec-

69 2095 154 2142 tionem
169 2094 288 2152 adductus,
300 2094 373 2140 omnis
387 2093 583 2140 consummationis
600 2094 657 2141 vidit
674 2096 759 2153 finem3
776 2107 831 2144 tunc

69 2160 128 2205 enim
139 2159 209 2222 magis
220 2160 267 2205 eius
278 2158 369 2204 mirifica
382 2174 449 2218 opera
460 2158 601 2204 colluxerunt
612 2169 634 2203 et
645 2160 748 2206 divinum
765 2160 832 2207 fuisse

70 2238 143 2279 omne,
170 2223 232 2287 quod
264 2222 327 2278 vixit,
354 2222 453 2267 veritatis
486 2222 565 2266 inditio
602 2222 672 2280 fulsit,
700 2239 759 2282 curn,
786 2226 832 2271 vite

70 2286 170 2334 mortalis
188 2286 275 2333 calcatis
297 2285 409 2342 illecebris,
428 2285 484 2331 liber
502 2286 571 2332 evasit
590 2286 617 2332 ad
638 2303 738 2349 superos.
772 2289 832 2335 Nam

71 2353 158 2399 mundo
178 2353 253 2400 vivere
274 2350 340 2397 duxit
362 2350 516 2412 obprobrium,
538 2350 615 2396 dilexit
640 2367 692 2398 suos
714 2354 737 2398 in
758 2354 833 2411 finem,

70 2428 167 2464 mortem
184 2415 293 2464 cantando
308 2415 411 2476 suscepit.
445 2416 506 2462 Cum
527 2416 586 2461 enim
608 2415 635 2461 ad
657 2416 704 2462 dies
720 2418 764 2464 iam
781 2436 833 2481 pro-

71 2481 190 2542 pinquaret
214 2490 333 2535 extremos,
356 2479 445 2540 quibus,
467 2479 551 2533 finibili‚
574 2479 623 2524 luce
653 2481 772 2537 subtracta,
793 2484 833 2528 lux

71 2555 179 2609 perpetua
205 2543 343 2599 succedebat,
364 2542 456 2589 virtutis
482 2542 583 2606 exemplo
608 2546 748 2602 monstravit,
771 2546 834 2610 quod

71 2611 139 2657 nichil
156 2627 275 2658 commune
293 2607 325 2655 illi
342 2618 389 2653 erat
407 2625 460 2654 cum
480 2609 582 2664 mundo3
604 2608 719 2656 confectus
738 2629 834 2675 namque

29 2714 31 2716 .
71 2675 199 2722 infirmitate
210 2675 303 2721 illatam
314 2673 384 2735 gravi,
395 2688 440 2735 que
451 2675 512 2720 omni
523 2674 630 2736 languore
641 2674 756 2735 conclusit,
767 2692 834 2739 super

73 2741 157 2786 nudam
167 2741 264 2786 humum
276 2754 298 2783 se
308 2737 360 2783 fecit
373 2738 461 2783 nudum
473 2738 561 2801 deponi,
574 2748 600 2783 ut
615 2738 670 2783 hora
682 2739 720 2785 illa
730 2750 834 2798 extrema,

72 2803 95 2850 in
106 2802 151 2867 qua
160 2814 249 2867 poterat
260 2803 332 2849 adhuc
345 2801 415 2847 hostis
427 2802 496 2860 irasci,
508 2802 583 2848 nudus
595 2802 691 2849 lucraret
701 2820 753 2851 curn
764 2805 834 2852 nudo.
