<?xml version="1.0" encoding="UTF-8"?>
<!DOCTYPE html PUBLIC "-//W3C//DTD XHTML 1.0 Transitional//EN"
    "http://www.w3.org/TR/xhtml1/DTD/xhtml1-transitional.dtd">
<html xmlns="http://www.w3.org/1999/xhtml" xml:lang="en" lang="en">
 <head>
  <title>
</title>
<meta http-equiv="Content-Type" content="text/html;charset=utf-8" />
  <meta name='ocr-system' content='tesseract 3.04.00' />
  <meta name='ocr-capabilities' content='ocr_page ocr_carea ocr_par ocr_line ocrx_word'/>
</head>
<body>
  <div class='ocr_page' id='page_1' title='image "./MN5146ucmf_4_0383.png"; bbox 0 0 1919 3169; ppageno 0'>
   <div class='ocr_carea' id='block_1_1' title="bbox 229 42 806 109">
    <p class='ocr_par' dir='ltr' id='par_1_1' title="bbox 229 42 806 109">
     <span class='ocr_line' id='line_1_1' title="bbox 229 42 806 109; baseline 0.005 -18"><span class='ocrx_word' id='word_1_1' title='bbox 229 44 430 93; x_wconf 87' lang='lat' dir='ltr'><strong>TRACTATUS</strong></span> <span class='ocrx_word' id='word_1_2' title='bbox 448 42 623 93; x_wconf 88' lang='lat' dir='ltr'><strong>SECUNDUS</strong></span> <span class='ocrx_word' id='word_1_3' title='bbox 764 60 806 109; x_wconf 77' lang='lat'><strong>105</strong></span> 
     </span>
    </p>
   </div>
   <div class='ocr_carea' id='block_1_2' title="bbox 153 174 703 224">
    <p class='ocr_par' dir='ltr' id='par_1_2' title="bbox 153 174 703 224">
     <span class='ocr_line' id='line_1_2' title="bbox 153 174 703 224; baseline -0.002 -8"><span class='ocrx_word' id='word_1_4' title='bbox 153 175 187 215; x_wconf 89' lang='lat' dir='ltr'><strong>De</strong></span> <span class='ocrx_word' id='word_1_5' title='bbox 200 177 272 216; x_wconf 84' lang='lat' dir='ltr'><strong>morte</strong></span> <span class='ocrx_word' id='word_1_6' title='bbox 285 175 335 216; x_wconf 89' lang='lat' dir='ltr'><strong>eius</strong></span> <span class='ocrx_word' id='word_1_7' title='bbox 348 176 372 215; x_wconf 88' lang='lat' dir='ltr'><strong>et</strong></span> <span class='ocrx_word' id='word_1_8' title='bbox 385 174 439 224; x_wconf 85' lang='lat' dir='ltr'><strong>quid</strong></span> <span class='ocrx_word' id='word_1_9' title='bbox 453 174 521 217; x_wconf 75' lang='lat' dir='ltr'><strong>fuerit</strong></span> <span class='ocrx_word' id='word_1_10' title='bbox 533 176 588 216; x_wconf 90' lang='lat' dir='ltr'><strong>ante</strong></span> <span class='ocrx_word' id='word_1_11' title='bbox 601 176 703 215; x_wconf 84' lang='lat' dir='ltr'><strong>mortem.</strong></span> 
     </span>
    </p>
   </div>
   <div class='ocr_carea' id='block_1_3' title="bbox 43 251 814 2068">
    <p class='ocr_par' dir='ltr' id='par_1_3' title="bbox 43 251 811 918">
     <span class='ocr_line' id='line_1_3' title="bbox 92 251 809 347; baseline -0.007 -16"><span class='ocrx_word' id='word_1_12' title='bbox 92 251 175 340; x_wconf 68' lang='lat' dir='ltr'><strong>Qum</strong></span> <span class='ocrx_word' id='word_1_13' title='bbox 186 284 261 347; x_wconf 88' lang='lat' dir='ltr'><strong>itaque</strong></span> <span class='ocrx_word' id='word_1_14' title='bbox 275 282 409 329; x_wconf 90' lang='lat' dir='ltr'><strong>amarissime</strong></span> <span class='ocrx_word' id='word_1_15' title='bbox 420 281 593 344; x_wconf 83' lang='lat' dir='ltr'><strong>lacrymarentur</strong></span> <span class='ocrx_word' id='word_1_16' title='bbox 604 279 683 326; x_wconf 89' lang='lat' dir='ltr'><strong>fratres</strong></span> <span class='ocrx_word' id='word_1_17' title='bbox 695 289 717 326; x_wconf 93' lang='lat' dir='ltr'><strong>et</strong></span> <span class='ocrx_word' id='word_1_18' title='bbox 733 280 809 326; x_wconf 88' lang='lat' dir='ltr'><strong>incon-</strong></span> 
     </span>
     <span class='ocr_line' id='line_1_4' title="bbox 43 344 808 411; baseline -0.001 -17"><span class='ocrx_word' id='word_1_19' title='bbox 43 349 144 395; x_wconf 89' lang='lat' dir='ltr'><strong>salabiter</strong></span> <span class='ocrx_word' id='word_1_20' title='bbox 156 349 305 411; x_wconf 81' lang='lat' dir='ltr'>deplorarent,</span> <span class='ocrx_word' id='word_1_21' title='bbox 317 348 381 393; x_wconf 85' lang='lat' dir='ltr'><strong>iussit</strong></span> <span class='ocrx_word' id='word_1_22' title='bbox 392 357 453 410; x_wconf 89' lang='lat' dir='ltr'><strong>pater</strong></span> <span class='ocrx_word' id='word_1_23' title='bbox 467 358 556 393; x_wconf 89' lang='lat' dir='ltr'><strong>sanctus</strong></span> <span class='ocrx_word' id='word_1_24' title='bbox 571 362 652 409; x_wconf 89' lang='lat' dir='ltr'><strong>panem</strong></span> <span class='ocrx_word' id='word_1_25' title='bbox 669 344 711 391; x_wconf 84' lang='lat' dir='ltr'>sibi</span> <span class='ocrx_word' id='word_1_26' title='bbox 728 345 808 393; x_wconf 87' lang='lat' dir='ltr'><strong>afferri.</strong></span> 
     </span>
     <span class='ocr_line' id='line_1_5' title="bbox 44 410 810 474; baseline -0.005 -14"><span class='ocrx_word' id='word_1_27' title='bbox 44 415 122 466; x_wconf 90' lang='lat' dir='ltr'><strong>Quem</strong></span> <span class='ocrx_word' id='word_1_28' title='bbox 133 413 245 459; x_wconf 82' lang='lat' dir='ltr'>benedixit</span> <span class='ocrx_word' id='word_1_29' title='bbox 256 423 278 458; x_wconf 91' lang='lat' dir='ltr'><strong>et</strong></span> <span class='ocrx_word' id='word_1_30' title='bbox 288 412 357 474; x_wconf 84' lang='lat' dir='ltr'><strong>fregit</strong></span> <span class='ocrx_word' id='word_1_31' title='bbox 367 420 389 457; x_wconf 90' lang='lat' dir='ltr'><strong>et</strong></span> <span class='ocrx_word' id='word_1_32' title='bbox 403 413 533 472; x_wconf 79' lang='lat' dir='ltr'><strong>particulam</strong></span> <span class='ocrx_word' id='word_1_33' title='bbox 544 411 665 472; x_wconf 89' lang='lat' dir='ltr'><strong>unicuique</strong></span> <span class='ocrx_word' id='word_1_34' title='bbox 676 410 703 456; x_wconf 88' lang='lat' dir='ltr'><strong>ad</strong></span> <span class='ocrx_word' id='word_1_35' title='bbox 714 410 810 456; x_wconf 88' lang='lat' dir='ltr'><strong>mandu-</strong></span> 
     </span>
     <span class='ocr_line' id='line_1_6' title="bbox 45 474 810 537; baseline -0.007 -14"><span class='ocrx_word' id='word_1_36' title='bbox 45 479 113 523; x_wconf 88' lang='lat' dir='ltr'><strong>cande</strong></span> <span class='ocrx_word' id='word_1_37' title='bbox 140 478 245 537; x_wconf 82' lang='lat' dir='ltr'><strong>porrexit.</strong></span> <span class='ocrx_word' id='word_1_38' title='bbox 289 476 399 522; x_wconf 87' lang='lat' dir='ltr'><strong>Codicem</strong></span> <span class='ocrx_word' id='word_1_39' title='bbox 421 475 488 520; x_wconf 89' lang='lat' dir='ltr'><strong>etiam</strong></span> <span class='ocrx_word' id='word_1_40' title='bbox 513 476 674 537; x_wconf 83' lang='lat' dir='ltr'><strong>evangelorum</strong></span> <span class='ocrx_word' id='word_1_41' title='bbox 697 474 810 535; x_wconf 89' lang='lat' dir='ltr'><strong>apportari</strong></span> 
     </span>
     <span class='ocr_line' id='line_1_7' title="bbox 44 537 810 604; baseline -0.005 -17"><span class='ocrx_word' id='word_1_42' title='bbox 44 542 167 604; x_wconf 79' lang='lat' dir='ltr'><strong>precipiens</strong></span> <span class='ocrx_word' id='word_1_43' title='bbox 189 538 329 602; x_wconf 82' lang='lat' dir='ltr'><strong>evangelium</strong></span> <span class='ocrx_word' id='word_1_44' title='bbox 354 539 480 585; x_wconf 88' lang='lat' dir='ltr'><strong>secundum</strong></span> <span class='ocrx_word' id='word_1_45' title='bbox 503 539 635 596; x_wconf 84' lang='lat' dir='ltr'><strong>Iohannem,</strong></span> <span class='ocrx_word' id='word_1_46' title='bbox 657 538 684 584; x_wconf 89' lang='lat' dir='ltr'><strong>ab</strong></span> <span class='ocrx_word' id='word_1_47' title='bbox 706 554 733 584; x_wconf 91' lang='lat' dir='ltr'><strong>eo</strong></span> <span class='ocrx_word' id='word_1_48' title='bbox 760 537 810 584; x_wconf 94' lang='lat' dir='ltr'><strong>loco</strong></span> 
     </span>
     <span class='ocr_line' id='line_1_8' title="bbox 45 602 810 670; baseline -0.005 -18"><span class='ocrx_word' id='word_1_49' title='bbox 45 607 85 670; x_wconf 88' lang='lat' dir='ltr'><strong>qui</strong></span> <span class='ocrx_word' id='word_1_50' title='bbox 107 605 185 667; x_wconf 84' lang='lat' dir='ltr'><strong>incipit</strong></span> <span class='ocrx_word' id='word_1_51' title='bbox 212 616 263 649; x_wconf 91' lang='lat' dir='ltr'><strong>ante</strong></span> <span class='ocrx_word' id='word_1_52' title='bbox 290 605 351 650; x_wconf 91' lang='lat' dir='ltr'><strong>diem</strong></span> <span class='ocrx_word' id='word_1_53' title='bbox 379 603 463 649; x_wconf 89' lang='lat' dir='ltr'><strong>festum</strong></span> <span class='ocrx_word' id='word_1_54' title='bbox 485 621 548 665; x_wconf 89' lang='lat' dir='ltr'><strong>pasce</strong></span> <span class='ocrx_word' id='word_1_55' title='bbox 570 614 592 650; x_wconf 90' lang='lat' dir='ltr'><strong>et</strong></span> <span class='ocrx_word' id='word_1_56' title='bbox 614 613 686 649; x_wconf 88' lang='lat' dir='ltr'><strong>cetera</strong></span> <span class='ocrx_word' id='word_1_57' title='bbox 705 602 746 649; x_wconf 90' lang='lat' dir='ltr'><strong>sibi</strong></span> <span class='ocrx_word' id='word_1_58' title='bbox 764 602 810 665; x_wconf 88' lang='lat' dir='ltr'><strong>legi</strong></span> 
     </span>
     <span class='ocr_line' id='line_1_9' title="bbox 45 668 810 732; baseline -0.004 -16"><span class='ocrx_word' id='word_1_59' title='bbox 45 670 164 732; x_wconf 91' lang='lat' dir='ltr'><strong>proposcit.</strong></span> <span class='ocrx_word' id='word_1_60' title='bbox 210 668 376 714; x_wconf 90' lang='lat' dir='ltr'><strong>Recordabatur</strong></span> <span class='ocrx_word' id='word_1_61' title='bbox 403 668 463 714; x_wconf 89' lang='lat' dir='ltr'><strong>illius</strong></span> <span class='ocrx_word' id='word_1_62' title='bbox 490 668 632 714; x_wconf 81' lang='lat' dir='ltr'><strong>sacratissime</strong></span> <span class='ocrx_word' id='word_1_63' title='bbox 659 684 719 725; x_wconf 83' lang='lat' dir='ltr'><strong>cene,</strong></span> <span class='ocrx_word' id='word_1_64' title='bbox 741 684 810 730; x_wconf 86' lang='lat' dir='ltr'><strong>quam</strong></span> 
     </span>
     <span class='ocr_line' id='line_1_10' title="bbox 46 732 811 794; baseline -0.004 -14"><span class='ocrx_word' id='word_1_65' title='bbox 46 734 152 781; x_wconf 86' lang='lat' dir='ltr'><strong>dominus</strong></span> <span class='ocrx_word' id='word_1_66' title='bbox 169 748 222 778; x_wconf 88' lang='lat' dir='ltr'><strong>cum</strong></span> <span class='ocrx_word' id='word_1_67' title='bbox 237 733 283 778; x_wconf 89' lang='lat' dir='ltr'><strong>suis</strong></span> <span class='ocrx_word' id='word_1_68' title='bbox 299 732 529 794; x_wconf 82' lang='lat' dir='ltr'><strong>discipulislultimam</strong></span> <span class='ocrx_word' id='word_1_69' title='bbox 546 733 672 780; x_wconf 83' lang='lat' dir='ltr'><strong>celebravit.</strong></span> <span class='ocrx_word' id='word_1_70' title='bbox 707 733 733 777; x_wconf 92' lang='lat' dir='ltr'><strong>ln</strong></span> <span class='ocrx_word' id='word_1_71' title='bbox 751 733 811 778; x_wconf 90' lang='lat' dir='ltr'><strong>illius</strong></span> 
     </span>
     <span class='ocr_line' id='line_1_11' title="bbox 45 796 811 859; baseline -0.001 -16"><span class='ocrx_word' id='word_1_72' title='bbox 45 799 105 843; x_wconf 87' lang='lat' dir='ltr'><strong>enirn</strong></span> <span class='ocrx_word' id='word_1_73' title='bbox 121 797 246 844; x_wconf 89' lang='lat' dir='ltr'><strong>veneranda</strong></span> <span class='ocrx_word' id='word_1_74' title='bbox 257 797 364 842; x_wconf 87' lang='lat' dir='ltr'><strong>memoria</strong></span> <span class='ocrx_word' id='word_1_75' title='bbox 375 797 494 843; x_wconf 89' lang='lat' dir='ltr'><strong>ostendens</strong></span> <span class='ocrx_word' id='word_1_76' title='bbox 505 813 574 859; x_wconf 88' lang='lat' dir='ltr'><strong>quem</strong></span> <span class='ocrx_word' id='word_1_77' title='bbox 585 797 613 842; x_wconf 90' lang='lat' dir='ltr'><strong>ad</strong></span> <span class='ocrx_word' id='word_1_78' title='bbox 625 796 704 843; x_wconf 84' lang='lat' dir='ltr'><strong>fratres</strong></span> <span class='ocrx_word' id='word_1_79' title='bbox 716 796 811 842; x_wconf 90' lang='lat' dir='ltr'><strong>habebat</strong></span> 
     </span>
     <span class='ocr_line' id='line_1_12' title="bbox 46 860 460 918; baseline -0.005 -9"><span class='ocrx_word' id='word_1_80' title='bbox 46 862 126 909; x_wconf 89' lang='lat' dir='ltr'><strong>amoris</strong></span> <span class='ocrx_word' id='word_1_81' title='bbox 137 861 249 918; x_wconf 85' lang='lat' dir='ltr'><strong>affectum,</strong></span> <span class='ocrx_word' id='word_1_82' title='bbox 261 860 313 907; x_wconf 89' lang='lat' dir='ltr'><strong>fecit</strong></span> <span class='ocrx_word' id='word_1_83' title='bbox 324 862 366 907; x_wconf 94' lang='lat' dir='ltr'><strong>hoc</strong></span> <span class='ocrx_word' id='word_1_84' title='bbox 377 872 460 908; x_wconf 89' lang='lat' dir='ltr'><strong>totum.</strong></span> 
     </span>
    </p>

    <p class='ocr_par' dir='ltr' id='par_1_4' title="bbox 45 927 814 2068">
     <span class='ocr_line' id='line_1_13' title="bbox 93 927 811 988; baseline -0.001 -17"><span class='ocrx_word' id='word_1_85' title='bbox 93 927 192 972; x_wconf 84' lang='lat' dir='ltr'><strong>Proinde</strong></span> <span class='ocrx_word' id='word_1_86' title='bbox 213 942 295 987; x_wconf 86' lang='lat' dir='ltr'><strong>paucos</strong></span> <span class='ocrx_word' id='word_1_87' title='bbox 319 927 374 983; x_wconf 88' lang='lat' dir='ltr'><strong>dies,</strong></span> <span class='ocrx_word' id='word_1_88' title='bbox 396 927 435 988; x_wconf 85' lang='lat' dir='ltr'><strong>qui</strong></span> <span class='ocrx_word' id='word_1_89' title='bbox 460 942 532 988; x_wconf 85' lang='lat' dir='ltr'><strong>usque</strong></span> <span class='ocrx_word' id='word_1_90' title='bbox 560 927 588 972; x_wconf 90' lang='lat' dir='ltr'><strong>ad</strong></span> <span class='ocrx_word' id='word_1_91' title='bbox 615 927 735 972; x_wconf 86' lang='lat' dir='ltr'><strong>transitum</strong></span> <span class='ocrx_word' id='word_1_92' title='bbox 763 927 811 972; x_wconf 90' lang='lat' dir='ltr'><strong>eius</strong></span> 
     </span>
     <span class='ocr_line' id='line_1_14' title="bbox 45 990 811 1050; baseline 0 -15"><span class='ocrx_word' id='word_1_93' title='bbox 45 990 163 1045; x_wconf 84' lang='lat' dir='ltr'><strong>restabant,</strong></span> <span class='ocrx_word' id='word_1_94' title='bbox 180 990 285 1050; x_wconf 81' lang='lat' dir='ltr'><strong>expendit</strong></span> <span class='ocrx_word' id='word_1_95' title='bbox 304 991 327 1034; x_wconf 94' lang='lat' dir='ltr'><strong>in</strong></span> <span class='ocrx_word' id='word_1_96' title='bbox 344 991 443 1044; x_wconf 88' lang='lat' dir='ltr'><strong>laudem,</strong></span> <span class='ocrx_word' id='word_1_97' title='bbox 462 991 531 1035; x_wconf 88' lang='lat' dir='ltr'><strong>sotios</strong></span> <span class='ocrx_word' id='word_1_98' title='bbox 549 1006 610 1047; x_wconf 72' lang='lat' dir='ltr'><strong>suos³</strong></span> <span class='ocrx_word' id='word_1_99' title='bbox 628 991 693 1036; x_wconf 88' lang='lat' dir='ltr'><strong>valde</strong></span> <span class='ocrx_word' id='word_1_100' title='bbox 711 990 811 1045; x_wconf 90' lang='lat' dir='ltr'><strong>dilectos,</strong></span> 
     </span>
     <span class='ocr_line' id='line_1_15' title="bbox 47 1052 812 1116; baseline -0.001 -16"><span class='ocrx_word' id='word_1_101' title='bbox 47 1071 122 1101; x_wconf 89' lang='lat' dir='ltr'><strong>secum</strong></span> <span class='ocrx_word' id='word_1_102' title='bbox 139 1053 247 1100; x_wconf 86' lang='lat' dir='ltr'><strong>christum</strong></span> <span class='ocrx_word' id='word_1_103' title='bbox 263 1052 349 1100; x_wconf 89' lang='lat' dir='ltr'><strong>laudari</strong></span> <span class='ocrx_word' id='word_1_104' title='bbox 360 1053 485 1099; x_wconf 89' lang='lat' dir='ltr'><strong>instituens.</strong></span> <span class='ocrx_word' id='word_1_105' title='bbox 519 1054 569 1115; x_wconf 91' lang='lat' dir='ltr'><strong>lpse</strong></span> <span class='ocrx_word' id='word_1_106' title='bbox 585 1070 639 1099; x_wconf 87' lang='lat' dir='ltr'><strong>vero</strong></span> <span class='ocrx_word' id='word_1_107' title='bbox 649 1064 719 1116; x_wconf 92' lang='lat' dir='ltr'><strong>prout</strong></span> <span class='ocrx_word' id='word_1_108' title='bbox 736 1055 812 1116; x_wconf 89' lang='lat' dir='ltr'><strong>potuit</strong></span> 
     </span>
     <span class='ocr_line' id='line_1_16' title="bbox 47 1117 811 1180; baseline 0 -15"><span class='ocrx_word' id='word_1_109' title='bbox 47 1120 70 1165; x_wconf 91' lang='lat' dir='ltr'><strong>in</strong></span> <span class='ocrx_word' id='word_1_110' title='bbox 81 1119 142 1164; x_wconf 92' lang='lat' dir='ltr'><strong>hunc</strong></span> <span class='ocrx_word' id='word_1_111' title='bbox 156 1117 268 1180; x_wconf 88' lang='lat' dir='ltr'><strong>psalmum</strong></span> <span class='ocrx_word' id='word_1_112' title='bbox 286 1118 377 1179; x_wconf 78' lang='lat' dir='ltr'><strong>erupit3</strong></span> <span class='ocrx_word' id='word_1_113' title='bbox 395 1133 450 1164; x_wconf 90' lang='lat' dir='ltr'><strong>voce</strong></span> <span class='ocrx_word' id='word_1_114' title='bbox 468 1134 519 1164; x_wconf 88' lang='lat' dir='ltr'><strong>mea</strong></span> <span class='ocrx_word' id='word_1_115' title='bbox 535 1118 563 1163; x_wconf 92' lang='lat' dir='ltr'><strong>ad</strong></span> <span class='ocrx_word' id='word_1_116' title='bbox 582 1118 700 1165; x_wconf 89' lang='lat' dir='ltr'><strong>dominum</strong></span> <span class='ocrx_word' id='word_1_117' title='bbox 718 1118 811 1165; x_wconf 86' lang='lat' dir='ltr'><strong>clamavi</strong></span> 
     </span>
     <span class='ocr_line' id='line_1_17' title="bbox 48 1182 812 1243; baseline 0 -13"><span class='ocrx_word' id='word_1_118' title='bbox 48 1201 102 1230; x_wconf 89' lang='lat' dir='ltr'><strong>voce</strong></span> <span class='ocrx_word' id='word_1_119' title='bbox 113 1200 162 1230; x_wconf 90' lang='lat' dir='ltr'><strong>mea</strong></span> <span class='ocrx_word' id='word_1_120' title='bbox 173 1182 201 1228; x_wconf 91' lang='lat' dir='ltr'><strong>ad</strong></span> <span class='ocrx_word' id='word_1_121' title='bbox 212 1182 331 1229; x_wconf 88' lang='lat' dir='ltr'><strong>dominum</strong></span> <span class='ocrx_word' id='word_1_122' title='bbox 347 1183 480 1243; x_wconf 84' lang='lat' dir='ltr'><strong>deprecatus</strong></span> <span class='ocrx_word' id='word_1_123' title='bbox 490 1199 541 1228; x_wconf 90' lang='lat' dir='ltr'><strong>sum</strong></span> <span class='ocrx_word' id='word_1_124' title='bbox 553 1192 576 1229; x_wconf 89' lang='lat' dir='ltr'><strong>et</strong></span> <span class='ocrx_word' id='word_1_125' title='bbox 587 1193 667 1229; x_wconf 89' lang='lat' dir='ltr'><strong>cetera.</strong></span> <span class='ocrx_word' id='word_1_126' title='bbox 699 1182 812 1230; x_wconf 87' lang='lat' dir='ltr'><strong>Invitabat</strong></span> 
     </span>
     <span class='ocr_line' id='line_1_18' title="bbox 47 1248 812 1311; baseline -0.001 -16"><span class='ocrx_word' id='word_1_127' title='bbox 47 1249 115 1295; x_wconf 90' lang='lat' dir='ltr'><strong>etiam</strong></span> <span class='ocrx_word' id='word_1_128' title='bbox 133 1264 211 1294; x_wconf 89' lang='lat' dir='ltr'><strong>omnes</strong></span> <span class='ocrx_word' id='word_1_129' title='bbox 230 1257 341 1293; x_wconf 87' lang='lat' dir='ltr'><strong>creaturas</strong></span> <span class='ocrx_word' id='word_1_130' title='bbox 358 1248 385 1293; x_wconf 90' lang='lat' dir='ltr'><strong>ad</strong></span> <span class='ocrx_word' id='word_1_131' title='bbox 399 1248 490 1293; x_wconf 90' lang='lat' dir='ltr'><strong>laudern</strong></span> <span class='ocrx_word' id='word_1_132' title='bbox 509 1248 562 1305; x_wconf 81' lang='lat' dir='ltr'><strong>dei3</strong></span> <span class='ocrx_word' id='word_1_133' title='bbox 583 1258 606 1293; x_wconf 90' lang='lat' dir='ltr'><strong>ct</strong></span> <span class='ocrx_word' id='word_1_134' title='bbox 619 1264 658 1310; x_wconf 90' lang='lat' dir='ltr'><strong>per</strong></span> <span class='ocrx_word' id='word_1_135' title='bbox 675 1248 750 1304; x_wconf 82' lang='lat' dir='ltr'><strong>verba,</strong></span> <span class='ocrx_word' id='word_1_136' title='bbox 767 1265 812 1311; x_wconf 91' lang='lat' dir='ltr'><strong>que</strong></span> 
     </span>
     <span class='ocr_line' id='line_1_19' title="bbox 47 1311 812 1373; baseline 0 -16"><span class='ocrx_word' id='word_1_137' title='bbox 47 1313 102 1358; x_wconf 92' lang='lat' dir='ltr'><strong>olim</strong></span> <span class='ocrx_word' id='word_1_138' title='bbox 113 1321 275 1373; x_wconf 84' lang='lat' dir='ltr'><strong>composuerat,</strong></span> <span class='ocrx_word' id='word_1_139' title='bbox 286 1311 333 1372; x_wconf 91' lang='lat' dir='ltr'><strong>ipse</strong></span> <span class='ocrx_word' id='word_1_140' title='bbox 343 1327 379 1357; x_wconf 86' lang='lat' dir='ltr'><strong>eas</strong></span> <span class='ocrx_word' id='word_1_141' title='bbox 395 1311 423 1355; x_wconf 89' lang='lat' dir='ltr'><strong>ad</strong></span> <span class='ocrx_word' id='word_1_142' title='bbox 433 1311 537 1356; x_wconf 84' lang='lat' dir='ltr'><strong>divinum</strong></span> <span class='ocrx_word' id='word_1_143' title='bbox 548 1311 680 1356; x_wconf 87' lang='lat' dir='ltr'><strong>hortabatur</strong></span> <span class='ocrx_word' id='word_1_144' title='bbox 697 1327 812 1371; x_wconf 89' lang='lat' dir='ltr'><strong>amorem;</strong></span> 
     </span>
     <span class='ocr_line' id='line_1_20' title="bbox 48 1375 813 1438; baseline 0 -15"><span class='ocrx_word' id='word_1_145' title='bbox 48 1393 99 1423; x_wconf 89' lang='lat' dir='ltr'><strong>nam</strong></span> <span class='ocrx_word' id='word_1_146' title='bbox 115 1387 138 1423; x_wconf 92' lang='lat' dir='ltr'><strong>et</strong></span> <span class='ocrx_word' id='word_1_147' title='bbox 149 1385 245 1422; x_wconf 91' lang='lat' dir='ltr'><strong>mortem</strong></span> <span class='ocrx_word' id='word_1_148' title='bbox 262 1376 333 1438; x_wconf 90' lang='lat' dir='ltr'><strong>ipsam</strong></span> <span class='ocrx_word' id='word_1_149' title='bbox 350 1375 436 1421; x_wconf 89' lang='lat' dir='ltr'><strong>cunctis</strong></span> <span class='ocrx_word' id='word_1_150' title='bbox 453 1375 573 1421; x_wconf 89' lang='lat' dir='ltr'><strong>terribilem</strong></span> <span class='ocrx_word' id='word_1_151' title='bbox 590 1386 613 1421; x_wconf 93' lang='lat' dir='ltr'><strong>et</strong></span> <span class='ocrx_word' id='word_1_152' title='bbox 630 1392 719 1422; x_wconf 82' lang='lat' dir='ltr'><strong>exosam</strong></span> <span class='ocrx_word' id='word_1_153' title='bbox 737 1376 813 1423; x_wconf 89' lang='lat' dir='ltr'><strong>horta-</strong></span> 
     </span>
     <span class='ocr_line' id='line_1_21' title="bbox 48 1439 814 1502; baseline 0 -15"><span class='ocrx_word' id='word_1_154' title='bbox 48 1443 114 1487; x_wconf 91' lang='lat' dir='ltr'><strong>batur</strong></span> <span class='ocrx_word' id='word_1_155' title='bbox 133 1442 161 1487; x_wconf 89' lang='lat' dir='ltr'><strong>ad</strong></span> <span class='ocrx_word' id='word_1_156' title='bbox 177 1442 275 1497; x_wconf 79' lang='lat' dir='ltr'><strong>laudem,</strong></span> <span class='ocrx_word' id='word_1_157' title='bbox 293 1441 358 1502; x_wconf 88' lang='lat' dir='ltr'><strong>eique</strong></span> <span class='ocrx_word' id='word_1_158' title='bbox 375 1439 433 1486; x_wconf 91' lang='lat' dir='ltr'><strong>letus</strong></span> <span class='ocrx_word' id='word_1_159' title='bbox 449 1456 567 1486; x_wconf 89' lang='lat' dir='ltr'><strong>occurrens</strong></span> <span class='ocrx_word' id='word_1_160' title='bbox 580 1442 608 1486; x_wconf 91' lang='lat' dir='ltr'><strong>ad</strong></span> <span class='ocrx_word' id='word_1_161' title='bbox 622 1458 690 1486; x_wconf 90' lang='lat' dir='ltr'><strong>suum</strong></span> <span class='ocrx_word' id='word_1_162' title='bbox 706 1442 814 1494; x_wconf 84' lang='lat' dir='ltr'><strong>invitabat</strong></span> 
     </span>
     <span class='ocr_line' id='line_1_22' title="bbox 48 1504 814 1567; baseline 0 -16"><span class='ocrx_word' id='word_1_163' title='bbox 48 1506 171 1567; x_wconf 90' lang='lat' dir='ltr'><strong>hospitium</strong></span> <span class='ocrx_word' id='word_1_164' title='bbox 182 1522 187 1550; x_wconf 69' lang='grc' dir='ltr'>ι</span> <span class='ocrx_word' id='word_1_165' title='bbox 204 1507 264 1550; x_wconf 89' lang='lat' dir='ltr'><strong>Bene</strong></span> <span class='ocrx_word' id='word_1_166' title='bbox 274 1505 355 1560; x_wconf 90' lang='lat' dir='ltr'><strong>veniat,</strong></span> <span class='ocrx_word' id='word_1_167' title='bbox 366 1504 451 1566; x_wconf 88' lang='lat' dir='ltr'><strong>inquid,</strong></span> <span class='ocrx_word' id='word_1_168' title='bbox 465 1520 528 1550; x_wconf 90' lang='lat' dir='ltr'><strong>soror</strong></span> <span class='ocrx_word' id='word_1_169' title='bbox 541 1521 590 1550; x_wconf 88' lang='lat' dir='ltr'><strong>mea</strong></span> <span class='ocrx_word' id='word_1_170' title='bbox 600 1521 667 1550; x_wconf 84' lang='lat' dir='ltr'><strong>mors.</strong></span> <span class='ocrx_word' id='word_1_171' title='bbox 694 1506 733 1552; x_wconf 86' lang='lat' dir='ltr'><strong>Ad</strong></span> <span class='ocrx_word' id='word_1_172' title='bbox 742 1507 814 1553; x_wconf 85' lang='lat' dir='ltr'><strong>medi-</strong></span> 
     </span>
     <span class='ocr_line' id='line_1_23' title="bbox 49 1568 814 1630; baseline 0 -15"><span class='ocrx_word' id='word_1_173' title='bbox 49 1586 101 1615; x_wconf 89' lang='lat' dir='ltr'><strong>cum</strong></span> <span class='ocrx_word' id='word_1_174' title='bbox 121 1579 197 1615; x_wconf 90' lang='lat' dir='ltr'><strong>autern</strong></span> <span class='ocrx_word' id='word_1_175' title='bbox 213 1569 334 1614; x_wconf 85' lang='lat' dir='ltr'><strong>audacter:</strong></span> <span class='ocrx_word' id='word_1_176' title='bbox 363 1568 441 1612; x_wconf 89' lang='lat' dir='ltr'><strong>Frater</strong></span> <span class='ocrx_word' id='word_1_177' title='bbox 458 1569 550 1626; x_wconf 86' lang='lat' dir='ltr'><strong>medice,</strong></span> <span class='ocrx_word' id='word_1_178' title='bbox 568 1569 671 1630; x_wconf 88' lang='lat' dir='ltr'><strong>proxima</strong></span> <span class='ocrx_word' id='word_1_179' title='bbox 688 1571 814 1630; x_wconf 88' lang='lat' dir='ltr'><strong>pronostica</strong></span> 
     </span>
     <span class='ocr_line' id='line_1_24' title="bbox 49 1632 814 1695; baseline 0.003 -17"><span class='ocrx_word' id='word_1_180' title='bbox 49 1643 153 1689; x_wconf 90' lang='lat' dir='ltr'><strong>mortem,</strong></span> <span class='ocrx_word' id='word_1_181' title='bbox 167 1648 211 1695; x_wconf 88' lang='lat' dir='ltr'><strong>que</strong></span> <span class='ocrx_word' id='word_1_182' title='bbox 229 1632 283 1676; x_wconf 92' lang='lat' dir='ltr'><strong>mihi</strong></span> <span class='ocrx_word' id='word_1_183' title='bbox 300 1632 342 1677; x_wconf 90' lang='lat' dir='ltr'><strong>erit</strong></span> <span class='ocrx_word' id='word_1_184' title='bbox 358 1632 424 1677; x_wconf 92' lang='lat' dir='ltr'><strong>ianua</strong></span> <span class='ocrx_word' id='word_1_185' title='bbox 439 1632 492 1677; x_wconf 88' lang='lat' dir='ltr'><strong>vite.</strong></span> <span class='ocrx_word' id='word_1_186' title='bbox 525 1632 564 1677; x_wconf 79' lang='lat' dir='ltr'><strong>Ad</strong></span> <span class='ocrx_word' id='word_1_187' title='bbox 575 1633 654 1678; x_wconf 86' lang='lat' dir='ltr'><strong>fratres</strong></span> <span class='ocrx_word' id='word_1_188' title='bbox 665 1649 735 1679; x_wconf 90' lang='lat' dir='ltr'><strong>vero:</strong></span> <span class='ocrx_word' id='word_1_189' title='bbox 754 1635 814 1680; x_wconf 88' lang='lat' dir='ltr'><strong>Cum</strong></span> 
     </span>
     <span class='ocr_line' id='line_1_25' title="bbox 49 1696 814 1758; baseline -0.001 -14"><span class='ocrx_word' id='word_1_190' title='bbox 49 1715 85 1744; x_wconf 93' lang='lat' dir='ltr'><strong>me</strong></span> <span class='ocrx_word' id='word_1_191' title='bbox 104 1697 204 1744; x_wconf 86' lang='lat' dir='ltr'><strong>videritis</strong></span> <span class='ocrx_word' id='word_1_192' title='bbox 223 1697 251 1743; x_wconf 91' lang='lat' dir='ltr'><strong>ad</strong></span> <span class='ocrx_word' id='word_1_193' title='bbox 270 1707 369 1742; x_wconf 89' lang='lat' dir='ltr'><strong>extrema</strong></span> <span class='ocrx_word' id='word_1_194' title='bbox 387 1696 487 1758; x_wconf 83' lang='lat' dir='ltr'><strong>perduci,</strong></span> <span class='ocrx_word' id='word_1_195' title='bbox 503 1697 561 1743; x_wconf 89' lang='lat' dir='ltr'><strong>sicut</strong></span> <span class='ocrx_word' id='word_1_196' title='bbox 579 1714 615 1742; x_wconf 92' lang='lat' dir='ltr'><strong>me</strong></span> <span class='ocrx_word' id='word_1_197' title='bbox 632 1697 716 1744; x_wconf 90' lang='lat' dir='ltr'><strong>nudius</strong></span> <span class='ocrx_word' id='word_1_198' title='bbox 735 1699 814 1745; x_wconf 88' lang='lat' dir='ltr'><strong>tertius</strong></span> 
     </span>
     <span class='ocr_line' id='line_1_26' title="bbox 50 1761 814 1825; baseline 0.001 -16"><span class='ocrx_word' id='word_1_199' title='bbox 50 1763 138 1809; x_wconf 90' lang='lat' dir='ltr'><strong>nudum</strong></span> <span class='ocrx_word' id='word_1_200' title='bbox 157 1761 241 1818; x_wconf 91' lang='lat' dir='ltr'><strong>vidisti,</strong></span> <span class='ocrx_word' id='word_1_201' title='bbox 257 1761 287 1807; x_wconf 89' lang='lat' dir='ltr'><strong>sic</strong></span> <span class='ocrx_word' id='word_1_202' title='bbox 304 1778 340 1807; x_wconf 90' lang='lat' dir='ltr'><strong>me</strong></span> <span class='ocrx_word' id='word_1_203' title='bbox 356 1777 423 1824; x_wconf 87' lang='lat' dir='ltr'><strong>super</strong></span> <span class='ocrx_word' id='word_1_204' title='bbox 438 1761 536 1808; x_wconf 92' lang='lat' dir='ltr'><strong>humum</strong></span> <span class='ocrx_word' id='word_1_205' title='bbox 552 1762 654 1824; x_wconf 88' lang='lat' dir='ltr'><strong>exponite</strong></span> <span class='ocrx_word' id='word_1_206' title='bbox 670 1773 693 1809; x_wconf 93' lang='lat' dir='ltr'><strong>et</strong></span> <span class='ocrx_word' id='word_1_207' title='bbox 711 1780 751 1825; x_wconf 87' lang='lat' dir='ltr'><strong>per</strong></span> <span class='ocrx_word' id='word_1_208' title='bbox 767 1774 814 1810; x_wconf 87' lang='lat' dir='ltr'><strong>tam</strong></span> 
     </span>
     <span class='ocr_line' id='line_1_27' title="bbox 49 1825 814 1889; baseline 0.004 -19"><span class='ocrx_word' id='word_1_209' title='bbox 49 1828 144 1888; x_wconf 87' lang='lat' dir='ltr'><strong>longum</strong></span> <span class='ocrx_word' id='word_1_210' title='bbox 162 1827 260 1887; x_wconf 87' lang='lat' dir='ltr'><strong>spatium</strong></span> <span class='ocrx_word' id='word_1_211' title='bbox 281 1826 325 1870; x_wconf 87' lang='lat' dir='ltr'><strong>iam</strong></span> <span class='ocrx_word' id='word_1_212' title='bbox 347 1825 481 1870; x_wconf 88' lang='lat' dir='ltr'><strong>defunctum</strong></span> <span class='ocrx_word' id='word_1_213' title='bbox 503 1827 534 1870; x_wconf 92' lang='lat' dir='ltr'><strong>sic</strong></span> <span class='ocrx_word' id='word_1_214' title='bbox 555 1827 623 1871; x_wconf 88' lang='lat' dir='ltr'><strong>iacere</strong></span> <span class='ocrx_word' id='word_1_215' title='bbox 649 1827 731 1883; x_wconf 86' lang='lat' dir='ltr'><strong>sinatis,</strong></span> <span class='ocrx_word' id='word_1_216' title='bbox 749 1829 814 1889; x_wconf 88' lang='lat' dir='ltr'><strong>quod</strong></span> 
     </span>
     <span class='ocr_line' id='line_1_28' title="bbox 50 1889 813 1954; baseline 0 -17"><span class='ocrx_word' id='word_1_217' title='bbox 50 1892 116 1937; x_wconf 88' lang='lat' dir='ltr'><strong>unius</strong></span> <span class='ocrx_word' id='word_1_218' title='bbox 127 1889 221 1954; x_wconf 85' lang='lat' dir='ltr'><strong>milliarij</strong></span> <span class='ocrx_word' id='word_1_219' title='bbox 234 1899 331 1936; x_wconf 90' lang='lat' dir='ltr'><strong>tractum</strong></span> <span class='ocrx_word' id='word_1_220' title='bbox 348 1890 446 1937; x_wconf 88' lang='lat' dir='ltr'><strong>suaviter</strong></span> <span class='ocrx_word' id='word_1_221' title='bbox 459 1889 510 1952; x_wconf 87' lang='lat' dir='ltr'><strong>quis</strong></span> <span class='ocrx_word' id='word_1_222' title='bbox 521 1889 625 1952; x_wconf 86' lang='lat' dir='ltr'><strong>perficere</strong></span> <span class='ocrx_word' id='word_1_223' title='bbox 636 1891 712 1952; x_wconf 88' lang='lat' dir='ltr'><strong>possit.</strong></span> <span class='ocrx_word' id='word_1_224' title='bbox 745 1891 813 1937; x_wconf 90' lang='lat' dir='ltr'><strong>Venit</strong></span> 
     </span>
     <span class='ocr_line' id='line_1_29' title="bbox 50 1954 813 2019; baseline 0 -17"><span class='ocrx_word' id='word_1_225' title='bbox 50 1957 119 2019; x_wconf 85' lang='lat' dir='ltr'><strong>igitur</strong></span> <span class='ocrx_word' id='word_1_226' title='bbox 134 1956 195 2002; x_wconf 88' lang='lat' dir='ltr'><strong>hora.</strong></span> <span class='ocrx_word' id='word_1_227' title='bbox 229 1955 261 2000; x_wconf 92' lang='lat' dir='ltr'><strong>Et</strong></span> <span class='ocrx_word' id='word_1_228' title='bbox 277 1955 363 2001; x_wconf 91' lang='lat' dir='ltr'><strong>cunctis</strong></span> <span class='ocrx_word' id='word_1_229' title='bbox 374 1954 397 2000; x_wconf 92' lang='lat' dir='ltr'><strong>in</strong></span> <span class='ocrx_word' id='word_1_230' title='bbox 408 1971 461 2001; x_wconf 92' lang='lat' dir='ltr'><strong>eum</strong></span> <span class='ocrx_word' id='word_1_231' title='bbox 477 1955 553 2001; x_wconf 89' lang='lat' dir='ltr'><strong>christi</strong></span> <span class='ocrx_word' id='word_1_232' title='bbox 564 1956 680 2017; x_wconf 88' lang='lat' dir='ltr'><strong>completis</strong></span> <span class='ocrx_word' id='word_1_233' title='bbox 695 1958 813 2019; x_wconf 83' lang='lat' dir='ltr'><strong>mysteriis,</strong></span> 
     </span>
     <span class='ocr_line' id='line_1_30' title="bbox 49 2019 362 2068; baseline -0.006 -2"><span class='ocrx_word' id='word_1_234' title='bbox 49 2021 142 2068; x_wconf 88' lang='lat' dir='ltr'><strong>feliciter</strong></span> <span class='ocrx_word' id='word_1_235' title='bbox 152 2019 238 2068; x_wconf 89' lang='lat' dir='ltr'><strong>volavit</strong></span> <span class='ocrx_word' id='word_1_236' title='bbox 248 2020 276 2067; x_wconf 91' lang='lat' dir='ltr'><strong>ad</strong></span> <span class='ocrx_word' id='word_1_237' title='bbox 288 2020 362 2067; x_wconf 86' lang='lat' dir='ltr'><strong>deum.</strong></span> 
     </span>
    </p>
   </div>
   <div class='ocr_carea' id='block_1_4' title="bbox 50 2154 813 2260">
    <p class='ocr_par' dir='ltr' id='par_1_5' title="bbox 50 2154 813 2260">
     <span class='ocr_line' id='line_1_31' title="bbox 89 2154 813 2208; baseline 0.003 -12"><span class='ocrx_word' id='word_1_238' title='bbox 89 2154 217 2208; x_wconf 83' lang='lat' dir='ltr'><strong>[Quomodo</strong></span> <span class='ocrx_word' id='word_1_239' title='bbox 235 2155 327 2206; x_wconf 83' lang='lat' dir='ltr'><strong>quidam</strong></span> <span class='ocrx_word' id='word_1_240' title='bbox 340 2155 410 2197; x_wconf 83' lang='lat' dir='ltr'><strong>frater</strong></span> <span class='ocrx_word' id='word_1_241' title='bbox 424 2154 479 2196; x_wconf 87' lang='lat' dir='ltr'><strong>vidit</strong></span> <span class='ocrx_word' id='word_1_242' title='bbox 499 2155 597 2196; x_wconf 85' lang='lat' dir='ltr'><strong>animam</strong></span> <span class='ocrx_word' id='word_1_243' title='bbox 615 2156 688 2198; x_wconf 86' lang='lat' dir='ltr'><strong>saneti</strong></span> <span class='ocrx_word' id='word_1_244' title='bbox 702 2157 773 2207; x_wconf 80' lang='lat' dir='ltr'><strong>patris</strong></span> <span class='ocrx_word' id='word_1_245' title='bbox 791 2158 813 2198; x_wconf 90' lang='lat' dir='ltr'><strong>in</strong></span> 
     </span>
     <span class='ocr_line' id='line_1_32' title="bbox 50 2207 246 2260; baseline -0.005 -9"><span class='ocrx_word' id='word_1_246' title='bbox 50 2210 148 2251; x_wconf 86' lang='lat' dir='ltr'><strong>transitu</strong></span> <span class='ocrx_word' id='word_1_247' title='bbox 159 2207 246 2260; x_wconf 83' lang='lat' dir='ltr'><strong>ipsius]</strong></span> 
     </span>
    </p>
   </div>
   <div class='ocr_carea' id='block_1_5' title="bbox 32 2286 817 2832">
    <p class='ocr_par' dir='ltr' id='par_1_6' title="bbox 51 2286 817 2635">
     <span class='ocr_line' id='line_1_33' title="bbox 95 2286 814 2379; baseline 0 -13"><span class='ocrx_word' id='word_1_248' title='bbox 95 2286 187 2366; x_wconf 56' lang='lat' dir='ltr'><strong>Unus</strong></span> <span class='ocrx_word' id='word_1_249' title='bbox 206 2317 275 2364; x_wconf 85' lang='lat' dir='ltr'><strong>frater</strong></span> <span class='ocrx_word' id='word_1_250' title='bbox 296 2334 323 2363; x_wconf 88' lang='lat' dir='ltr'><strong>ex</strong></span> <span class='ocrx_word' id='word_1_251' title='bbox 345 2317 459 2379; x_wconf 84' lang='lat' dir='ltr'><strong>discipulis</strong></span> <span class='ocrx_word' id='word_1_252' title='bbox 486 2317 534 2364; x_wconf 91' lang='lat' dir='ltr'><strong>eius</strong></span> <span class='ocrx_word' id='word_1_253' title='bbox 552 2316 611 2363; x_wconf 87' lang='lat' dir='ltr'><strong>fame</strong></span> <span class='ocrx_word' id='word_1_254' title='bbox 632 2334 679 2363; x_wconf 88' lang='lat' dir='ltr'><strong>non</strong></span> <span class='ocrx_word' id='word_1_255' title='bbox 700 2318 814 2366; x_wconf 89' lang='lat' dir='ltr'><strong>modicum</strong></span> 
     </span>
     <span class='ocr_line' id='line_1_34' title="bbox 51 2377 814 2442; baseline 0.009 -21"><span class='ocrx_word' id='word_1_256' title='bbox 51 2377 142 2424; x_wconf 89' lang='lat' dir='ltr'><strong>celebris</strong></span> <span class='ocrx_word' id='word_1_257' title='bbox 153 2381 210 2427; x_wconf 88' lang='lat' dir='ltr'><strong>vidit</strong></span> <span class='ocrx_word' id='word_1_258' title='bbox 226 2382 323 2426; x_wconf 87' lang='lat' dir='ltr'><strong>animam</strong></span> <span class='ocrx_word' id='word_1_259' title='bbox 333 2381 403 2442; x_wconf 88' lang='lat' dir='ltr'><strong>ipsius</strong></span> <span class='ocrx_word' id='word_1_260' title='bbox 416 2381 547 2427; x_wconf 87' lang='lat' dir='ltr'><strong>sanctissimi</strong></span> <span class='ocrx_word' id='word_1_261' title='bbox 560 2382 628 2440; x_wconf 88' lang='lat' dir='ltr'><strong>patris</strong></span> <span class='ocrx_word' id='word_1_262' title='bbox 641 2383 704 2442; x_wconf 90' lang='lat' dir='ltr'><strong>quasi</strong></span> <span class='ocrx_word' id='word_1_263' title='bbox 721 2383 814 2439; x_wconf 83' lang='lat' dir='ltr'><strong>stellam,</strong></span> 
     </span>
     <span class='ocr_line' id='line_1_35' title="bbox 51 2441 815 2507; baseline 0.009 -20"><span class='ocrx_word' id='word_1_264' title='bbox 51 2441 103 2488; x_wconf 88' lang='lat' dir='ltr'><strong>lune</strong></span> <span class='ocrx_word' id='word_1_265' title='bbox 110 2444 294 2492; x_wconf 86' lang='lat' dir='ltr'><strong>immensittatem</strong></span> <span class='ocrx_word' id='word_1_266' title='bbox 302 2444 421 2491; x_wconf 88' lang='lat' dir='ltr'><strong>habentem</strong></span> <span class='ocrx_word' id='word_1_267' title='bbox 428 2455 451 2491; x_wconf 90' lang='lat' dir='ltr'><strong>et</strong></span> <span class='ocrx_word' id='word_1_268' title='bbox 458 2446 510 2492; x_wconf 91' lang='lat' dir='ltr'><strong>solis</strong></span> <span class='ocrx_word' id='word_1_269' title='bbox 519 2444 638 2491; x_wconf 86' lang='lat' dir='ltr'><strong>claritatem</strong></span> <span class='ocrx_word' id='word_1_270' title='bbox 645 2446 815 2507; x_wconf 86' lang='lat' dir='ltr'><strong>pretendentem</strong></span> 
     </span>
     <span class='ocr_line' id='line_1_36' title="bbox 52 2510 816 2574; baseline 0.01 -23"><span class='ocrx_word' id='word_1_271' title='bbox 52 2523 118 2568; x_wconf 86' lang='lat' dir='ltr'><strong>super</strong></span> <span class='ocrx_word' id='word_1_272' title='bbox 124 2527 191 2574; x_wconf 88' lang='lat' dir='ltr'><strong>aquas</strong></span> <span class='ocrx_word' id='word_1_273' title='bbox 201 2510 283 2557; x_wconf 90' lang='lat' dir='ltr'><strong>multas</strong></span> <span class='ocrx_word' id='word_1_274' title='bbox 290 2526 303 2556; x_wconf 91' lang='lat' dir='ltr'><strong>a</strong></span> <span class='ocrx_word' id='word_1_275' title='bbox 311 2510 404 2556; x_wconf 86' lang='lat' dir='ltr'><strong>candida</strong></span> <span class='ocrx_word' id='word_1_276' title='bbox 415 2510 548 2557; x_wconf 90' lang='lat' dir='ltr'><strong>subvectum</strong></span> <span class='ocrx_word' id='word_1_277' title='bbox 560 2510 670 2556; x_wconf 91' lang='lat' dir='ltr'><strong>nubecula</strong></span> <span class='ocrx_word' id='word_1_278' title='bbox 677 2521 739 2557; x_wconf 89' lang='lat' dir='ltr'><strong>recto</strong></span> <span class='ocrx_word' id='word_1_279' title='bbox 747 2522 816 2559; x_wconf 87' lang='lat' dir='ltr'><strong>tram-</strong></span> 
     </span>
     <span class='ocr_line' id='line_1_37' title="bbox 52 2571 817 2635; baseline 0.007 -20"><span class='ocrx_word' id='word_1_280' title='bbox 52 2571 83 2616; x_wconf 89' lang='lat' dir='ltr'><strong>ite</strong></span> <span class='ocrx_word' id='word_1_281' title='bbox 99 2572 122 2619; x_wconf 90' lang='lat' dir='ltr'><strong>in</strong></span> <span class='ocrx_word' id='word_1_282' title='bbox 139 2575 213 2620; x_wconf 89' lang='lat' dir='ltr'><strong>celum</strong></span> <span class='ocrx_word' id='word_1_283' title='bbox 226 2575 384 2631; x_wconf 87' lang='lat' dir='ltr'><strong>conscendere.</strong></span> <span class='ocrx_word' id='word_1_284' title='bbox 419 2575 501 2621; x_wconf 89' lang='lat' dir='ltr'><strong>Factus</strong></span> <span class='ocrx_word' id='word_1_285' title='bbox 517 2584 550 2620; x_wconf 89' lang='lat' dir='ltr'><strong>est</strong></span> <span class='ocrx_word' id='word_1_286' title='bbox 563 2584 680 2635; x_wconf 90' lang='lat' dir='ltr'><strong>propterea</strong></span> <span class='ocrx_word' id='word_1_287' title='bbox 697 2592 817 2622; x_wconf 90' lang='lat' dir='ltr'><strong>concursus</strong></span> 
     </span>
    </p>

    <p class='ocr_par' dir='ltr' id='par_1_7' title="bbox 32 2638 816 2832">
     <span class='ocr_line' id='line_1_38' title="bbox 32 2638 816 2700; baseline -0.001 -15"><span class='ocrx_word' id='word_1_288' title='bbox 32 2682 33 2685; x_wconf 75' lang='grc'>,</span> <span class='ocrx_word' id='word_1_289' title='bbox 52 2638 190 2696; x_wconf 86' lang='lat' dir='ltr'><strong>populorum</strong></span> <span class='ocrx_word' id='word_1_290' title='bbox 208 2639 334 2685; x_wconf 90' lang='lat' dir='ltr'><strong>multorum</strong></span> <span class='ocrx_word' id='word_1_291' title='bbox 350 2638 490 2684; x_wconf 90' lang='lat' dir='ltr'><strong>laudantium</strong></span> <span class='ocrx_word' id='word_1_292' title='bbox 511 2648 534 2684; x_wconf 87' lang='lat' dir='ltr'><strong>et</strong></span> <span class='ocrx_word' id='word_1_293' title='bbox 545 2639 719 2700; x_wconf 82' lang='lat' dir='ltr'><strong>glorificantium</strong></span> <span class='ocrx_word' id='word_1_294' title='bbox 734 2656 816 2686; x_wconf 87' lang='lat' dir='ltr'><strong>nomen</strong></span> 
     </span>
     <span class='ocr_line' id='line_1_39' title="bbox 53 2699 816 2766; baseline 0.007 -22"><span class='ocrx_word' id='word_1_295' title='bbox 53 2699 140 2747; x_wconf 85' lang='lat' dir='ltr'><strong>domini</strong></span> <span class='ocrx_word' id='word_1_296' title='bbox 151 2702 287 2749; x_wconf 87' lang='lat' dir='ltr'><strong>Catervatim</strong></span> <span class='ocrx_word' id='word_1_297' title='bbox 298 2713 345 2749; x_wconf 91' lang='lat' dir='ltr'><strong>tota</strong></span> <span class='ocrx_word' id='word_1_298' title='bbox 356 2701 432 2747; x_wconf 89' lang='lat' dir='ltr'><strong>civitas</strong></span> <span class='ocrx_word' id='word_1_299' title='bbox 443 2702 501 2748; x_wconf 88' lang='lat' dir='ltr'><strong>asisii</strong></span> <span class='ocrx_word' id='word_1_300' title='bbox 513 2712 535 2748; x_wconf 88' lang='lat' dir='ltr'><strong>et</strong></span> <span class='ocrx_word' id='word_1_301' title='bbox 546 2702 620 2747; x_wconf 92' lang='lat' dir='ltr'><strong>omnis</strong></span> <span class='ocrx_word' id='word_1_302' title='bbox 635 2702 742 2750; x_wconf 89' lang='lat' dir='ltr'><strong>accelerat</strong></span> <span class='ocrx_word' id='word_1_303' title='bbox 754 2704 816 2766; x_wconf 86' lang='lat' dir='ltr'><strong>regio</strong></span> 
     </span>
     <span class='ocr_line' id='line_1_40' title="bbox 54 2764 816 2832; baseline 0.009 -23"><span class='ocrx_word' id='word_1_304' title='bbox 54 2764 129 2814; x_wconf 83' lang='lat' dir='ltr'><strong>videre</strong></span> <span class='ocrx_word' id='word_1_305' title='bbox 145 2767 256 2831; x_wconf 85' lang='lat' dir='ltr'><strong>magnalia</strong></span> <span class='ocrx_word' id='word_1_306' title='bbox 270 2767 314 2826; x_wconf 83' lang='lat' dir='ltr'><strong>dei,</strong></span> <span class='ocrx_word' id='word_1_307' title='bbox 325 2784 371 2832; x_wconf 92' lang='lat' dir='ltr'><strong>que</strong></span> <span class='ocrx_word' id='word_1_308' title='bbox 385 2767 491 2814; x_wconf 88' lang='lat' dir='ltr'><strong>dominus</strong></span> <span class='ocrx_word' id='word_1_309' title='bbox 505 2767 632 2814; x_wconf 90' lang='lat' dir='ltr'><strong>ostenderat</strong></span> <span class='ocrx_word' id='word_1_310' title='bbox 649 2767 673 2814; x_wconf 92' lang='lat' dir='ltr'><strong>in</strong></span> <span class='ocrx_word' id='word_1_311' title='bbox 689 2785 754 2816; x_wconf 89' lang='lat' dir='ltr'><strong>servo</strong></span> <span class='ocrx_word' id='word_1_312' title='bbox 767 2784 816 2816; x_wconf 81' lang='lat' dir='ltr'><strong>suc.</strong></span> 
     </span>
    </p>
   </div>
   <div class='ocr_carea' id='block_1_6' title="bbox 811 179 923 220">
    <p class='ocr_par' dir='ltr' id='par_1_8' title="bbox 811 179 923 220">
     <span class='ocr_line' id='line_1_41' title="bbox 811 179 923 220; baseline -0.009 -10"><span class='ocrx_word' id='word_1_313' title='bbox 811 179 923 220; x_wconf 76' lang='lat' dir='ltr'><strong>[n-eaxxrj]</strong></span> 
     </span>
    </p>
   </div>
   <div class='ocr_carea' id='block_1_7' title="bbox 818 1901 906 1950">
    <p class='ocr_par' dir='ltr' id='par_1_9' title="bbox 818 1901 906 1950">
     <span class='ocr_line' id='line_1_42' title="bbox 818 1901 906 1950; baseline 0 -13"><span class='ocrx_word' id='word_1_314' title='bbox 818 1901 857 1938; x_wconf 85' lang='lat' dir='ltr'><strong>Fol.</strong></span> <span class='ocrx_word' id='word_1_315' title='bbox 869 1905 906 1950; x_wconf 77' lang='lat'><strong>39¹⁰</strong></span> 
     </span>
    </p>
   </div>
   <div class='ocr_carea' id='block_1_8' title="bbox 0 0 976 3169">
    <p class='ocr_par' dir='ltr' id='par_1_10' title="bbox 0 0 976 3169">
     <span class='ocr_line' id='line_1_43' title="bbox 0 0 976 3169; baseline 0 0"><span class='ocrx_word' id='word_1_316' title='bbox 0 0 976 3169; x_wconf 95' lang='lat' dir='ltr'><strong> </strong></span> 
     </span>
    </p>
   </div>
  </div>
 </body>
</html>
