1919 3169
293 110 454 157 LEGENDA
471 108 626 169 ANTIQUA
811 111 839 171 65

74 215 176 281 reputare
192 205 266 266 debet,
284 222 402 271 quousque
420 221 459 268 per
476 205 634 268 temptationes
651 214 674 252 et
689 205 842 253 tribulationes

74 273 190 319 transierit
223 245 336 328 bubulus,
352 271 439 334 inquid,
456 271 625 344 quodammodo
642 280 676 316 est
693 272 752 318 victa
769 281 842 335 temp-

73 337 136 395 tatio,
149 354 195 401 quo
206 338 312 385 dominus
324 336 365 383 sibi
358 337 496 398 rdesponsat
507 336 604 382 animam
616 335 673 384 servi
686 337 729 382 sui
762 336 842 383 Plures

73 402 114 447 sibi
136 404 164 449 de
186 404 275 449 annosis
297 402 381 447 meritis
403 400 547 446 blandiuntur
569 411 591 446 et
613 400 675 446 nulla
696 400 841 446 substinuisse

73 476 234 527 temptamenta
244 466 357 519 letantur3
374 464 413 508 sed
429 464 536 526 quoniam
552 473 604 508 ante
620 480 764 527 congressum
781 464 842 511 solus

73 548 111 576 eos
121 541 193 577 terror
205 530 306 588 elideret,
317 528 387 575 sciant
403 527 495 589 spiritus
511 528 546 574 sui
563 528 700 574 debilitatem
717 528 842 575 considera-

74 606 120 641 tam
137 613 149 641 a
164 596 274 650 domin03
291 594 330 640 vix
346 593 406 638 enim
424 592 562 639 obiiciantur
580 594 699 640 certamina
711 592 786 649 fortia,
798 593 840 639 nisi

75 660 113 707 ubi
124 659 191 706 fuerit
202 660 275 705 virtus
286 657 388 719 perfecta.

219 811 323 861 Qualiter
335 810 511 850 verberaverunt
524 820 577 849 eum
590 810 698 850 demones

120 893 201 986 :Qun
228 925 302 972 solum
327 925 513 987 temptationibus
537 926 572 973 vir
595 926 636 972 iste
658 926 808 1000 impetebatur
829 937 872 981 ap]

74 991 171 1046 sathana,
193 1007 272 1037 verum
298 1007 366 1036 manu
390 991 417 1036 ad
441 1007 534 1036 manum
561 990 680 1053 colligebat
706 1007 758 1037 cum
785 992 840 1052 ipso.

75 1056 176 1116 Rogatus
187 1054 323 1116 quandoque
334 1071 347 1099 a
357 1054 450 1099 domino
462 1056 538 1099 Leone
552 1054 658 1099 cardinali
674 1066 748 1100 sancte
764 1055 842 1109 erucis,

75 1129 101 1164 ut
120 1134 196 1163 secum
214 1118 238 1163 in
257 1117 313 1163 urbe
332 1118 448 1180 paululum
467 1128 595 1173 moraretur,
614 1127 698 1164 turrem
720 1119 841 1179 quamdam

74 1192 183 1229 remotam
205 1182 279 1245 elegit,
299 1199 342 1246 que
365 1198 404 1245 per
426 1199 507 1229 novem
529 1192 573 1229 test
564 1181 671 1229 titudines
693 1194 843 1229 concamerata

75 1249 137 1311 quasi
156 1248 320 1294 mansiunculas
341 1247 480 1294 heremiticas
501 1247 632 1310 preferebat.
676 1248 752 1295 Prima
773 1249 842 1311 igitur

74 1324 139 1359 nocte
151 1329 202 1358 cum
213 1323 264 1373 post
275 1313 400 1358 orationem
411 1314 454 1360 deo
463 1312 537 1358 fusam
545 1312 613 1359 vellet
621 1313 740 1373 quiescere,
747 1314 842 1358 veniunt

74 1377 181 1423 demones
192 1384 214 1422 et
225 1376 316 1422 hostiles
324 1392 406 1439 agones
415 1376 541 1422 immovent
549 1386 624 1422 sancto
632 1375 676 1432 dei,
684 1393 752 1440 quem
761 1376 842 1423 diutis-

75 1442 129 1487 sime
140 1459 164 1488 ac
175 1441 294 1488 durissime
304 1440 452 1497 verberantes,
463 1442 492 1488 ad
503 1441 611 1488 ultimum
628 1443 692 1504 quasi
708 1442 841 1488 seminecem

74 1506 213 1568 relinquunt.
258 1505 304 1551 Illis
321 1506 492 1562 discedentibus
509 1516 609 1566 separato
626 1507 718 1551 tandem
734 1507 841 1562 anhelitu,

73 1580 139 1617 vocat
150 1579 240 1616 sanctus
251 1570 338 1616 socium
348 1587 413 1616 suum
431 1570 472 1616 sub
483 1569 525 1616 alia
535 1569 650 1617 testudine
660 1570 809 1617 dormientem
821 1582 843 1617 et

74 1636 173 1680 venienti
184 1635 229 1680 ait:
248 1635 331 1691 Frater,
343 1634 403 1690 volo,
415 1634 478 1695 quod
489 1650 577 1679 maneas
588 1635 650 1679 iuxta
661 1651 704 1689 me,
716 1635 768 1743 qula
781 1634 842 1680 solus

74 1715 120 1743 esse
131 1696 246 1752 formido;
263 1698 438 1744 verberaverunt
449 1697 509 1743 enirn
526 1714 561 1743 me
577 1699 684 1744 demones
700 1699 767 1759 paulo
783 1708 841 1744 ante

74 1762 196 1808 Tremebat
213 1771 252 1809 aut
253 1778 289 1807 em
307 1772 395 1808 sanctus
411 1771 434 1808 et
451 1762 614 1825 quatiebatur
609 1779 633 1808 111
650 1763 763 1820 membris,
779 1763 841 1828 quasi

73 1844 114 1890 qur
108 1826 210 1873 febrem
221 1827 362 1874 durissimam
372 1838 491 1889 pateretur.

122 1893 208 1938 Totam
219 1909 273 1953 ergo
283 1902 371 1937 noctem
383 1893 524 1952 insompnem
535 1891 676 1946 ducentibus,
685 1892 742 1938 dixit
752 1903 840 1938 sanctus

75 1957 154 2003 Franci
155 1956 220 2002 schus
231 1957 259 2001 ad
269 1956 352 2001 sotium
363 1971 446 2001 suum:
464 1956 578 2000 Demones
589 1965 641 2001 sunt
652 1954 743 2001 castaldi
754 1956 840 2002 domini

75 2032 125 2066 nost
127 2022 153 2079 ri,
171 2037 227 2083 quos
245 2020 365 2065 destinat
360 2036 406 2080 ipse
425 2021 453 2067 ad
473 2021 599 2082 puniendos
617 2036 733 2076 excessus3
749 2022 841 2085 signum

75 2095 150 2131 autem
161 2084 276 2158 amplioris
287 2094 319 2129 est
330 2085 409 2146 gratie,
421 2085 505 2131 nichil
501 2102 524 2130 111
535 2101 598 2131 servo
610 2101 650 2131 suo
667 2085 759 2146 impune
775 2087 841 2132 relin-

75 2166 150 2213 quere,
159 2150 214 2196 dum
225 2149 283 2196 vivit
293 2149 316 2195 in
328 2149 421 2196 mundo.
455 2149 508 2211 Ego
518 2166 572 2197 vero
584 2149 691 2196 offensam
703 2167 748 2195 non
760 2150 838 2207 recolo,

75 2232 143 2285 quam
153 2231 193 2274 per
206 2213 378 2258 misericordiam
395 2213 431 2258 dei
447 2213 596 2258 satisfactione
612 2229 658 2258 non
673 2214 784 2267 laverim3
802 2230 841 2260 sua

76 2277 158 2341 quippe
182 2285 274 2338 paterna
300 2275 430 2339 dignatione
457 2292 544 2351 semper
571 2277 601 2322 sic
628 2294 717 2323 mecum
740 2279 793 2341 egit,
816 2291 841 2326 ut

75 2342 184 2404 placentia
200 2353 222 2388 et
234 2341 373 2403 displicentia
388 2341 430 2387 sibi
447 2343 518 2387 oranti
535 2353 557 2388 et
573 2342 689 2389 meditanti
706 2345 841 2391 ostenderet.

75 2408 117 2452 Sed
136 2416 210 2468 potest
229 2422 281 2462 esse,
297 2406 359 2468 quod
378 2405 429 2451 ideo
446 2406 556 2453 castaldos
573 2422 625 2452 suos
643 2407 667 2452 in
686 2422 721 2452 me
740 2408 842 2469 permisit

75 2472 205 2533 irrumpere,
216 2472 269 2534 quia
280 2486 325 2517 non
336 2470 418 2516 bonam
429 2472 526 2531 speciem
537 2471 591 2529 aliis,
600 2470 683 2533 prefert
695 2473 782 2518 mansio
792 2490 842 2519 mea

75 2536 98 2581 in
109 2536 171 2581 curia
182 2546 346 2598 magnatorum.
379 2534 466 2580 Fratres
477 2536 528 2593 mei,
540 2536 578 2597 qui
592 2535 615 2580 in
631 2535 684 2581 locis
700 2538 841 2598 pauperculis

76 2610 250 2656 commorantur,
264 2600 378 2646 audientes
395 2614 431 2643 me
448 2614 501 2646 cum
519 2599 664 2646 cardinalibus
681 2616 734 2658 esse,
746 2602 842 2663 suspica-

75 2665 159 2710 buntur
169 2663 262 2710 forsitan
270 2664 398 2710 habundare
406 2663 503 2709 delitiis·
498 2664 576 2721 ‚ideo,
585 2663 658 2721 frater,
667 2664 747 2712 melius
758 2667 841 2740 iudico,

75 2746 135 2783 eum,
148 2730 188 2790 qui
201 2731 294 2790 ponitur
311 2729 335 2774 in
352 2729 486 2788 exemplum,
504 2728 581 2789 fugere
596 2730 683 2783 curias;
704 2740 727 2775 et
739 2732 841 2792 penurias

76 2792 208 2838 substientes
219 2792 290 2838 fortes
300 2792 385 2837 efficere
396 2791 476 2837 similia
487 2792 639 2839 substinendo.
672 2792 773 2839 Veniunt
788 2810 842 2858 ergo

76 2873 141 2903 mane
152 2865 174 2902 et
185 2856 283 2902 recitatis
293 2855 404 2909 omnibus,
417 2855 550 2902 valefaciunt
561 2856 701 2903 cardinalem

452 2937 464 2965 1
