1919 3169
253 72 415 120 LEGENDA
433 72 592 119 GREGORII
778 87 804 134 15

41 181 104 218 tanto
115 171 195 217 fortius
206 170 360 231 triumphabit.
395 170 537 216 Generosum
552 169 661 227 animum,
672 170 702 215 ait
713 170 805 232 quidam

41 235 139 282 dedecus
150 235 216 281 efficit
227 235 352 280 fortiorem.

90 299 196 362 Cumque
210 299 252 344 diu
268 315 346 344 rumor
360 313 384 343 ac
401 297 493 359 plausus
509 297 642 344 huiusmodi
658 298 686 343 de
703 299 752 359 ipso
768 314 807 358 per

42 364 125 426 plateas
146 379 171 409 ac
189 364 252 410 vicos
271 363 405 410 discurreret
427 362 539 417 civitatis;
561 373 584 408 et
599 363 643 407 huc
665 372 733 424 atque
754 361 807 407 illuc

42 429 211 474 illudentium²⁵
239 427 326 474 sonitus
352 426 477 483 resultaret,
504 427 563 472 inter
589 427 681 484 multos,
709 443 806 489 quorum

42 493 118 553 tetigit
129 509 199 548 aures,
211 492 293 537 horum
304 491 364 535 fama
375 491 465 536 tandem
477 491 579 551 pervenit
589 491 616 537 ad
628 502 722 552 patrem.
757 490 806 542 Qui

43 571 95 602 curn
106 555 205 602 audisset
216 554 257 601 filii
269 555 304 601 sui
316 570 399 600 nornen
414 564 437 599 et
452 554 474 598 in
492 554 579 599 eo‘tale
595 555 714 617 negotium
725 570 737 600 a
753 571 807 599 con-

42 619 130 667 civibus
141 618 274 683 intorqueri,
285 618 395 666 continuo
407 620 480 682 surgit
491 634 537 664 non
548 619 576 664 ad
593 618 734 665 liberandum
746 634 806 677 eum,

43 684 82 730 sed
93 685 170 747 potius
181 685 210 731 ad
226 684 374 746 perdendum.
409 685 524 745 Nullaque
540 684 695 731 moderatione
714 694 806 743 servata,

43 759 157 812 tamquam
172 749 239 811 lupus
255 749 283 795 ad
303 765 369 796 ovem
389 748 485 806 advolat,
497 758 520 794 et
537 758 603 795 torvo
622 765 646 795 ac
666 748 723 795 truci
741 748 807 794 vultu

43 814 108 860 illum
131 814 251 875 respicens,
273 813 354 860 iniecta
375 829 444 859 manu
465 813 622 870 inverecunde,
644 829 669 859 ac
691 813 808 859 inhoneste

43 878 97 924 satis
118 877 145 924 ad
167 878 281 939 propriam
303 878 399 923 domum
421 877 527 939 pertraxit
548 893 608 923 eum.
641 878 720 938 Sisque
744 879 806 922 omni

43 942 186 990 miseratione
198 941 316 1000 subtracta,
328 957 368 1004 per
379 942 455 1003 plures
466 942 513 989 dies
527 957 580 988 eum
592 942 615 988 in
626 941 746 989 tenebroso
756 942 807 988 loco
880 988 882 992 ,

43 1006 141 1064 reclusit,
169 1017 272 1053 constans
294 1007 437 1069 propositum
459 1017 481 1052 et
505 1017 588 1069 putans
612 1008 713 1053 animum
737 1007 808 1053 eius²⁶
856 1060 859 1064 γ

44 1072 132 1116 flectere
151 1072 179 1116 ad
195 1072 231 1116 sui
248 1087 391 1126 consensum,
402 1072 476 1132 primo
493 1071 574 1128 verbis,
585 1070 666 1116 deinde
677 1070 808 1117 verberibus

43 1145 66 1181 et
76 1133 172 1181 vinculis
182 1135 253 1196 agitf⁷
261 1117 329 1196 alsine
339 1150 394 1181 vero
405 1151 432 1180 ex
443 1134 485 1180 hoc
501 1134 529 1180 ad
541 1135 695 1197 exequendum
706 1135 809 1198 proposi—
879 1148 892 1169 ¹«

44 1209 94 1246 turn
116 1209 218 1246 sanctum
240 1199 365 1261 promptior
387 1208 409 1245 et
430 1198 525 1246 validior
547 1199 698 1255 reddebatur;
720 1209 743 1245 et
768 1216 808 1245 nec

44 1263 190 1326 exprobratus
207 1264 288 1322 verbis,
305 1281 345 1310 nec
361 1263 458 1312 vinculis
473 1263 585 1327 fatigatus,
597 1265 725 1326 patientiam
745 1264 808 1311 dere-

44 1329 136 1391 liquit²⁸

93 1393 147 1438 Non
158 1393 242 1438 enim2⁹
253 1407 292 1453 per
304 1392 389 1453 flagella
404 1401 427 1437 et
441 1392 532 1438 vincula
542 1403 618 1453 potest
634 1409 646 1438 a
657 1394 739 1438 mentis
749 1402 809 1439 recta

45 1456 170 1502 intentione
181 1456 292 1503 declinare
306 1472 330 1502 ac
346 1465 413 1511 statu,
425 1471 464 1501 nec
484 1471 496 1501 a
512 1456 589 1502 christi
602 1472 669 1518 grege
680 1455 761 1502 abduci
773 1457 808 1502 cui

45 1520 167 1582 precipitur
194 1520 241 1566 in³⁰
267 1519 412 1566 tribulatione
438 1520 541 1582 gaudere.
586 1521 635 1567 Nec
663 1520 759 1583 trepidat
786 1521 809 1567 in

45 1584 132 1630 diluvio
140 1593 155 1616 ³²
174 1601 283 1647 aquarum
301 1586 433 1642 multarum,
450 1585 486 1629 cui
504 1596 538 1630 est
557 1585 672 1646 refugium
685 1602 696 1630 a
708 1602 809 1647 pressura

44 1647 105 1694 filius
116 1650 159 1707 dei,
171 1650 211 1711 qui
224 1666 251 1694 ne
262 1659 338 1694 nostra
356 1647 420 1695 nobis
437 1647 511 1711 aspera
528 1649 654 1705 videantur,
667 1666 753 1711 semper
770 1667 809 1695 sua

45 1715 144 1760 ostendit
155 1730 202 1759 esse
213 1714 305 1769 maiora,
317 1730 362 1775 que
373 1713 473 1775 pertulit.

97 1963 199 2015 Qualiter
211 1966 285 2005 mater
298 1964 347 2004 eius
361 1963 428 2004 solvit
441 1975 506 2015 eum3
520 1966 543 2005 et
556 1964 670 2014 quomodo
682 1976 757 2006 coram
813 1967 884 2012 [A-er]

228 2017 335 2067 episcopo
349 2016 424 2059 assisii
437 2020 475 2058 se¹
489 2016 627 2058 denudavit!

91 2120 216 2208 Battum
233 2161 281 2199 est²
297 2163 380 2209 autem,
398 2170 451 2199 cum
470 2164 532 2215 pater
551 2155 607 2212 eius,
623 2153 726 2200 familiari
745 2172 810 2202 causa

46 2229 148 2282 urgente,
167 2217 333 2281 aliquantulum
352 2235 365 2265 a
383 2218 473 2280 propria
494 2218 648 2276 discessisset3
670 2228 692 2265 et
716 2219 751 2266 vir
772 2221 809 2266 dei

45 2285 135 2330 vinctus
146 2283 169 2328 in
180 2284 263 2329 domus
274 2282 386 2345 ergastulo
398 2294 543 2345 permaneret,
555 2293 625 2329 mater
641 2284 697 2339 eius,
708 2301 753 2346 que
765 2285 810 2332 sola

46 2348 108 2393 domi
130 2363 182 2392 curn
204 2363 231 2392 eo
253 2356 396 2404 remanserat,
417 2346 502 2393 factum
524 2348 567 2393 viri
584 2348 618 2392 sui
635 2364 681 2393 non
698 2348 810 2410 probans,³

46 2410 187 2458 sermonibus
198 2410 271 2458 filium
282 2411 380 2457 allocuta
390 2420 431 2457 est.
460 2411 565 2475 Cumque
575 2411 670 2469 videret,
682 2413 744 2475 quod
756 2430 808 2459 eum

85 2590 100 2616 ²5
109 2586 137 2625 H.
147 2588 285 2624 discurrentium.
363 2586 379 2609 ²⁶
390 2587 418 2624 H.
428 2602 482 2626 suum.
556 2588 733 2640 ²⁷M.derelenquir.

84 2638 100 2661 ²8
110 2639 133 2674 E.
143 2639 177 2674 and
185 2638 217 2673 W.
225 2649 315 2674 constans
324 2651 420 2675 rnorosrrr.
453 2640 480 2677 H.
488 2640 546 2677 omits.

19 2713 21 2715 -
84 2687 137 2726 29Η.
151 2701 198 2726 vero.
276 2692 292 2716 3⁰
301 2687 340 2724 Ox.
350 2690 411 2725 inserts
420 2689 479 2726 multa.
570 2693 586 2718 31
596 2690 620 2727 L.
630 2689 707 2727 duluvio.

85 2744 91 2762 ¹
106 2739 139 2778 Os.
153 2752 179 2783 se
188 2740 288 2783 nudavit.
315 2739 353 2779 Ox.
364 2741 487 2784 denudavit
496 2753 555 2784 eum»
607 2746 615 2763 ²
624 2743 648 2781 E.
657 2743 691 2780 and
700 2743 732 2778 W,
742 2746 790 2782 onrit.

85 2797 92 2820 3
101 2792 133 2830 W.
140 2795 236 2844 approbans
244 2793 316 2830 blandis.
