1919 3169
230 78 429 127 TRACTATUS
450 77 625 124 SECUNDUS
782 90 809 139 53

44 192 119 222 minus
126 186 257 233 reverenter
264 193 309 222 non
316 184 381 221 voca
383 191 415 231 us,
372 174 503 222 titacced
494 173 812 248 t,pulsoquehostiolo,intra-

44 252 109 285 turus
120 256 142 284 se
153 241 242 302 ingerit.
276 242 308 286 Et
321 256 377 296 ecce,
390 239 444 283 dum
461 250 528 300 caput
544 238 648 283 immittit
664 249 811 300 sanctumque

45 315 146 350 orantem
164 306 241 363 cernit,
254 314 345 366 repente
364 319 414 348 eum
432 304 537 350 concutit
548 314 633 349 tremor
651 312 673 348 et
689 301 811 412 obqigenti-

45 368 86 415 bus
108 369 213 416 membris
235 370 301 416 etiam
322 369 399 430 oque
401 384 436 413 am
458 368 549 416 amictit.
588 366 672 413 Subito
694 368 809 413 voluntate

44 434 130 480 domini
145 450 184 495 per
195 435 242 482 vim
254 434 313 480 foras
324 433 458 495 propellitur
474 443 497 478 et
509 433 641 495 retrogrado
657 433 713 494 pede
728 432 808 494 procul

45 498 168 544 abducitur.
208 500 290 555 Credo,
309 498 346 544 vel
364 499 411 559 ipse
432 498 537 561 indignus
558 507 605 543 erat
625 514 729 543 arcanum
750 496 808 542 illud

45 563 158 622 inspicere,
170 563 205 608 vel
216 564 252 609 ille
264 564 352 624 dignus,
364 562 425 623 quod
436 572 537 608 tenuerat
553 562 603 622 plus
613 572 694 609 tenere.
729 562 809 622 Stupe-

45 624 116 672 factus
135 626 257 690 episcopus,
268 626 327 673 redit
349 627 377 672 ad
398 625 477 671 fratres
498 636 520 672 et
538 626 612 688 primo
630 625 700 672 verbo
721 624 809 689 culpam

45 691 165 750 confessus,
183 692 295 756 loquelam
309 701 432 753 recuperat.

67 838 186 904 Quomodo
199 839 292 890 quidam
306 838 384 880 Abbas
397 839 469 880 sensit
482 839 589 880 virtutem
604 839 713 881 orationis
726 839 782 881 eius.
816 847 927 888 [A-LiuonJ]

92 921 183 1014 ⁸Hlio
209 964 311 1028 tempore
338 952 439 1015 contigit,
463 951 564 999 abbatem
586 952 718 1017 Monosterij
744 952 813 1000 sancti

46 1019 151 1078 Severini
161 1019 189 1065 de
200 1020 328 1081 episcopatu
337 1018 431 1077 Perusii‚
440 1017 530 1065 obviare
541 1028 616 1064 sancto
625 1018 757 1065 Francischo
759 1019 813 1082 ,qui

47 1085 75 1130 de
86 1100 144 1146 equo
156 1083 229 1129 celerit
221 1095 253 1129 ter
265 1084 407 1137 descendens,
420 1100 488 1143 pauca
499 1084 527 1128 de
538 1083 609 1128 salute
622 1084 695 1129 anime
709 1101 747 1129 sue
762 1100 815 1129 con-

46 1147 100 1193 tulit
114 1163 166 1192 cum
182 1148 269 1203 eodem,
284 1148 376 1192 tandem
394 1120 513 1191 abscedens
529 1147 587 1190 orari
604 1161 685 1208 prose
702 1147 816 1191 humiliter

47 1223 84 1274 pet
76 1213 125 1268 tiit;
148 1213 183 1258 cui
199 1213 315 1286 respondit
334 1222 422 1258 sanctus
440 1212 597 1257 Francischus:
618 1211 701 1268 Orabo,
718 1213 815 1267 domine,

47 1276 148 1323 libenter.
182 1277 288 1323 Parum'
284 1287 358 1339 itaque
378 1266 504 1322 discedente
523 1275 601 1321 abbate
620 1292 632 1320 a
651 1286 711 1322 sanct
713 1293 727 1322 0
703 1277 816 1321 t-Fran

48 1342 128 1398 eischo‚
140 1341 197 1388 dixit
208 1352 297 1388 sanctus
308 1342 336 1387 ad
347 1341 441 1387 sotium:
460 1341 567 1403 Expecta,
579 1339 654 1396 frater,
666 1357 752 1403 parum,
764 1341 816 1405 quia

49 1406 152 1453 debitum
163 1407 259 1451 volol
226 1408 259 1452 sol
260 1423 318 1455 vere
332 1406 393 1468 quod
404 1406 504 1466 promisi.
539 1406 594 1450 Mos
605 1405 664 1450 enim
675 1408 717 1463 iste
730 1422 817 1467 semper

49 1470 123 1515 fuit
105 1488 132 1526 er,
144 1480 170 1515 ut
181 1471 304 1515 orationem
316 1469 443 1532 postulatus
457 1486 502 1513 non
516 1479 568 1530 post
584 1480 675 1532 tergum
692 1470 816 1544 proiiceret,

49 1535 88 1582 sed
110 1536 154 1581 cito
176 1535 306 1582 huiusmodi
328 1535 463 1598 promissum
486 1534 596 1596 impleret.
639 1534 719 1581 Sancto
744 1535 817 1598 itaque

50 1600 188 1662 supplicante
209 1601 237 1647 ad
259 1601 332 1655 deum,
351 1600 425 1645 subito
441 1598 507 1645 abbas
526 1599 563 1644 ille
581 1599 698 1645 insolitum
720 1600 817 1645 colorem

51 1675 73 1709 et
89 1664 236 1719 dulcedinem,
256 1666 362 1709 hactenus
384 1665 527 1724 inexpertam,
548 1664 615 1707 sentit
636 1664 659 1707 in
681 1665 768 1724 spiritu,
787 1665 819 1708 ita

51 1728 113 1790 quod
124 1728 147 1773 in
159 1744 249 1774 excessu
262 1729 344 1774 mentis
357 1727 429 1774 factus
442 1737 505 1774 totus
521 1744 533 1773 a
549 1743 571 1772 se
582 1727 674 1773 deficere
690 1728 752 1776 visus
767 1727 816 1776 fuit.

51 1794 125 1840 Parva
139 1794 226 1840 morula
240 1793 339 1839 substitit
356 1803 379 1839 et
395 1793 418 1839 in
434 1810 456 1838 se
471 1809 573 1838 reversus
587 1792 696 1839 virtutem
713 1792 819 1839 orationis

51 1859 120 1905 sancti
141 1859 251 1905 Francisci
269 1859 383 1920 cognovit.
426 1857 511 1904 Maiori
528 1857 622 1920 proinde
642 1857 699 1904 circa
717 1859 819 1905 ordinem

53 1940 139 1985 semper
163 1941 238 1969 amore
262 1924 370 1986 flagravit,
394 1923 515 1985 multisque
539 1922 624 1968 factum
648 1939 690 1983 pro
712 1924 819 1969 miraculo

53 1988 135 2034 retulit.

206 2123 239 2164 De
252 2122 368 2163 intellectu
382 2122 456 2163 sancti
469 2122 492 2162 in
505 2122 577 2162 sacris
590 2121 676 2162 litteris
822 2129 943 2170 [ii-Lxxxufl

102 2212 229 2295 Quamvis
240 2233 309 2276 homo
322 2232 364 2276 iste
375 2232 453 2277 beatus
467 2232 533 2276 nullis
549 2231 617 2275 fuerit
633 2232 723 2277 scientie
739 2234 820 2279 studiis

55 2299 186 2353 innutritus
196 2308 271 2343 tamen
283 2312 326 2358 que
338 2296 463 2341 desursum
476 2307 508 2341 est
520 2313 532 2341 a
542 2297 585 2342 deo
595 2296 724 2358 sapientiam
736 2298 821 2343 discens

56 2377 78 2411 et
89 2375 164 2410 eterne.
174 2363 230 2408 lucis
243 2361 360 2406 irradiatus
371 2361 505 2423 fulgoribus,
516 2362 544 2407 de
557 2361 673 2423 scripturis
684 2379 729 2407 non
746 2364 822 2408 infima

56 2429 171 2476 sentiebat.
204 2425 336 2473 Penetrabat
346 2426 414 2485 enim,
425 2426 451 2472 ab
463 2427 524 2471 omni
540 2426 595 2481 labe,
607 2441 689 2487 purum
706 2428 822 2490 ingenium

58 2493 232 2539 ministeriorum
254 2491 382 2535 abscondita
403 2501 426 2535 et
447 2490 485 2535 ubi
507 2491 641 2553 magistralis
662 2493 752 2537 scientia
769 2492 822 2537 foris

58 2568 98 2614 est,
110 2557 201 2602 affectus
211 2554 317 2600 introibat
328 2554 428 2600 amantis.
462 2554 561 2616 Legebat
572 2553 708 2618 quandoque
719 2556 742 2601 in
757 2557 823 2601 sacris

58 2623 119 2669 libris
136 2632 158 2668 et
174 2621 236 2684 quod
252 2620 327 2665 animo
343 2620 410 2664 semel
426 2619 537 2676 iniecerat,
554 2619 701 2666 indelebiliter
715 2621 823 2667 scribebat

58 2689 82 2733 in
99 2687 171 2733 corde.
205 2685 341 2731 Memoriam
358 2700 399 2744 pro
415 2684 478 2729 libris
493 2684 594 2741 habebat,
610 2685 663 2745 quia
679 2702 725 2730 non
741 2686 824 2732 frustra

59 2752 131 2808 semel·
143 2748 242 2812 capiebat
258 2748 348 2794 auditus
365 2748 426 2810 quod
443 2747 548 2794 continua
564 2747 685 2795 devotione
701 2748 826 2796 ruminabat

60 2816 158 2862 affectus.
199 2815 270 2860 Hunc
292 2812 392 2859 discendi
414 2812 546 2874 legendique
568 2812 662 2858 modum
684 2813 825 2861 fructuosum
