1919 3169
248 82 406 129 LEGENDA
422 81 580 143 ANTIQUA
772 99 799 145 19

31 177 117 239 prolata
135 193 174 240 per
192 177 253 226 alios.
298 177 368 239 Quod
387 176 405 223 si
423 177 560 240 quandoque
576 192 615 239 per
631 175 728 240 aliquem
745 194 798 225 con-

31 244 145 306 tingeret;
167 253 194 289 ut
213 243 271 290 ultra
290 259 336 289 non
355 242 454 298 adderet,
471 259 527 304 pena
546 243 648 299 docente,
666 242 757 288 cavebat
775 244 799 288 in

32 319 155 371 posterum.
188 308 239 354 Sine
250 308 421 363 intermissione,
433 306 511 353 diebus
524 323 548 354 ac
561 305 670 365 noctibus,
681 307 799 354 existentes

33 375 56 419 in
70 375 128 428 loco,
141 374 222 420 divinis
237 377 301 419 erant
317 372 420 419 laudibus
438 374 540 434 occupati
555 383 577 419 et
595 373 664 418 odore
682 373 739 418 miro
755 373 801 419 fra-

32 447 122 499 grantes
133 438 204 485 vitam
215 437 325 483 ducebant
337 436 466 498 angelicam.
500 437 587 482 Merito
604 437 704 498 quidem,
716 436 800 483 solebat

33 502 93 548 enirn
104 511 208 548 veterum
218 501 344 548 incolarum
355 500 426 547 relatu
438 509 511 546 sancta
522 501 597 547 Maria
613 500 641 547 de
657 501 741 564 angelis
757 502 801 548 alio

33 568 124 613 nomine
135 567 187 615 dici.

81 632 215 678 Revelatum
227 630 268 677 sibi
279 647 292 676 a
303 631 346 677 deo
354 630 408 676 felix
418 639 480 689 pater
488 630 582 688 dicebat,
590 631 676 676 beatem
684 631 800 691 Virginem

33 695 91 740 inter
102 695 154 740 alias
165 694 263 739 ecclesias
273 695 302 740 ad
313 710 379 739 suum
395 693 504 738 honorem
521 694 544 738 in
561 695 648 739 mundo
664 704 800 739 constructas

33 760 146 806 ecclesiam
165 759 226 804 illam
245 760 331 820 speciali
351 774 427 804 amore
445 759 555 820 diligere3
576 759 627 804 ideo
644 769 733 805 sanctus
752 775 800 804 eam

34 840 73 886 pre
90 824 167 870 ceteris
183 824 235 886 plus
251 822 345 869 amabat.

79 952 226 1035 Visionem
244 985 357 1046 quandam
374 994 424 1030 ante
441 984 609 1030 conversionem
629 1001 692 1030 suam
710 985 854 1046 quidam[ss-J]

17 1049 131 1097 ,devotus
149 1048 218 1094 frater
235 1048 263 1093 de
282 1049 328 1110 ipsa
345 1048 432 1094 viderat
451 1046 557 1093 relatione
576 1048 716 1110 condignam.
763 1050 800 1095 In-

35 1130 142 1160 numeros
154 1114 255 1159 homines
266 1113 367 1159 cernebat
379 1114 402 1158 in
413 1114 464 1158 visu
471 1113 568 1159 dolenda
579 1114 671 1159 cecitate
679 1129 802 1174 percussos,

34 1178 90 1224 facie
101 1179 185 1224 directa
195 1179 219 1223 in
233 1177 312 1236 celum,
325 1178 418 1240 genibus
434 1177 503 1235 flexis,
515 1178 538 1222 in
554 1178 623 1224 huius
639 1178 728 1223 ecclesie
744 1189 802 1224 stare

34 1244 136 1301 circuitu,
153 1243 191 1307 qui
207 1259 291 1301 omnes,
303 1240 439 1304 lacrymabili
458 1258 520 1298 voce,
532 1243 635 1288 manibus
651 1244 762 1304 protensis
778 1244 801 1289 in

35 1308 107 1353 altum
128 1306 251 1353 clamabant
272 1308 300 1352 ad
322 1308 397 1360 deum,
418 1306 593 1351 misericordiam
617 1307 755 1366 postulantes
779 1319 801 1352 et

34 1372 119 1417 lumen.
158 1370 190 1416 Et
209 1386 258 1416 ecce
277 1370 356 1433 ingens
372 1370 400 1416 de
419 1368 466 1414 celo
485 1368 591 1430 splendor
609 1370 707 1426 advenit,
721 1386 743 1415 se
763 1386 802 1432 per

35 1453 113 1483 omnes
130 1435 265 1492 diffundens,
280 1436 320 1498 qui
338 1431 410 1481 lucem
428 1433 550 1498 unicuique
567 1434 648 1482 tribuit
668 1446 690 1481 et
706 1437 800 1482 salutem

35 1502 181 1548 desideratam
193 1501 308 1547 concessit.

134 1630 168 1671 De
181 1628 353 1670 conversatione
367 1628 441 1669 sancti
454 1627 559 1669 francisci
572 1630 596 1670 et
609 1627 704 1669 fratrum
807 1632 876 1680 F01.19

85 1715 243 1809 Rumquam
267 1744 370 1807 parcebat
391 1745 479 1805 corpori
504 1745 580 1791 christi
603 1755 708 1792 strenuus
732 1747 835 1806 milesne]

39 1829 152 1874 exponens
163 1811 220 1857 illud
230 1822 346 1873 tamquam
357 1809 448 1856 alicuius
459 1826 472 1854 a
483 1826 505 1854 se
516 1809 621 1856 omnibus
637 1822 683 1856 tarn
700 1829 802 1874 operum,

40 1893 108 1939 quarn
119 1876 240 1922 verborum
254 1875 348 1920 iniuriis.
382 1873 540 1934 Apostolicum
556 1876 665 1935 scriptum
682 1878 804 1933 excederet,

40 1956 87 2002 quo
106 1950 236 1986 sanctorum
253 1939 374 1983 recitantur
393 1938 502 1999 angustie,
520 1938 538 1981 si
553 1939 604 1999 quis
618 1954 649 1993 ea,
666 1955 710 2001 que
728 1957 804 2002 passus

39 2016 73 2051 est
84 2005 132 2061 iste,
143 2003 244 2065 redigere
254 2003 295 2048 sub
308 2019 402 2048 numero
413 2001 496 2057 vellet;
513 2003 552 2048 sed
565 2003 633 2048 etiam
644 2015 666 2049 et
677 2015 723 2050 tota
734 2007 805 2067 prima

40 2069 77 2115 illa
87 2086 127 2115 sua
137 2068 195 2115 scola
205 2067 311 2113 omnibus
322 2084 344 2112 se
355 2066 465 2112 subdebat
476 2067 609 2123 incomodis,
616 2078 643 2113 ut
655 2067 714 2115 nefas
725 2071 805 2116 ducer-

40 2145 98 2194 etur,
114 2135 132 2180 si
149 2134 198 2198 quis
216 2133 239 2178 in
257 2133 333 2195 aliquo
350 2132 400 2190 alio,
418 2148 487 2194 quam
505 2132 527 2178 in
547 2132 697 2180 consolatione
714 2136 805 2197 spiritus

40 2201 165 2260 respiraret.
198 2198 258 2242 Nam
270 2214 322 2242 cum
336 2197 424 2241 circulis
435 2196 511 2241 ferreis
522 2207 545 2243 et
560 2198 635 2243 loricis
651 2215 673 2243 se
690 2201 805 2260 cingerent

40 2272 63 2308 et
82 2263 195 2318 vestirent,
213 2260 294 2323 vigiliis
314 2260 391 2305 multis
413 2268 436 2304 et
457 2259 543 2304 ieiuniis
564 2262 667 2306 macerati
685 2263 805 2321 continuis,
869 2280 871 2284 ·

41 2328 171 2374 multotiens
190 2325 330 2381 defecissent,
348 2324 390 2370 nisi
410 2324 441 2386 pii
460 2326 554 2387 pastoris
573 2326 696 2372 monitione
719 2329 806 2376 assidua

41 2394 139 2455 rigorem
155 2401 216 2438 tante
234 2389 365 2436 abstinentie
381 2389 520 2435 relaxassent.

90 2522 200 2610 Qlamat
221 2569 266 2599 una
284 2553 312 2598 de
333 2551 413 2597 ovibus
434 2562 500 2597 nocte
520 2554 624 2615 quadam,
644 2554 856 2616 quiescentibus[c-J]

42 2621 134 2668 ceteris:
153 2618 251 2677 Morior,
263 2615 348 2671 fratres,
360 2614 445 2660 morior
455 2632 505 2662 ecce
515 2615 580 2665 fame.
615 2618 691 2682 Surgit
704 2621 808 2682 protinus

43 2697 119 2749 pastor
131 2684 235 2748 egregius
250 2693 272 2730 et
283 2681 369 2731 ovicule
380 2681 483 2730 morbide
493 2684 592 2730 remedio
603 2683 679 2731 debito
689 2686 807 2733 subvenire

44 2751 141 2797 festinat.
191 2750 296 2795 Mensam
318 2746 388 2810 parari
410 2746 479 2805 iubet,
499 2748 551 2795 licet
568 2748 685 2795 rusticanis
703 2750 807 2799 refertam

44 2816 133 2871 delitiis,
151 2813 190 2862 ubi
203 2814 250 2859 vini
267 2812 387 2868 defectum,
399 2811 456 2856 sicut
474 2822 497 2857 et
513 2813 593 2874 sepius,
611 2829 668 2875 aqua
687 2816 807 2877 supplevit.
