1919 3169
347 137 526 186 uinacuan
766 147 810 198 ‘141

52 231 107 278 liber
119 249 131 279 a
142 233 227 290 morbo,
237 234 285 280 sitis
296 236 424 282 anxiaretur
435 235 558 290 ardoribus
570 235 687 282 deficiente
697 235 740 282 iam
752 252 816 298 aqua,

52 296 110 358 cepit
121 298 165 343 alta
175 315 231 345 voce
242 300 336 344 clamare
348 317 352 345 t
371 300 404 344 Ite
419 300 521 355 fidenter,
532 299 619 344 haurite
635 298 743 360 poculum
754 301 818 357 mihi,

53 361 105 424 quia
132 360 209 408 beatus
224 363 364 410 ‘Franciscus
386 364 500 412 vasculum
528 380 605 411 meum
632 381 688 426 aqua
715 364 817 427 replevit.

53 426 143 485 Mirum
154 438 219 474 certe.
253 429 391 476 Invenerunt
401 446 440 476 vas
451 447 508 492 aqua
519 431 637 491 repletum,
650 429 711 492 quod
723 446 818 476 vacuum

52 500 75 535 et
83 491 148 536 inane
157 492 295 539 dimiserant.
328 493 380 538 Alia
391 510 444 539 vero
455 495 490 541 die
506 504 558 555 post
567 495 616 549 hoc,
624 510 676 539 curn
687 504 819 554 tempestate

53 554 145 601 suborta
156 556 280 617 operiretur
291 557 354 602 navis
369 557 472 603 fluctibus
483 568 505 602 et
516 557 618 621 procellis
630 567 759 623 quateretur
771 573 819 619 per-

54 618 140 680 validis,
155 620 186 667 ita
202 631 229 666 ut
242 622 286 667 iam
302 622 428 685 naufragari
442 624 554 678 timerent,
570 624 628 684 cepit
642 623 703 669 idem
718 622 821 669 infirmus

55 684 130 730 subito
141 684 237 732 clamore
249 686 365 733 vociferari
377 703 416 747 per
427 703 522 733 navem:
540 688 628 750 Surgite
638 703 724 743 omneS,
733 686 821 749 inquid,

54 759 76 796 et
92 748 157 796 beato
171 749 288 798 Francisco
302 752 400 799 venienti
417 753 534 800 occurrite.
567 753 625 799 Ecce
642 753 669 800 ad
687 751 819 800 salvandum

55 830 95 858 nos
106 815 175 859 adest.
208 816 285 879 Sicque
297 833 349 862 cum
360 833 415 863 voce
423 834 504 879 magna
512 828 535 862 et
542 817 639 863 lacrimis
647 817 670 862 in
679 817 758 863 faciem
766 833 820 878 pro-

55 878 130 925 cidens
147 879 257 926 adoravit.
289 882 368 926 Statim
382 881 409 927 ad
422 882 491 937 sancti
502 877 611 928 visionem
624 896 715 928 omnem
726 881 821 943 sospita-

55 953 101 990 tem
110 945 231 1007 resumpsit
240 945 342 991 infirmus
352 962 358 1002 ;
375 955 398 991 et
407 946 473 992 maris
481 944 525 992 fuit
534 946 684 1010 tranquillitas
695 946 820 993 subsecuta.

103 1009 182 1055 Frater
193 1010 286 1055 Iacobus
299 1011 415 1067 Reatinus,
427 1027 479 1057 cum
491 1012 513 1056 in
531 1011 631 1057 navicula
642 1012 741 1057 residens
752 1011 820 1057 vellet

56 1072 152 1117 fluvium
169 1075 318 1133 transvadare,
330 1075 393 1120 sotiis
408 1075 483 1136 primo
494 1075 571 1136 positis
584 1091 651 1136 super
667 1075 747 1136 ripam,
758 1086 821 1136 post—

56 1153 119 1183 remo
136 1154 158 1183 se
175 1138 203 1184 ad
214 1139 299 1185 exitum
311 1139 447 1200 preparabat.
481 1140 525 1184 Sed
539 1139 626 1185 modica
638 1137 676 1184 illa
691 1139 761 1193 navis,
772 1149 820 1184 rate

55 1219 95 1265 per
106 1201 260 1249 infortunium
276 1203 385 1260 revoluta,
395 1214 481 1249 rectore
498 1215 596 1259 natante,
607 1202 674 1249 frater
690 1203 821 1250 submersus

55 1266 122 1314 estin
133 1268 281 1330 profundum.
309 1268 445 1316 Invocabant
456 1268 536 1315 fratres
547 1279 609 1316 extra
616 1268 683 1331 positi
694 1268 820 1316 affectuosis

55 1331 149 1379 vocibus
161 1332 251 1379 beatum
263 1334 406 1380 Franciscum
415 1343 443 1389 et,
451 1344 477 1379 ut
488 1333 534 1379 filio
546 1344 691 1388 succurreret,
698 1334 822 1379 lacrimosis

56 1395 159 1458 precibus
175 1396 343 1458 compellebant.
379 1396 512 1443 Submersus
528 1397 595 1443 ctiam
608 1396 684 1451 frater,
698 1397 726 1442 dc
742 1407 821 1443 ventre

56 1460 153 1524 gurgitis
160 1461 225 1507 nimis
232 1461 341 1518 immensi,
350 1478 402 1508 cum
410 1477 448 1508 ore
455 1477 501 1508 non
508 1471 590 1524 posset,
598 1460 665 1507 corde
673 1460 788 1518 clamabat,
795 1469 821 1524 ut
829 1474 830 1477 ’

56 1537 151 1588 poterat.
183 1527 214 1573 Et
230 1544 286 1582 ecce,
300 1528 419 1573 auxiliante
438 1527 479 1572 sibi
497 1527 565 1589 patris
582 1527 699 1588 presentia,
712 1543 752 1587 per
768 1536 865 1588 pro-Ful.
873 1540 912 1584 57'0

56 1590 155 1637 fundum
164 1591 221 1637 sicut
229 1608 269 1653 per
277 1592 362 1637 aridam
371 1590 498 1637 ambulabat
508 1607 514 1646 ;
532 1600 555 1636 et
566 1591 687 1637 demersam
695 1591 820 1638 naviculam

58 1655 151 1716 capiens,
166 1671 218 1700 cum
233 1672 258 1700 ea
273 1656 375 1716 pervenit
391 1656 418 1701 ad
429 1655 489 1700 litus.
523 1654 628 1700 Mirabile
642 1655 712 1700 dictu.
746 1654 822 1700 Vesti-

58 1729 133 1765 menta
143 1719 191 1765 eius
202 1719 315 1767 madidata
325 1736 371 1766 non
382 1728 442 1775 sunt,
454 1736 494 1766 nec
505 1736 561 1782 aque
572 1729 637 1782 gucta
647 1718 783 1780 proximavit
793 1718 822 1765 ad

58 1784 163 1831 tunicam.

107 1851 150 1895 Per
159 1849 234 1895 lacum
244 1851 366 1895 Reatinum
374 1850 417 1894 viri
425 1849 472 1894 duo
483 1858 505 1893 et
516 1848 611 1894 totidem
620 1848 702 1893 femine
714 1865 765 1893 cum
777 1865 823 1893 uno

58 1929 128 1974 puero
140 1914 278 1976 navigantes,
289 1913 313 1958 in
329 1913 421 1958 alteram
433 1921 520 1975 partem
535 1929 587 1957 casu
600 1922 708 1974 vergente
721 1911 823 1957 navicula

59 1990 81 2026 et
98 1978 174 2026 subito
190 1993 248 2043 aqua
263 1979 355 2041 repleta,
368 1978 518 2041 propinquare
535 1976 668 2023 videbantur
679 1977 707 2023 ad
718 1987 822 2025 mortem.

59 2045 213 2090 Clamantibus
233 2044 338 2089 omnibus
356 2053 379 2087 et
398 2043 426 2089 de
444 2052 517 2088 morte
534 2041 579 2087 iam
595 2042 670 2099 certis,
681 2042 785 2088 clamavit
801 2052 824 2087 et

59 2107 149 2154 illarum
166 2107 246 2154 mulier
261 2123 305 2152 una
317 2106 452 2152 confidentia
463 2122 543 2168 magna
559 2106 638 2151 valde:
658 2107 737 2151 Sancte
753 2106 824 2151 Fran-

59 2172 122 2229 cisce,
134 2172 172 2226 ait,
184 2172 223 2233 qui
241 2172 295 2216 mihi
312 2171 391 2216 vivens
407 2172 431 2215 in
445 2185 509 2215 carne
523 2169 679 2214 familiaritatis
690 2169 824 2214 beneficium

59 2235 180 2294 indulsisti,
192 2233 268 2281 confer
280 2251 339 2280 nunc
350 2234 378 2280 de
390 2234 438 2280 celo
454 2233 588 2297 suffragium
602 2231 714 2295 perituris.
727 2261 728 2264 =
748 2231 824 2280 Affirit

58 2301 167 2363 extimplo
183 2311 277 2347 vocatus
293 2310 388 2356 sanctus
405 2310 427 2346 et
444 2300 532 2361 plenam
549 2314 605 2362 aqua
624 2296 749 2344 naviculam
772 2314 823 2344 cum

60 2366 122 2413 ornni
133 2366 203 2412 salute
214 2365 304 2412 devexit
315 2365 342 2411 ad
353 2374 452 2426 portum.
485 2364 570 2410 Ensem
581 2363 694 2424 quandam
711 2379 787 2409 secum
799 2364 822 2409 in

60 2446 140 2476 navem
157 2439 307 2491 portaverant,
319 2444 362 2489 que
379 2427 510 2473 miraculose
521 2437 665 2488 supernatans
680 2427 738 2472 inter
754 2427 824 2472 undas

60 2494 185 2542 naviculam
197 2492 338 2557 sequebatur.

110 2560 211 2613 Quidam
227 2569 294 2606 naute
307 2558 450 2613 Anconitani‚
464 2555 585 2619 procellosa
595 2565 725 2617 tempestate
742 2556 822 2612 iactati,

62 2624 222 2672 submersionis
230 2623 352 2686 periculum
363 2623 407 2668 iam
416 2622 529 2669 videbant.
558 2621 661 2684 Cumque
670 2621 700 2666 sic
712 2620 821 2684 desperati

62 2691 90 2736 de
101 2690 149 2735 vita
159 2699 262 2734 sanctum
273 2688 415 2733 Franciscum
427 2687 555 2747 suppliciter
565 2686 702 2741 invocarent,
712 2685 788 2730 lumen
799 2686 822 2730 in

63 2753 118 2799 mari
130 2769 238 2816 magnum
249 2751 352 2814 apparuit
362 2759 384 2795 et
395 2766 447 2795 cum
458 2750 507 2814 ipso
518 2748 601 2793 lumine
612 2747 758 2813 tranquillitas
769 2765 823 2794 con-

62 2833 121 2864 cessa
129 2819 245 2864 divinitus.
273 2818 318 2863 Pro
327 2826 381 2862 voto
390 2815 463 2860 nobile
471 2814 583 2877 quoddam
592 2813 684 2875 pallium
692 2814 824 2860 obtulerunt

62 2894 84 2931 et
94 2882 208 2931 liberatori
219 2900 262 2931 suo
272 2882 394 2946 gratiarum
405 2880 531 2928 innumeras
541 2879 645 2928 actiones.
