1919 3169
291 77 450 124 LEGENDA
466 75 621 138 ANTIQUA
807 84 835 140 75

70 168 169 232 perierit.
218 170 343 218 Permansit
365 171 444 216 exinde
465 170 570 218 subditus
591 178 663 235 usque
684 172 712 217 ad
734 180 837 231 mortem,

70 232 179 280 humilius
194 251 262 299 agens
278 253 345 302 quam
362 237 443 299 aliquis
458 236 560 282 aliorum.

118 334 209 422 „Hlio
224 376 333 429 tempore,
350 366 433 412 vicario
449 382 498 423 suo,
515 376 608 413 cunctos
627 367 697 412 sotios
717 366 906 428 resignanda-Iu]

70 429 158 476 dicens:
175 430 228 475 Hac
238 430 346 476 libertatis
356 431 498 492 prerogativa
514 430 632 492 singularis
643 430 714 476 videri
726 431 786 486 nolo,
800 431 914 489 sedFol.70

71 493 149 540 fratres
171 511 206 539 me
228 495 256 541 de
277 495 328 540 loco
350 495 378 540 ad
399 494 475 541 locum
502 495 618 551 associent,
646 494 705 540 sicut
732 495 838 541 dominus

71 559 213 622 inspiraverit
231 560 269 606 eis.
303 560 335 605 Et
353 560 457 605 adiiecit:
480 560 534 606 Vidi
551 560 595 605 iam
612 576 696 616 cecum,
714 560 752 624 qui
770 577 838 606 unam

72 623 193 670 caniculam
212 624 294 671 ducem
313 624 407 670 habebat
423 625 516 672 itineris.
551 625 603 670 Hec
620 625 695 688 itaque
711 642 752 671 sua
768 624 839 688 gloria

72 700 126 743 erat,
149 700 175 733 ut
202 691 276 734 omnis
297 690 457 749 singularitatis
478 700 501 734 et
523 691 627 734 iactantie
646 690 716 749 specie
735 690 839 751 relegata,

72 750 181 796 habitaret
192 751 215 796 in
226 769 254 798 eo
263 752 337 798 virtus
348 752 431 799 christi.

119 850 236 931 Videris
255 891 331 927 autem
356 880 466 943 quosdam
485 879 646 942 prelationibus
670 880 762 937 inhiare,
783 895 916 944 quostr-urj]

73 955 146 1006 preter
157 946 199 990 alia
209 946 245 990 vel
256 945 303 990 sola
313 944 421 990 reddebat
432 945 537 1006 indignos
548 944 641 990 ambitio
657 945 791 1004 presidendi,
803 961 841 989 eos

73 1025 119 1055 non
132 1025 178 1055 esse
193 1007 274 1054 fratres
291 1009 389 1054 minores
405 1008 498 1066 dicebat,
510 1008 548 1054 sed
565 1008 697 1065 vocationis,
709 1025 754 1073 qua
768 1009 841 1054 vocati

74 1083 144 1130 erant,
153 1074 236 1120 oblitos
246 1089 259 1118 a
269 1074 340 1136 gloria
350 1074 456 1119 excidisse
466 1088 471 1128 ;
489 1074 610 1119 nonnullos
622 1089 676 1118 vero
687 1075 780 1119 miseros
790 1088 842 1136 egre

73 1138 169 1184 ferentes
180 1138 207 1183 ab
218 1139 294 1183 offitiis
305 1138 411 1195 amoveri,
423 1137 507 1200 quippe
519 1154 571 1183 curn
582 1154 639 1183 onus
653 1154 699 1183 non
715 1148 842 1200 quererent,

73 1204 112 1249 sed
129 1204 245 1259 honorem,
262 1202 339 1249 multis
357 1202 496 1248 sermonibus
512 1200 650 1248 confutabat.
684 1202 750 1248 Dixit
766 1213 842 1249 autem

74 1268 211 1329 quandoque
229 1267 288 1312 sotio
305 1283 363 1312 suo:
381 1267 436 1311 Non
454 1267 509 1311 mihi
526 1266 605 1311 videor
622 1266 691 1312 frater
708 1268 789 1324 minor,
801 1267 843 1312 nisi

74 1329 140 1375 fuero
151 1330 174 1375 in
186 1339 254 1387 statu,
266 1345 335 1392 quem
346 1329 387 1374 tibi
398 1330 535 1391 descripsero
546 1344 552 1384 ;
569 1339 591 1374 et
608 1330 654 1375 ait:
670 1329 729 1375 Ecce
746 1330 844 1392 prelatus

74 1396 170 1442 existens
192 1394 287 1441 fratrum
309 1394 367 1441 vado
389 1394 417 1440 ad
439 1394 571 1456 capitulum,
593 1394 689 1455 predic0,
710 1410 844 1441 commoneo

74 1458 153 1505 fratres
171 1470 194 1504 et
214 1460 237 1506 in
255 1459 298 1504 fine
317 1458 399 1504 dicitur
419 1469 496 1504 contra
513 1475 564 1504 me:
585 1458 640 1503 Non
658 1460 762 1505 convenit
780 1459 844 1505 nobis

75 1525 203 1571 illicteratus
216 1536 239 1571 et
252 1522 434 1585 contemptibilis,
447 1524 493 1570 imo
509 1524 615 1570 nolumus
631 1534 653 1569 te
670 1540 762 1586 regnare
779 1541 844 1586 super

76 1607 123 1645 nos,
134 1590 188 1650 quia
198 1588 294 1649 elinguis
308 1604 337 1643 es,
349 1588 443 1648 simplex
459 1599 481 1632 et
498 1588 583 1648 ydiota,
594 1588 684 1632 tandem
701 1590 776 1633 eiicior
793 1605 844 1633 cum

76 1653 197 1715 obprobrio
206 1652 326 1714 vilipensus
337 1651 363 1697 ab
375 1651 481 1697 omnibus
490 1666 496 1707 3
514 1652 564 1698 dico
575 1650 623 1709 tibi,
631 1652 674 1698 nisi
683 1653 762 1699 eodem
771 1652 844 1707 vultu,

76 1720 154 1765 eadem
166 1719 248 1764 mentis
265 1718 342 1773 letitia,
353 1718 433 1763 eodem
451 1717 573 1763 sanctitatis
590 1718 706 1779 proposito
722 1718 762 1764 hec
778 1717 846 1765 verba

77 1784 177 1838 audiero,
197 1781 264 1829 frater
283 1782 358 1827 minor
377 1798 517 1844 nequaquam
537 1798 594 1827 sum.
634 1782 665 1827 Et
685 1783 796 1829 addebat:
819 1783 846 1827 ln

77 1847 200 1906 prelatione
216 1862 284 1901 casus,
297 1847 320 1890 in
336 1846 402 1890 laude
418 1846 568 1906 precipitium,
580 1846 603 1889 in
620 1845 744 1891 humilitate
761 1846 846 1891 subditi

77 1911 150 1955 anime
171 1911 262 1955 lucrum
281 1919 320 1953 est.
370 1909 417 1954 Cur
435 1925 490 1971 ergo
509 1909 617 1971 [damnis]
638 1908 759 1972 plusquam
778 1910 846 1955 lucris

78 1975 223 2029 attendimus
241 1990 294 2022 cum
310 1984 400 2035 tempus
418 1974 446 2020 ad
464 1974 597 2020 lucrandum
615 1974 752 2038 ceperimus?

125 2070 219 2156 Ilicet
237 2112 313 2148 autem
332 2116 383 2146 cum
402 2101 508 2147 omnibus
527 2101 655 2147 hominibus
672 2117 749 2162 pacem
766 2103 902 2152 habetur-v]

79 2169 135 2214 filios
146 2168 222 2222 vellet,
229 2177 296 2229 atque
308 2165 417 2210 universis
425 2166 533 2226 parvulus
541 2181 564 2209 se
571 2165 669 2226 prebere,
678 2165 761 2211 clericis
772 2176 846 2211 tamen

80 2234 176 2280 maxime
186 2230 283 2277 humiles
293 2228 363 2276 verbo
379 2245 425 2274 esse
442 2229 520 2276 docuit
536 2246 560 2275 ac
577 2229 710 2277 monstravit
726 2230 845 2291 exemplo3

79 2297 168 2345 dicebat
189 2295 264 2341 enim:
288 2293 314 2339 ln
333 2292 473 2340 adiutorium
493 2293 625 2340 clericorum
644 2293 704 2339 missi
723 2311 801 2341 sumus
819 2295 846 2341 ad

80 2363 205 2408 animarum
223 2360 325 2414 salutem,
339 2367 366 2403 ut
383 2359 446 2420 quod
464 2359 487 2403 in
506 2358 550 2404 illis
569 2359 643 2404 minus
663 2359 784 2415 invenitur,
795 2376 847 2421 sup-

81 2428 168 2488 pleatur
190 2443 202 2471 a
224 2424 295 2471 nobis.
345 2422 445 2483 Recipiet
470 2423 624 2486 unusquisque
648 2424 774 2471 mercedem
801 2442 847 2470 non

80 2491 207 2536 secundum
225 2487 387 2541 auctoritatem,
405 2487 444 2531 sed
466 2488 590 2532 secundum
609 2486 713 2533 laborem.
757 2489 847 2544 Scitote,

81 2554 163 2618 inquit,
182 2553 268 2609 fratres,
287 2551 411 2597 animarum
433 2549 533 2596 fructum
555 2551 597 2597 deo
618 2551 772 2612 gratissimum
793 2568 845 2610 esse,

81 2620 206 2682 meliusque
217 2618 281 2664 illum
297 2615 403 2678 consequi
420 2632 484 2677 posse
501 2633 559 2678 pace,
572 2634 640 2679 quarn
657 2616 767 2663 discordia
784 2618 848 2664 cleri-

40 2688 42 2690 ’
81 2701 168 2730 corum.
202 2683 275 2735 Quod
294 2682 311 2727 si
331 2680 372 2742 ipsi
391 2679 486 2726 salutem
504 2681 629 2742 impediunt
647 2683 793 2742 populorum,
812 2683 847 2728 dei

80 2759 113 2794 est
122 2749 180 2793 ultio
191 2759 214 2793 et
225 2749 270 2808 ipse
281 2745 388 2791 retribuet
398 2745 429 2789 eis
440 2745 463 2790 in
474 2757 581 2806 ternpore.
606 2746 660 2791 Ideo
671 2756 742 2792 estote
754 2747 848 2792 subiecti

81 2811 177 2875 prelatis,
191 2830 225 2867 ne,
237 2821 349 2875 quantum
363 2826 390 2856 ex
400 2807 465 2855 vobis
481 2819 522 2866 est,
533 2809 596 2856 zelus
611 2808 691 2872 aliquis
707 2821 790 2874 surgat,
825 2811 847 2857 Si
