1919 3169
235 75 395 133 ancarana
413 85 571 132 GREooRu
756 89 785 145 65

71 182 132 227 Sicut
143 181 203 231 enim
215 180 270 226 olim
281 190 326 227 tres
336 181 400 241 pueri
411 181 435 226 in
443 181 530 226 camino
541 180 600 241 ignis
610 180 709 226 ardentis
719 180 788 241 positi

23 247 52 293 ad
78 244 216 291 laudandum
244 254 267 290 et
293 243 464 307 glorificandum
492 254 613 289 creatorem
640 243 797 289 universitatis

25 312 135 359 elementa
143 310 218 355 omnia
226 310 356 364 invitabant,
367 309 397 354 sic
408 319 431 354 et
442 309 483 354 iste
491 309 527 355 vir
538 309 619 370 spiritu
628 308 664 354 dei
674 308 753 370 plenus
765 308 788 352 in

26 373 130 424 omnibus
141 373 257 421 elementis
268 383 291 420 et
302 373 405 421 creaturis
416 383 536 421 creatorem
548 372 651 420 omniurn
666 390 690 420 ac
707 371 788 436 guber-

26 450 128 488 natorem
145 440 293 502 glorificare‚¹4
312 439 401 485 laudare
420 455 445 484 ac
464 438 593 484 benedicere
615 455 662 484 non
683 438 788 485 cessabat.

26 508 142 570 Quantam
154 513 219 566 putas
225 510 240 536 ¹⁵
252 504 300 551 eius
311 503 381 550 menti
393 502 575 550 exhilarationem
583 504 598 530 ²⁶
609 502 693 549 florum
704 503 789 566 specio-

27 573 79 618 sitas
95 569 245 631 importabat?
279 569 339 615 Cum
352 585 431 615 eorum
444 570 567 616 venustatis
583 579 683 615 cerneret
694 569 789 615 formam

27 647 49 682 et
60 635 175 681 suavitatis
187 633 293 680 olentiam
304 635 443 694 presentiret.
468 633 547 679 Statim
558 633 586 679 ad
597 633 658 680 illius
669 633 731 680 floris
739 633 788 695 pul-

28 699 179 746 chritudinem
192 697 375 743 considerationis
389 697 480 743 oculum
491 696 629 756 deflectebat,
641 698 680 760 qui
693 697 790 743 lucidius

27 766 51 809 in
63 763 147 809 vernali
158 772 258 824 ternpore
267 770 282 793 ¹⁷
294 762 322 806 de
336 762 409 807 radice
420 763 475 820 iesse
490 762 636 824 progrediens
652 762 680 807 ad
697 761 790 806 odorem

28 843 94 874 suum
116 827 230 873 suscitavit
252 827 390 872 innumera¹8
411 826 473 871 milia
500 835 651 872 mortuorum.
684 826 791 886 Cumque

29 892 111 939 llorum
134 890 220 953 copiam
237 888 355 946 inveniret,
372 889 402 936 ita
419 888 545 952 predicabat
561 889 592 936 eis
611 899 634 937 et
651 888 678 936 ad
699 888 789 936 laudern

30 975 67 1004 eos
78 956 214 1003 dominicam
225 954 333 1001 invitabat
344 972 368 1000 ac
379 956 397 1000 si
408 956 494 1001 ratione
505 956 615 1017 vigerent.

77 1022 111 1066 Sic
127 1031 149 1066 et
157 1028 172 1052 ¹⁹
184 1030 270 1081 segetes
278 1028 294 1046 ²⁰
305 1028 350 1065 et²¹
361 1020 443 1076 vineas,
455 1020 542 1080 lapides
550 1030 573 1066 et
587 1020 661 1078 sylvas
677 1030 699 1065 et
715 1020 792 1065 omnia

31 1085 128 1149 speciosa
149 1100 288 1146 camporum,
308 1084 391 1147 irrigua
411 1083 510 1129 fontium
532 1093 554 1128 et
575 1093 677 1128 ortorum
697 1083 793 1129 virentia

31 1166 126 1215 queque,
144 1159 226 1194 terram
248 1159 271 1194 et
287 1149 371 1211 ignem,
390 1164 451 1193 erem
470 1158 493 1193 et
511 1157 631 1206 ventum‚²²
647 1149 793 1193 sincerissima

31 1216 129 1278 puritate
144 1214 172 1260 ad
184 1214 288 1260 divinum
302 1213 408 1259 monebat
423 1229 523 1259 amorem
539 1223 562 1259 et
575 1212 647 1259 libens
660 1213 794 1276 obsequium

32 1279 169 1327 hortabatur.
211 1278 298 1323 Omnes
316 1278 415 1340 denique
432 1287 543 1323 creaturas
564 1276 663 1325 fraterno
670 1286 685 1310 ²³
702 1278 794 1324 nomine

32 1344 214 1404 nuncupabat3²4
230 1353 252 1387 et
269 1343 338 1387 modo
355 1342 484 1402 precellenti
500 1353 568 1403 atque
584 1343 662 1388 ceteris
677 1344 794 1403 inexperto

32 1418 183 1454 creaturarum
194 1404 280 1452 occulta
296 1405 369 1451 cordis
385 1406 430 1452 acie
447 1404 586 1462 decernebat,
600 1417 679 1469 utpote
694 1406 734 1469 qui
750 1406 794 1452 iam

32 1483 130 1520 evaserat
141 1472 164 1518 in
173 1470 301 1517 libertatem
308 1479 323 1504 ²⁵
339 1470 410 1533 glorie
420 1469 517 1517 filiorum
529 1470 572 1517 dei.

82 1539 152 1586 Nunc
162 1538 186 1583 in
197 1536 257 1595 celis,
269 1554 283 1583 o
294 1536 352 1582 bone
363 1537 418 1593 iesu,
429 1547 453 1583 te
464 1536 618 1583 admirabilem
626 1535 640 1563 ³*
656 1536 732 1584 laudat
743 1553 795 1583 cum

34 1602 125 1666 angelis,
145 1602 185 1665 qui
203 1612 261 1647 certe
280 1602 303 1647 in
322 1611 381 1647 terra
402 1601 490 1663 positus
511 1601 628 1648 amabilem
650 1602 755 1648 omnibus
774 1612 796 1647 te

35 1667 162 1729 predicabat
181 1667 294 1711 creaturis.
335 1667 396 1709 Nam
413 1667 502 1727 supra²⁶
521 1666 640 1710 hominum
656 1667 796 1712 intellectum

35 1732 177 1787 afficiebatur,
186 1746 237 1775 cum
249 1745 333 1775 nomen
343 1739 418 1787 tuum,
426 1740 500 1775 sancte
510 1730 610 1787 domine,
619 1732 759 1786 nominaret3
775 1739 798 1776 et

35 1806 98 1842 totus
117 1795 213 1841 existens
229 1794 252 1839 in
269 1793 339 1839 iubilo
357 1810 380 1840 ac
402 1793 548 1840 iucundidate
570 1794 692 1841 castissima
710 1795 796 1858 plenus,

37 1877 109 1907 novus
125 1870 183 1906 certe
201 1861 271 1905 homo
287 1869 309 1905 et
325 1859 415 1905 alterius
431 1859 501 1905 seculi
517 1859 642 1907 videbatur.
678 1861 799 1922 Propterea

37 1925 175 1986 ubicumque
185 1925 294 1983 scripturn
306 1923 399 1984 aliquod
405 1931 420 1953 ²⁷
432 1924 479 1968 sive
491 1924 662 1981 divinum‚.sive
674 1926 798 1969 humanum

37 1989 60 2034 in
68 1989 111 2044 via,
121 1989 145 2033 in
153 1988 230 2045 domo,
237 1987 298 2033 seu²8
309 1987 332 2032 in
339 1987 468 2048 pavimento
476 1987 612 2043 inveniebat,
621 1988 800 2035 reverentissime

38 2052 156 2115 colligebat
172 2051 228 2098 illud
244 2052 303 2099 etin
320 2068 390 2107 sacro,
407 2050 443 2098 vel
451 2060 466 2084 ²⁹
482 2052 578 2099 honesto
595 2052 716 2116 reponebat
724 2062 739 2086 ³⁰
750 2054 800 2099 loco

38 2135 63 2165 ea
70 2118 194 2165 reverentia
205 2117 306 2180 quidem,
318 2133 346 2162 ne
359 2115 390 2161 ibi
406 2127 464 2163 esset
481 2134 564 2164 nomen
580 2118 691 2176 domini?1
702 2119 738 2165 vel
747 2128 762 2150 ³²
773 2118 801 2164 ad

39 2184 62 2229 id
78 2184 192 2245 pertinens
208 2183 321 2244 scriptum.
361 2181 431 2227 Enim
448 2199 503 2228 vero
520 2199 571 2228 curn
588 2200 600 2229 a
617 2184 715 2246 quodam
732 2183 801 2229 fratre

40 2248 136 2308 quadam
144 2256 160 2278 ³³
171 2248 206 2291 die
217 2246 296 2290 fuisset
307 2247 465 2307 interrogatus,
476 2247 504 2291 ad
515 2247 571 2307 quid
584 2248 651 2292 etiam
662 2264 802 2309 paganorum

40 2311 121 2373 scripta
132 2320 155 2356 et
166 2309 204 2355 ubi
216 2326 262 2355 non
274 2318 321 2354 erat
332 2325 415 2355 nomen
427 2309 514 2355 domini
525 2310 555 2356 sic
567 2310 666 2357 studiose
680 2311 802 2374 colligeret,

41 2375 158 2438 respondit
174 2375 266 2422 dicens:
300 2373 350 2432 Fili,
358 2382 373 2407 ³⁴
389 2374 443 2436 quia
459 2374 490 2420 ibi
506 2375 580 2422 littere
596 2386 655 2434 sunt,
676 2393 704 2423 ex
721 2377 804 2440 quibus

80 2473 95 2498 14
105 2469 129 2505 L.
138 2469 199 2505 inserts
208 2481 234 2505 ac.
338 2468 352 2494 ¹⁵
363 2467 387 2504 L.
396 2467 455 2516 pietas.
560 2467 574 2492 1⁶
584 2470 608 2507 L.
618 2469 762 2520 explanationem.

81 2523 95 2547 ¹⁷
105 2522 144 2557 Ox.
153 2521 242 2569 temperie.
320 2517 335 2540 ¹⁸
345 2520 377 2555 Os.
386 2519 520 2556 innumerabilia.
599 2525 613 2549 ¹9
623 2524 661 2558 Ox.
671 2523 728 2558 omits.

80 2575 96 2593 ²⁰
106 2573 138 2609 Os.
148 2572 215 2619 sagitas.
267 2573 281 2592 ²¹
292 2570 330 2607 Ox.
340 2583 366 2607 ac.
417 2573 433 2592 ²²
443 2572 476 2608 Os.
485 2581 580 2610 ventorum.
632 2576 647 2601 ²3
657 2572 697 2612 Bol.
705 2573 772 2611 fratrea.

80 2627 96 2652 ²4
106 2625 144 2660 Ox.
153 2624 257 2660 nominabat.
308 2623 324 2649 ²5
333 2621 360 2658 H.
370 2622 404 2657 and
414 2624 452 2660 Ox.
460 2623 545 2661 libertate.

82 2674 93 2696 *
104 2675 144 2712 End
152 2675 174 2712 of
179 2688 229 2713 verso
238 2674 259 2712 of
265 2673 350 2722 fragment
359 2686 381 2710 on
391 2687 442 2712 cover
452 2675 473 2712 of
480 2674 523 2713 MS.
533 2685 578 2725 351,
587 2676 650 2715 Assisi.

81 2725 97 2749 ²⁶
107 2728 139 2765 Os.
149 2740 204 2778 super.
294 2727 310 2753 ²7
319 2724 347 2763 H.
357 2727 414 2764 omits.
441 2728 479 2767 Ox.
488 2727 560 2778 aliquid.
662 2728 678 2753 ²⁸
688 2731 721 2769 Os.
731 2730 772 2769 sive.

82 2783 98 2807 ²9
108 2782 146 2816 Ox.
156 2780 199 2816 adds
208 2780 231 2815 in.
284 2781 299 2805 ³⁰
309 2780 341 2814 Oa.
351 2779 431 2826 ponebat.
483 2783 498 2807 31
509 2782 547 2816 Ox.
556 2781 591 2817 dei.
643 2785 658 2809 ³²
668 2784 706 2819 Ox.
716 2792 739 2819 et.

82 2833 98 2856 33
108 2832 140 2866 Os.
150 2831 206 2866 omits.
283 2832 299 2858 34
309 2830 341 2865 Os.
350 2828 386 2865 filii.

419 2897 433 2928 E
