1919 3169
155 129 181 158 12
342 108 543 156 TRACTATUS
560 109 734 156 SECUNDUS

151 207 274 271 gemitibus
294 206 348 263 vias,
369 205 453 252 nullam
478 204 653 252 consolationem
677 206 778 253 admittit
799 206 917 252 recordans

151 273 267 337 plagarum
284 272 365 319 christi.
401 270 511 317 Intimum
530 270 572 318 sibi
589 270 683 318 obvium
701 270 778 318 habuit
796 271 917 336 quemdam

151 339 256 393 amicum,
278 336 312 380 cui
334 351 399 380 causa
421 336 531 396 patefacta
552 336 644 390 doloris,
666 337 742 381 statim
764 337 848 382 amicus
869 336 918 381 dire

151 408 287 463 provocatur
309 398 337 444 ad
363 397 473 444 lacrimas.
518 399 603 444 Verum
624 408 698 444 sancte
722 398 783 445 illius
807 399 918 462 ymaginis

152 483 198 512 non
214 464 354 511 obliviscitur
373 479 450 526 gerere
469 479 553 522 curam,
570 480 610 510 nec
629 462 761 511 mandatum
778 463 826 511 eius
845 464 919 526 aliqua

152 529 289 594 negligentia
320 529 419 590 preterit.
464 529 587 590 Extemplo
619 528 658 573 dat
691 528 781 575 cuidam
809 528 918 574 sacerdoti

152 595 274 657 pecuniam,
287 603 312 640 ut
322 592 449 655 lampadem
461 603 521 639 emat
533 603 556 639 et
571 592 654 649 oleum,
666 608 693 638 ne
706 609 766 639 sacra
782 609 871 656 ymago,
882 593 918 639 vel

152 659 180 704 ad
195 667 345 712 momentum,
359 657 436 703 debito
450 658 543 702 luminis
559 659 652 714 honore,
662 657 786 703 fraudetur.
820 658 919 719 Impiger

153 722 234 769 deinde
247 721 276 768 ad
289 721 422 784 perficiende
434 721 519 784 reliqua
534 723 605 768 currit
617 722 739 783 reparande
755 721 816 767 illius
831 721 920 768 ecclesie

152 786 328 836 indefectibilem
345 803 436 850 operam
453 786 553 849 prebens.
588 787 649 833 Nam
665 786 716 833 licet
732 786 760 833 de
777 785 813 833 illa
830 786 920 833 ecelesia

153 853 244 900 divinus
267 853 289 899 ei
311 851 383 897 factus
406 852 435 897 sit
458 868 538 907 sermo,
560 868 629 914 quam
651 852 741 898 Christo
760 851 852 914 proprio
871 869 919 898 san-

152 919 221 979 guine
236 916 362 978 acquisivit,
379 916 453 960 noluit
469 926 561 976 repente
577 915 625 961 fieri
643 932 751 972 summus,
768 916 876 976 paulatim
893 916 920 961 de

153 998 217 1027 carne
228 981 364 1027 transiturus
374 980 402 1026 ad
412 979 524 1041 spiritum.

76 1166 150 1209 [nvn]
266 1158 299 1200 De
309 1157 467 1208 persecutione
476 1156 548 1208 patris
557 1159 580 1198 et
589 1156 697 1202 tratribus
707 1158 811 1201 carnalis.

201 1258 270 1349 Sed
291 1290 336 1335 iam
357 1288 461 1352 operibus
479 1288 568 1352 pietatis
586 1289 731 1346 insistentem,
748 1300 810 1353 pater
829 1290 921 1337 carnalis

154 1357 297 1420 persequitur
309 1367 331 1401 et
345 1356 478 1402 servitutem
494 1355 579 1401 Christi
596 1355 704 1401 insaniam
720 1356 826 1415 iudicans,
837 1355 920 1420 ubique

154 1422 229 1483 ipsum
246 1421 369 1467 maledictis
382 1420 482 1466 dilaniat.
514 1420 619 1466 Advocat
634 1421 710 1483 itaque
726 1437 804 1466 servus
817 1422 853 1466 dei
869 1422 921 1466 ideo

155 1486 276 1547 quemdam
291 1485 366 1529 virum
386 1484 497 1544 plebeium
516 1493 539 1528 et
560 1484 683 1545 simplicem
705 1486 764 1542 satis,
781 1502 848 1546 quern
870 1486 921 1530 loco

154 1551 225 1612 patris
241 1549 369 1610 suscipiens,
385 1557 456 1609 rogat,
476 1556 502 1593 ut
519 1563 571 1594 cum
589 1558 651 1609 pater
669 1548 716 1593 eius
732 1549 850 1595 maledicta
868 1566 922 1595 con-

154 1614 261 1677 geminat,
272 1628 319 1674 rpse
329 1611 371 1658 sibi
384 1629 396 1657 e
409 1610 522 1658 contrario
538 1610 659 1658 benedicat.
692 1612 854 1675 Prophetieum
870 1629 921 1659 sane

154 1678 249 1725 verbum
269 1677 338 1724 vertit
356 1677 380 1722 in
399 1692 456 1738 opus
472 1687 494 1722 et
513 1675 577 1722 factis
593 1676 697 1733 ostendit,
718 1679 775 1741 quid
793 1679 866 1741 signat
884 1679 921 1725 ille

153 1760 242 1790 sermo:
277 1742 416 1788 Maledicent
435 1741 467 1786 illi
486 1751 509 1786 et
528 1751 553 1786 tu
571 1741 695 1787 benedices.
736 1743 842 1805 Resignat
863 1744 921 1805 patri

153 1808 278 1870 pecuniam,
295 1822 362 1868 quam
380 1806 403 1850 in
421 1821 487 1866 opere
505 1805 564 1851 dicte
581 1807 670 1851 ecclesie
687 1807 723 1851 vir
740 1807 776 1852 dei
792 1808 922 1868 expendisse

153 1872 262 1927 voluerat,
281 1870 386 1918 suadente
408 1869 450 1915 hoc
471 1868 504 1913 illi
525 1869 630 1932 episcopo
651 1869 754 1928 civitatis,
773 1871 823 1918 viro
844 1871 921 1934 utique

154 1937 218 1983 valde
227 1935 275 1999 pio,
287 1934 387 1997 eoquod
399 1950 445 1980 non
456 1934 532 1980 liceret
543 1934 571 1980 de
588 1935 645 1980 male
661 1935 783 1999 acquisitis,
795 1936 881 1999 aliquid
898 1937 921 1981 in

155 2019 228 2049 sacros
239 2017 293 2047 usus
304 1998 435 2062 expendere.

202 2065 355 2112 Audientibus
382 2073 458 2108 autem
485 2063 523 2125 qui
550 2074 699 2109 convenerant
724 2064 810 2120 multis,
832 2066 921 2121 amodo,

155 2130 242 2193 inquid,
254 2129 327 2174 dicam
341 2126 410 2173 libere
426 2136 488 2188 pater
504 2136 587 2181 noster,
600 2127 640 2188 qui
656 2144 679 2173 es
697 2129 720 2172 in
734 2128 793 2185 celis,
805 2144 849 2174 non
860 2139 922 2190 pater

155 2196 236 2242 Petrus
258 2191 414 2250 BernardoniS‚
438 2190 474 2237 cni
496 2207 542 2237 non
563 2191 604 2237 soli
629 2191 701 2237 reddo
725 2208 773 2238 ecce
797 2192 921 2254 pecuniam,

154 2260 193 2306 sed
204 2260 292 2321 integra
302 2258 437 2304 vestimenta
447 2256 542 2318 resigno.
576 2257 660 2302 Nudus
676 2258 745 2318 igitur
758 2258 786 2304 ad
802 2257 921 2304 dominum

155 2341 253 2386 pergam.
288 2324 310 2368 Ο
326 2320 440 2367 liberalem
456 2321 555 2367 animum
572 2321 622 2377 viri,
637 2321 672 2366 cui
689 2321 763 2367 solum
779 2322 823 2367 iam
840 2323 923 2368 sufficit

155 2388 266 2435 christus!
306 2385 416 2432 Inventus
442 2394 475 2429 est
502 2384 537 2430 vir
564 2384 600 2430 dei
627 2384 724 2431 cilicium
751 2395 807 2432 tunc
833 2396 923 2448 portare

155 2453 196 2498 sub
223 2451 329 2508 vestibus
356 2451 468 2495 virtutum
498 2449 614 2495 existentia
643 2448 763 2512 plusquam
795 2451 924 2512 apparentia

157 2518 265 2582 gaudens.
304 2515 382 2561 Frater
403 2512 450 2560 eius
470 2513 569 2571 carnalis,
591 2529 654 2559 more
678 2514 754 2576 patria,
776 2531 829 2561 eum
850 2515 923 2563 verbis

158 2582 272 2629 venenatis
297 2579 430 2642 insequitur,
453 2579 492 2640 qui
513 2595 578 2625 mane
599 2579 697 2641 quodam
721 2589 822 2641 tempore
842 2580 923 2645 yemali

158 2648 214 2692 dum
224 2647 307 2692 vilibus
318 2654 445 2689 contectum
453 2642 584 2703 panniculis,
593 2645 663 2689 cernit
671 2642 820 2690 francischum
828 2646 923 2692 orationi

158 2719 281 2767 vacantem,
291 2708 376 2772 frigore
386 2705 569 2763 tremebundum,
581 2707 611 2751 ait
624 2707 713 2752 cuidam
726 2709 812 2754 concivi
828 2724 870 2754 suo
886 2708 923 2755 ille

158 2790 292 2839 perversus:
318 2773 362 2820 Dic
380 2771 495 2830 francisco,
513 2781 540 2817 ut
559 2782 697 2818 nummatam
716 2789 784 2818 unam
803 2789 863 2818 nunc
881 2772 923 2819 tibi

157 2841 213 2889 velit
238 2840 334 2885 vendere
356 2837 488 2893 de.sudore;
511 2852 557 2899 quo
579 2836 614 2881 vir
635 2837 672 2883 dei
694 2838 771 2883 audito
793 2838 923 2885 exhiliratus
