1919 3169
238 96 440 145 cancarrus
458 95 632 143 sucuuous
789 108 817 156 59

54 191 145 254 penitus
154 193 232 238 evitari
242 208 249 249 ;
265 193 358 239 timebat
368 192 429 238 enim
439 209 466 238 ex
477 194 519 238 hoc
529 202 632 238 tenerum
647 192 692 237 cito
708 190 781 254 frangi
797 202 819 237 et

54 255 113 303 forte
129 272 180 319 sepe
191 257 296 320 spiritum
307 258 421 306 infirmari.
455 258 548 305 Harum
559 257 715 319 contagionem
727 256 820 302 evadere

56 332 224 367 conversantem
241 339 293 369 cum
310 324 347 379 eis,
359 322 401 366 nisi
412 322 594 382 probatissimum
605 322 689 375 virum,
699 331 746 366 tam
757 320 820 365 facile

56 383 119 439 dixit,
138 401 205 449 quam
223 384 284 432 iuxta
301 386 433 449 scripturam
451 384 474 429 in
491 386 542 449 igne
560 385 680 441 ambulare,
700 401 740 430 nec
760 400 819 429 com-

56 449 136 497 burere
157 451 249 512 plantas.
299 452 334 498 Ut
356 461 431 497 autem
452 452 583 515 loqueretur
605 467 681 507 manu,
703 467 726 497 se
747 450 821 513 ipsum

56 514 169 576 exemplar
185 516 258 562 omnis
274 516 379 577 prebebat
395 515 502 573 virtutis;
521 517 633 578 siquidem
651 516 734 561 femina
750 531 822 577 usque

57 580 113 625 adeo
123 580 216 625 molesta
226 591 281 637 erat,
292 590 318 625 ut
331 596 376 624 non
392 580 509 638 cautelam,
520 582 556 625 vel
572 580 700 642 exemplum
715 580 822 635 crederes,

57 643 96 689 sed
106 641 258 700 formidinem,
270 643 305 689 vel
316 644 439 689 horrorem.

106 706 207 758 Quando
228 724 304 754 earum
322 709 460 770 importuam
479 707 600 770 loquacitas
624 706 717 754 faciebat
741 708 764 753 in
788 706 823 752 lo—

60 772 150 834 quendo
179 772 315 829 conflictum,
343 773 413 819 verbo
442 771 569 818 abbreviato
599 782 621 817 et
648 772 728 819 humili
756 771 823 817 vultu

59 836 152 891 deiecto,
177 837 297 883 advocabat
319 837 440 883 silentium,
483 838 538 882 Non
563 853 679 898 nunquam
700 853 755 883 vero
776 836 824 881 celo

59 901 160 944 intentus
176 900 308 956 luminibus,
318 900 370 945 inde
384 900 498 945 extrahere
508 900 627 945 videbatur
643 901 706 962 quod
722 901 750 945 dc
765 909 825 943 terra

61 963 220 1008 musitantibus
238 964 400 1025 respondebat:
424 981 459 1008 eas
474 981 536 1019 vero,
553 963 576 1008 in
599 981 693 1026 quarum
713 962 826 1008 mentibus

60 1044 120 1073 sacre
144 1027 270 1074 devotionis
294 1029 398 1075 instantia
422 1029 528 1089 sapientie
552 1027 675 1086 collocarat,
699 1029 760 1074 miris
787 1027 917 1075 sedFot.2r¹·

61 1091 166 1140 brevibus
192 1092 322 1140 instituebat
349 1093 495 1140 sermonibus.
540 1093 640 1145 Quando
668 1110 720 1139 cum
744 1091 827 1138 femina

61 1157 201 1220 loquebatur,
224 1175 310 1216 sonora,
333 1169 359 1205 ut
386 1158 413 1203 ab
437 1158 542 1204 omnibus
569 1168 643 1219 posset
669 1158 749 1215 audiri,
772 1174 827 1204 voce

62 1221 156 1266 dicenda
172 1223 294 1282 promebat.

111 1285 176 1331 Dixit
194 1296 270 1333 autem
288 1286 349 1332 sotio
364 1287 447 1332 semel:
468 1286 549 1332 Fateor
565 1286 689 1343 veritatem,
707 1285 828 1343 karissime,

63 1350 148 1397 nullam
168 1368 209 1406 me,
228 1352 245 1397 si
265 1351 383 1412 aspicerem
402 1351 572 1414 recogniturum
588 1351 611 1396 in
628 1351 690 1407 facie,
707 1351 748 1396 nisi
766 1351 827 1399 duae.

65 1415 135 1470 Illius,
144 1416 224 1477 inquid
233 1426 256 1461 et
266 1415 327 1461 illius
338 1415 393 1460 mihi
402 1415 479 1462 vultus
488 1416 593 1477 cognitus
601 1425 641 1470 est,
648 1416 738 1461 alterius
749 1415 829 1461 nescio.

217 1566 317 1619 Enigma
329 1568 409 1610 contra
422 1569 540 1618 aspectum
554 1566 680 1609 mulierum.
835 1574 926 1616 [rr-xciv]

112 1640 225 1729 Solebat
244 1678 319 1715 autern
339 1684 384 1714 non
403 1679 474 1714 castos
492 1669 569 1714 oculos
591 1669 702 1730 enigmate
721 1669 760 1714 tali
779 1685 833 1714 con-

66 1734 157 1795 fingere.
191 1734 239 1777 Rex
252 1742 371 1792 prepotens
382 1733 440 1777 duos
451 1734 479 1777 ad
489 1732 588 1793 reginam
601 1733 722 1778 successive
739 1733 833 1778 nuncios

67 1797 133 1847 misit.
167 1796 236 1843 Redit
261 1796 346 1858 primus
371 1807 393 1842 et
417 1807 506 1843 tantum
529 1796 595 1842 verba
619 1796 693 1844 verbis
716 1807 831 1859 reportat;

66 1863 178 1926 siquidem
194 1861 298 1924 sapientis
315 1861 374 1907 oculi
393 1861 416 1906 in
435 1862 507 1922 capite
522 1860 618 1918 fuerant,
635 1877 675 1907 nec
693 1862 833 1922 prosilierant

67 1944 189 1989 quoquam.
233 1925 300 1971 Redit
322 1927 378 1971 alius
396 1936 419 1971 et
437 1937 489 1985 post
510 1925 585 1972 brevia
602 1927 674 1980 verba,
696 1943 740 1987 que
758 1926 833 1981 refert,

67 1991 157 2055 longam
169 1990 196 2036 de
207 1988 298 2034 domine
309 1989 443 2050 pulcerrime
454 1989 509 2035 texit
520 1989 626 2051 ystoriam
637 2007 641 2034 :
659 1989 724 2049 Vere,
736 1989 833 2043 domine,

67 2056 115 2102 vidi
131 2055 302 2117 pulcherrimam
320 2054 442 2101 mulierem.
478 2054 540 2099 Felix
556 2054 595 2117 qui
611 2054 700 2102 fruitur.
735 2056 768 2100 At
780 2056 832 2101 ille:

68 2131 94 2167 tu
106 2120 185 2184 inquid
196 2120 261 2166 Serve
272 2135 375 2181 nequam,
387 2119 409 2164 in
420 2136 524 2180 sponsam
535 2136 607 2165 meam
621 2121 696 2165 oculos
708 2120 835 2182 impudicos

68 2185 148 2249 egisti?
183 2185 275 2247 Liquet,
285 2184 348 2247 quod
361 2200 433 2229 emere
449 2184 547 2231 volueris
563 2200 610 2230 rem
626 2194 765 2246 prospectam
782 2185 833 2231 sub-

68 2251 143 2297 tiliter.
177 2249 243 2296 lubet
258 2249 332 2296 vocari
349 2249 448 2309 primum
467 2260 489 2295 et
506 2249 553 2304 ait;
573 2250 638 2300 Quid
655 2249 696 2295 tibi
714 2252 742 2295 de
759 2252 835 2311 regina

69 2314 173 2360 videtur?
223 2312 254 2358 Et
280 2311 331 2357 ille:
360 2312 454 2371 Optime
480 2312 588 2374 quidem;
616 2312 721 2374 quoniam
745 2313 835 2358 silenter

70 2377 164 2433 audivit,
175 2375 290 2439 respondit
301 2374 412 2439 sagaciter.
445 2375 477 2422 Et
491 2375 564 2433 nichil,
577 2375 657 2439 inquid
673 2393 718 2435 rex,
730 2376 836 2423 formosi-

70 2444 123 2489 tatis
133 2442 205 2488 inest?
232 2441 319 2496 Tuum,
328 2441 365 2495 ait,
374 2440 465 2486 domine
476 2443 518 2496 mi,
527 2442 555 2487 sit
565 2442 607 2487 hoc
618 2442 725 2503 inspicere
735 2460 741 2500 ;
758 2458 836 2488 meum

71 2505 116 2554 fuit
133 2505 195 2554 verbi
212 2506 313 2567 perferre.
347 2505 428 2551 Fertur
445 2522 458 2550 a
474 2522 526 2568 rege
544 2506 667 2552 sententia:
685 2506 729 2562 Tu,
748 2507 835 2569 inquid,

72 2571 142 2617 oculis
155 2580 228 2616 castus
238 2579 286 2616 esto
297 2570 319 2614 in
331 2585 416 2615 camera
432 2585 525 2631 corpore
541 2571 635 2617 castior:
651 2570 687 2615 hic
703 2587 757 2616 vero
773 2581 836 2616 exeat

72 2635 175 2691 domum,
187 2652 215 2682 ne
225 2634 311 2696 polluat
322 2633 451 2683 thalamum.

76 2736 77 2739 ,
121 2699 216 2746 Dicebat
227 2710 301 2746 autem
313 2698 390 2745 beatus
402 2708 479 2761 pater:
498 2698 534 2746 Ex
547 2698 615 2745 nimia
629 2698 745 2746 securitate
761 2700 837 2747 minus

73 2775 164 2825 cavetur
174 2765 260 2810 hostis:
278 2764 387 2824 dyabolus
399 2765 416 2808 si
427 2765 455 2809 de
467 2780 508 2810 suo
521 2766 625 2824 capillum
636 2764 716 2809 habere
727 2774 801 2826 potest
814 2766 836 2809 in

74 2828 172 2885 homine,
188 2828 234 2872 cito
250 2828 313 2872 illum
332 2843 454 2872 excrescere
468 2827 522 2874 facit
538 2828 561 2873 in
578 2827 679 2882 trabem3
702 2844 749 2885 nec,
766 2829 783 2873 si
799 2844 838 2892 per
