1919 3169
256 105 456 153 tractatus
472 107 648 154 sacunuus
802 121 830 168 35

66 199 131 245 series
149 199 245 260 probat3
268 215 306 245 cor
324 199 481 245 nichilominus
502 201 581 247 ardens
597 201 621 246 in
638 201 759 264 discipulis,
777 202 832 248 dum

66 264 178 328 loquetur,
195 263 275 312 effecit.

264 392 350 434 Contra
359 393 514 436 curiositatem
523 394 639 436 librorum.
837 408 938 452 [n-xcer]

110 477 157 563 1n
171 511 241 571 libris,
253 512 408 559 testimonium
423 512 460 558 dei
476 529 574 575 querere,
586 529 632 560 non
648 513 754 574 pretium,
770 514 834 560 hedi-

66 577 198 634 ficationem,
210 592 255 621 non
266 576 457 637 pulchritudinem
468 577 579 633 edocebat,
587 593 668 639 paucos
676 587 750 623 tamen
759 577 833 624 haberi

66 641 161 698 volebat,
169 641 302 704 eosdemque
309 642 336 686 ad
344 639 439 686 fratrum
450 642 565 704 egentium
572 642 724 688 necessitatem
731 654 832 705 paratos;

66 706 126 753 unde
148 723 199 752 cum
221 706 312 769 quidam
333 706 434 752 minister
455 706 523 752 libros
544 708 671 753 ambitiosos
690 709 832 770 multumque

65 772 162 819 valentes
178 770 225 815 eius
236 769 323 816 licentia
340 770 468 817 retinendos
485 780 604 833 expeteret,
621 772 708 818 audivit
724 772 751 818 ab
768 772 831 835 ipso:

66 836 162 882 Librum
177 834 293 895 evangelii,
306 835 368 896 quod
381 835 531 895 promisimus
543 853 584 898 pro
600 837 645 882 tuis
661 836 723 882 libris
740 838 832 899 perdere

67 898 126 944 nolo
176 899 216 943 Tu
235 898 327 961 quidem
346 899 408 961 quod
427 899 531 955 volueris,
550 899 631 957 facies3
658 917 707 946 mea
728 917 774 947 non
793 903 831 947 fiet

66 963 153 1010 licentia
169 961 272 1027 loquens.

66 1108 293 1201 lauppipsaupertate
310 1107 420 1151 lectorum
435 1109 566 1160 exemplum
581 1108 666 1151 domini
681 1109 789 1151 ostiensis
807 1112 942 1161 etm-xivuj]

110 1243 157 1329 In
179 1277 255 1326 stratis
275 1286 298 1324 et
326 1277 388 1323 lectis
414 1276 446 1323 ita
472 1276 564 1323 demum
591 1276 718 1324 abundabat
744 1278 833 1340 copiosa

66 1353 191 1406 paupertas,
218 1352 251 1399 ut,
275 1341 314 1405 qui
343 1357 412 1405 super
445 1342 518 1403 paleas
549 1342 680 1404 panniculos
712 1343 833 1390 semisanos

66 1408 162 1466 haberet,
184 1424 225 1469 pro
252 1407 350 1453 thalamo
371 1416 503 1469 reputaret3
531 1408 592 1453 unde
615 1407 702 1464 accidit,
724 1417 832 1470 tempore,

66 1489 111 1535 quo
129 1472 196 1519 fiebat
218 1472 339 1534 capitulum
361 1472 389 1517 ad
408 1481 504 1517 sanctam
527 1471 619 1517 mariam
638 1471 666 1518 de
684 1473 833 1534 portiuncula,

66 1538 128 1599 quod
139 1537 245 1584 dominus
254 1537 390 1591 Hostiensis
400 1553 452 1582 cum
468 1535 533 1582 turba
544 1536 642 1581 militum
653 1546 676 1582 et
691 1538 833 1592 clericorum,

66 1601 118 1646 illuc
136 1602 164 1648 ad
186 1600 308 1646 visitandos
329 1599 409 1645 fratres
431 1598 535 1663 perrexit,
554 1599 593 1664 qui
612 1598 698 1657 videm,
717 1602 835 1663 quomodo

1 1692 2 1727 3
66 1665 144 1711 fratres
174 1666 273 1729 jacerent
302 1666 326 1711 in
358 1675 416 1711 terra
447 1675 470 1710 et
501 1666 570 1711 lectos
601 1666 750 1724 considerans,
777 1683 833 1730 quos

66 1730 165 1777 ferarum
196 1730 277 1778 cubilia
308 1729 415 1786 crederes,
444 1729 561 1776 durissime
594 1728 732 1791 illacrymans
758 1748 833 1779 coram

67 1796 170 1841 omnibus
191 1796 234 1842 ait:
268 1795 327 1841 Ecce
348 1795 384 1840 hie
411 1794 527 1839 dormiunt
553 1794 637 1841 fratres.
678 1795 710 1840 Et
737 1796 831 1843 adiecit:

67 1860 103 1904 De
120 1859 191 1914 nobis,
202 1875 256 1904 vero
273 1858 365 1916 miseris,
382 1858 437 1920 quid
454 1859 502 1914 erit,
513 1868 575 1903 tanta
590 1858 744 1918 superfluitate
760 1860 833 1906 abuti-

67 1923 134 1971 mur?
167 1924 260 1979 Omnes,
277 1923 316 1984 qui
332 1922 429 1977 aderant,
445 1922 473 1968 ad
489 1923 594 1983 lacrymas
610 1938 681 1985 usque
697 1924 833 1986 compuncti,

1 2001 4 2028 ῑ
67 1987 188 2049 plurimum
210 1986 320 2033 hedificati
342 1987 459 2033 discendit.
499 1987 547 2033 Hic
571 1987 700 2033 Hostiensis
721 1988 757 2034 ille
780 1989 832 2047 fuit,

1 2079 7 2100 a
68 2052 105 2114 qui
122 2052 212 2100 tandem
228 2052 328 2099 hostium
350 2052 473 2099 maximum
495 2052 518 2098 in
539 2050 628 2097 ecelesia
648 2050 728 2109 factus,
746 2058 927 2117 semperFol.12‘⁰

1 2113 4 2170 f
68 2116 162 2172 obstitit,
189 2118 261 2162 donec
293 2117 389 2162 hostiam
418 2133 501 2161 sacram
529 2117 625 2160 animam
653 2116 714 2161 illam
746 2118 833 2164 beatam

68 2180 114 2226 celo
129 2181 223 2227 refudit.
257 2181 279 2226 O
296 2180 359 2241 pium
375 2189 488 2241 portus,o
503 2180 585 2225 viscera
601 2179 710 2225 caritatis!
745 2181 771 2226 ln
788 2182 834 2229 alto

2 2289 10 2313 ς
67 2245 160 2305 positus,
170 2243 259 2291 dolebat
269 2244 313 2291 alta
323 2245 402 2291 merita
413 2262 458 2290 non
469 2244 556 2300 habere,
568 2261 618 2290 cum
630 2261 706 2292 revera
716 2247 834 2294 sublimior

1 2311 11 2382 ξς
67 2320 123 2357 esset
133 2311 225 2367 virtute,
236 2327 303 2373 quarn
314 2310 373 2356 sede.

115 2451 175 2505 Quid
188 2450 209 2494 ei
222 2451 304 2494 accidit
317 2453 385 2494 nocte
398 2449 497 2503 quadam
511 2461 552 2502 pro
565 2450 655 2503 plumeo
668 2451 785 2503 pulvinari,
834 2464 923 2505 [rr-xtra]

157 2569 248 2614 uoniam
280 2569 308 2614 de
337 2568 400 2614 lectis
431 2568 524 2615 fecimus
550 2568 705 2627 intentionem,
736 2572 833 2618 occurrit

88 2630 129 2678 iud
150 2633 258 2697 quiddam
279 2633 372 2680 fortasse
393 2632 448 2679 utile
473 2633 573 2680 recitatu.
613 2633 635 2678 A
656 2642 765 2696 tempore,
787 2654 833 2698 quo

79 2707 155 2742 anctus
174 2699 215 2744 iste
234 2712 353 2744 conversus
371 2698 399 2743 ad
419 2697 535 2756 christum,
552 2696 659 2742 oblivioni
678 2698 772 2745 tradidit
789 2717 833 2763 que

79 2770 120 2805 unt
135 2762 221 2820 mundi,
233 2762 306 2809 noluit
321 2763 389 2807 iacere
400 2761 423 2806 in
434 2762 533 2818 culcitra,
545 2777 584 2807 nec
595 2762 622 2807 ad
633 2763 704 2825 capud
715 2763 795 2811 habere
805 2765 833 2812 de

84 2840 139 2871 enna
160 2828 280 2889 pulvinar;
305 2827 372 2874 huius
397 2843 452 2874 vero
473 2828 618 2874 districtionis
639 2829 771 2890 repagulum
793 2847 833 2877 nec
