1919 3169
136 74 180 106 110
351 58 509 104 areauna
525 59 682 120 ANTIQUA

132 155 238 201 affectum
249 157 335 216 pensari
347 166 373 201 ut
390 157 500 211 studium,
510 157 635 216 gaudentes
652 157 787 203 mirabilium
805 175 896 205 morum

133 219 230 281 apicibus
241 219 351 266 humanos
359 218 469 264 thalamos
479 219 586 282 superari.
620 219 681 272 Quis
689 220 756 277 enim}
767 232 895 268 sanctorum

132 288 228 352 egregie,
239 286 331 349 spiritus
342 284 375 332 tui
385 283 489 330 ardorem
500 283 537 331 vel
548 284 571 330 in
582 299 605 330 se
616 285 665 346 ipso
682 285 788 345 formare,
799 287 836 335 vel
852 289 896 334 im-

132 354 229 416 primere
239 362 314 414 posset
324 350 348 397 in
359 348 407 396 aliis
418 359 441 396 ct
456 349 550 397 affectus
566 348 616 396 illos
632 349 762 410 ineffabiles,
773 353 813 415 qui
830 369 857 398 ex
873 363 895 399 te

133 436 179 463 non
196 416 322 462 intermisse
341 415 441 459 fluebant
457 414 481 458 in
499 414 575 470 deum,
593 415 709 474 concipere
727 417 777 477 quis
793 418 893 463 valeret?

42 481 80 519 Fol.
93 493 125 519 101
133 482 177 528 Sed
187 480 315 542 scripsimus
326 477 367 525 hec
377 487 416 524 tua
426 476 487 524 dulci
498 476 607 523 memoria
617 476 730 538 delectati,
737 495 814 541 quam,
823 480 895 527 donec

132 546 237 604 vivimus,
256 543 305 590 aliis
324 551 424 589 eructare
442 541 479 588 vel
497 541 640 588 balbutiendo
660 559 774 590 conamur.
809 545 895 591 Cibaris

131 612 175 657 iam
194 628 222 656 ex
240 609 304 670 adipe
322 606 437 664 frumenti,
456 607 572 669 quondam
590 606 707 663 famelice;
732 609 776 654 iam
795 618 895 656 torrente

131 675 254 735 voluptatis
262 673 352 734 potariS,
361 672 468 717 hactenus
476 671 593 717 sitibunde.
628 672 682 717 Non
691 673 721 717 sic
730 684 752 718 te
760 673 895 720 inebriatum

131 740 243 784 credimus
254 737 281 782 ab
292 737 394 781 ubertate
406 735 487 779 domus
504 735 598 791 domini,
609 745 635 778 ut
652 745 745 780 tuorum
763 737 848 781 oblitus
866 738 895 781 sis

131 802 238 859 filiorum,
249 816 301 846 cum
311 810 334 845 et
345 799 389 856 ille,
401 814 470 859 quem
481 807 552 858 potas,
564 798 634 844 nostri
646 799 674 844 sit
691 816 785 846 memor.
818 800 894 848 Trahe

131 885 172 914 nos
189 869 260 930 igitur
277 866 305 912 ad
323 875 352 923 te,
364 863 432 926 digne
450 873 519 924 pater,
529 873 554 909 ut
572 862 595 908 in
613 863 706 910 odorem
724 875 894 928 unguentorum

130 943 223 978 tuorum
235 946 358 986 curramus,
370 944 428 990 quos
439 929 518 989 utique
526 929 596 973 cernis
607 928 691 974 desidia
701 931 797 990 tepidos,
805 931 895 992 pigritia

129 997 257 1058 languidos,
269 993 405 1055 negligentia
416 991 542 1039 semivivos.
575 991 679 1054 Sequitur
690 1002 712 1039 te
728 1010 783 1055 grex
799 995 894 1055 pusillus

130 1062 174 1106 iam
192 1058 281 1106 nutanti
300 1056 413 1117 vestigi03
438 1065 478 1100 tue
496 1054 640 1115 perfectionis
659 1057 733 1101 radios
752 1057 893 1104 infirmorum

129 1125 244 1172 luminum
265 1123 320 1168 acies
340 1120 480 1167 reverberata
504 1135 550 1165 non
577 1119 692 1168 substinet.
738 1122 825 1168 Innova
846 1123 893 1169 dies

129 1200 226 1245 nostros,
235 1187 294 1233 sicut
303 1205 316 1233 a
327 1185 444 1247 principio,
453 1183 605 1246 perfectorum
614 1185 731 1246 speculum
742 1196 764 1232 et
775 1188 893 1248 exemplar,

131 1270 171 1299 nec
182 1253 271 1313 patiaris
278 1251 325 1296 vita
336 1248 454 1295 dissimiles
465 1248 542 1293 eadem
554 1248 594 1293 tibi
605 1249 743 1308 professione
760 1251 891 1298 conformes.

130 1317 189 1364 Ecce
197 1316 241 1364 iam
250 1313 412 1377 prosternimus
420 1311 553 1356 humilitatis
561 1313 687 1374 precamina
693 1329 769 1359 coram
777 1313 894 1360 clementia

130 1382 229 1428 mestatis
240 1389 315 1426 eterne
325 1393 367 1440 pro
378 1377 454 1424 christi
465 1376 550 1423 famulo
561 1376 664 1423 ministro
675 1387 752 1424 nostro
769 1395 893 1426 successore

130 1458 169 1492 tue
188 1454 261 1491 sancte
280 1442 413 1489 humilitatis
432 1451 454 1485 et
476 1457 528 1487 vere
550 1441 685 1502 paupertatis
703 1441 833 1501 emulatore‚
853 1445 892 1506 qui

130 1511 209 1556 ovium
231 1519 321 1553 tuarum
344 1505 460 1551 sollicitam
482 1505 540 1566 gerit
562 1522 637 1551 curam
659 1506 739 1553 affectu
768 1506 829 1554 dulci
851 1525 892 1569 pro

130 1574 235 1619 charitate
246 1571 324 1618 christi
336 1570 369 1615 tui
379 1586 385 1625 3
403 1584 471 1629 quem
483 1569 513 1613 sic
524 1583 657 1628 promovere
667 1579 690 1615 te
704 1580 776 1615 sancte
794 1572 893 1631 petimus

130 1649 152 1684 et
163 1636 273 1699 amplecti,
285 1645 312 1680 ut
322 1632 369 1680 tuis
386 1648 473 1695 semper
490 1631 543 1693 ipsis
559 1631 668 1677 adherens
685 1634 791 1695 vestigiis,
802 1634 892 1681 laudem

130 1714 152 1750 et
162 1704 264 1767 gloriam,
276 1715 344 1763 quam
356 1707 470 1745 assecutus
481 1706 520 1753 est,
532 1708 641 1759 perpetuo
653 1709 810 1761 consequatur.

178 1766 332 1829 Supplicamus
343 1763 410 1809 etiam
421 1771 471 1807 toto
480 1761 553 1806 cordis
561 1761 650 1819 affectu,
659 1762 815 1824 benignissime
823 1776 893 1825 pater,

130 1848 171 1892 pro
182 1831 221 1876 illo
233 1828 279 1873 filio
290 1838 339 1883 tuo,
351 1827 391 1887 qui
402 1836 495 1870 nuncet
507 1824 561 1870 olim
572 1825 668 1871 devotus
685 1837 724 1871 tua
738 1828 825 1887 scripsit
842 1845 894 1888 pre—

129 1896 199 1941 conia.
233 1892 341 1952 Hocipse
352 1887 488 1950 opusculum
499 1888 540 1934 etsi
551 1904 596 1934 non
611 1888 678 1951 digne
696 1905 737 1950 pro
754 1891 846 1948 meritis,
858 1892 893 1954 pie

130 1971 204 2006 tamen
224 1974 267 2021 pro
284 1953 372 2002 viribus
391 1951 504 2014 colligens>
523 1968 567 1999 una
589 1952 707 1999 nobiscum
726 1953 766 2000 tibi
786 1955 852 2001 offert
871 1966 894 2002 et

130 2024 225 2070 dedicat.
258 2022 385 2083 Dignanter
396 2017 461 2063 illum
472 2016 498 2062 ab
510 2017 572 2062 omni
583 2016 642 2063 malo
654 2034 760 2064 conserva
777 2030 800 2065 et
816 2019 893 2078 libera,

130 2090 210 2133 merita
231 2096 306 2131 sancta
326 2084 350 2129 in
371 2083 411 2128 illo
432 2082 550 2142 adaugens.
597 2082 721 2128 Recordare
743 2084 894 2131 universitatis

129 2152 228 2199 filiorum
239 2160 341 2205 tuorum,
353 2156 423 2207 pater,
434 2146 474 2207 qui
485 2145 675 2207 inexplicabilibus
691 2147 763 2191 vexati
781 2148 893 2208 periculis,

130 2227 240 2281 quantum
251 2233 263 2260 a
274 2212 366 2260 remotis
379 2221 418 2257 tua
434 2209 526 2271 vestigia
542 2210 694 2272 insequantur,
706 2221 739 2270 tu,
750 2214 893 2271 sanctissime,

130 2282 228 2344 perfecte
239 2277 361 2340 cognoscis.
395 2276 432 2320 Da
444 2275 510 2329 vires,
522 2284 547 2319 ut
565 2276 682 2330 resistant3
700 2276 793 2336 purifica
809 2295 855 2335 eos,
867 2289 894 2324 ut

130 2347 237 2392 nitescant
247 2359 253 2398 ;
269 2341 357 2398 letifica,
368 2349 395 2384 ut
406 2338 522 2384 fruescant.
556 2337 650 2384 lnfundi
662 2355 729 2401 super
741 2356 778 2385 eos
789 2342 893 2402 spiritum

129 2410 200 2474 gratie
211 2418 233 2455 et
244 2421 337 2468 precum
347 2405 442 2464 impetra
453 2418 493 2463 pro
504 2418 556 2449 vera
567 2403 695 2448 humilitate
705 2404 813 2460 habenda,
825 2421 893 2467 quam

130 2474 233 2530 habuisti,
242 2488 284 2533 pro
293 2468 401 2516 servanda
408 2476 545 2528 paupertate,
553 2483 622 2529 quam
630 2467 731 2523 tenuisti,
740 2484 781 2529 pro
790 2471 894 2515 merenda

130 2539 226 2597 caritate,
238 2553 283 2599 qua
294 2533 403 2585 christum
419 2531 549 2577 crucifixum
567 2547 654 2592 semper
671 2534 765 2588 amasti3
783 2535 822 2596 qui
841 2551 893 2581 cum

130 2606 195 2650 Patre
207 2612 229 2649 et
240 2601 324 2663 Spiritu
336 2607 412 2644 sancto
423 2596 480 2643 vivit
497 2607 519 2642 et
532 2607 610 2658 regnat
628 2596 650 2642 in
668 2597 741 2643 secula
758 2598 892 2648 seculorum.

129 2671 210 2715 Amen.
