1919 3169
104 105 133 152 54
321 87 480 133 Lucanus
496 86 653 147 nurroun

103 200 153 231 eam
172 195 194 231 et
210 183 318 248 quamdiu
334 182 440 229 dominus
456 180 608 243 permittebat,
621 179 736 228 fruebatur
753 180 871 229 dulcedine

103 249 135 293 sic
146 249 224 294 oblata.
255 249 315 293 Cum
324 248 393 309 igitur
403 246 479 308 aliquo
491 246 583 309 negotio
595 256 720 307 urgeretur,
727 247 763 291 vel
772 247 872 291 intentus

104 322 161 359 esset
167 311 249 367 itineri,
257 320 328 357 tactus
337 310 446 373 quosdam
453 310 524 371 gratie
531 310 611 357 sensim
619 309 763 370 persentiens,
769 309 873 371 gustabat

105 375 257 441 interpolatim
270 375 399 439 frequenter
414 373 471 421 illud
484 390 565 421 manna
577 373 739 421 dulcissimum.
773 374 833 421 Nam
850 382 872 419 et

106 443 130 489 in
146 444 190 502 via,
205 440 267 488 sotiis
283 439 461 503 precedentibus,
479 441 575 503 gradum
594 440 676 501 figebat
693 455 820 503 novamque
838 438 872 484 in-

105 508 250 570 spirationem
261 507 288 551 ad
299 505 431 550 fruitionem
442 515 581 563 convertens,
592 504 687 568 gratiam
699 521 744 550 non
756 502 874 566 recipiebat

106 588 229 619 mvanum.

59 707 104 749 [bl]
152 665 253 756 Rotas
268 695 384 743 canonicas
398 714 445 743 non
463 696 538 743 minus
554 696 681 755 timoratus,
692 713 760 760 quam
778 698 875 744 devotus

107 763 220 810 reddebat.
254 762 315 807 Nam
332 761 384 807 licet
402 760 528 817 oculorum,
540 762 656 819 stomachi,
668 761 750 823 splenis
763 771 785 808 et
796 762 872 824 epatis,

107 828 235 890 egritudine
245 825 363 881 laboraret,
372 825 462 871 nolebat
474 841 548 882 muro,
555 827 592 873 vel
604 826 690 887 parieti,
697 826 753 872 dum
765 827 874 889 psalleret,

107 892 221 948 adherere,
237 890 277 936 sed
299 890 369 945 horas
388 905 474 952 semper
495 899 581 936 erectus
603 899 626 935 et
646 891 693 935 sine
712 891 809 951 caputio,
828 906 875 936 non

108 958 222 1021 girovagis
233 956 310 1012 oculis,
321 971 367 1001 non
378 971 429 1001 cum
441 954 514 1018 aliqua
524 955 623 1017 sincopa,
632 953 780 1018 persolvebat.
814 956 874 1002 Cum

107 1038 147 1084 per
158 1021 271 1067 mundum
282 1020 350 1083 pedes
361 1018 419 1077 ibat,
426 1035 513 1081 semper
524 1020 552 1065 ad
565 1021 685 1066 dicendum
697 1021 763 1065 horas
773 1036 875 1083 gressum

108 1088 191 1150 figebat
201 1103 207 1143 3
225 1101 276 1131 cum
287 1102 341 1132 vero
352 1101 425 1147 eques,
438 1084 585 1131 descendebat
596 1085 624 1131 ad
634 1095 718 1131 terram
729 1103 734 1132 :
752 1086 812 1132 unde
823 1103 874 1132 cum

109 1153 145 1197 die
162 1149 259 1214 quadam
277 1159 426 1194 reverteretur
443 1148 470 1192 ab
489 1149 553 1193 Urbe
571 1159 593 1193 et
610 1151 716 1194 continue
733 1151 826 1211 plueret,
847 1151 875 1194 ad

109 1216 230 1261 dicendum
247 1213 351 1268 officium,
370 1212 397 1257 de
414 1229 472 1275 equo
488 1212 604 1258 descendit
624 1213 708 1276 diuque
730 1223 797 1270 stans,
814 1223 876 1259 totus

109 1279 154 1327 fuit
164 1280 187 1326 in
198 1277 275 1341 pluvia
286 1277 415 1333 balneatus;
433 1275 520 1323 dicebat
531 1277 592 1322 enirn
608 1276 728 1341 aliquando
739 1296 743 1324 :
761 1279 783 1324 Si
800 1278 876 1341 quiete

110 1361 191 1407 corpus
211 1342 308 1389 comedit
325 1342 401 1387 cibum
419 1357 485 1387 suum
504 1341 609 1387 futurum
628 1358 679 1387 cum
699 1343 747 1404 ipso
763 1343 875 1388 vermium

110 1425 165 1466 esca,
176 1424 228 1455 cum
239 1417 323 1469 quanta
335 1422 388 1467 pace
407 1416 430 1451 et
447 1406 608 1468 tranquillitate
625 1405 691 1452 debet
709 1407 782 1453 anima
800 1407 876 1452 cibum

110 1490 184 1530 suum,
195 1471 233 1536 qui
244 1481 278 1516 est
289 1471 353 1515 Deus
364 1485 425 1528 suus,
436 1469 547 1531 accipere?

54 1622 107 1664 [iij]
159 1568 286 1654 Graviter
312 1616 335 1645 se
361 1597 453 1661 putabat
478 1597 598 1656 offendere,
621 1598 639 1644 'si
664 1599 754 1663 quando
781 1600 876 1646 orationi

111 1667 201 1713 deditus
225 1665 288 1711 vanis
312 1662 503 1725 phantasmatibus
528 1673 664 1710 moveretur.
709 1665 768 1710 Cum
792 1666 876 1728 aliquid

111 1730 153 1776 tale
175 1728 290 1785 incideret,
312 1744 358 1772 non
380 1726 483 1789 parcebat
507 1726 647 1786 confessioni,
670 1728 724 1791 quin
746 1727 803 1774 illud
824 1745 876 1791 pro-

111 1795 172 1841 tinus
193 1793 297 1855 expiaret.
338 1792 394 1838 Hoc
413 1791 515 1838 studium
537 1792 568 1837 sic
589 1791 613 1836 in
635 1808 701 1838 usum
723 1802 829 1850 verterat,
850 1803 876 1839 ut

111 1859 221 1906 rarissime
243 1856 345 1903 muschas
366 1855 522 1902 huiuscemodi
543 1865 663 1917 pateretur.
708 1858 799 1904 Fecerat
823 1875 877 1921 qua-

112 1925 163 1970 dam
201 1921 370 1987 quadragesima
407 1921 523 1967 vasculum
563 1920 684 1985 quoddam,
722 1921 778 1968 circa
815 1923 876 1985 quod

113 1989 219 2036 minutias
251 1986 365 2049 temporis,
393 2002 421 2031 ne
453 1985 543 2047 penitus
575 1985 694 2044 excideret,
721 1988 876 2049 applicaverat.

38 2055 219 2113 u01.5zQuadam
240 2068 295 2115 ergo
316 2051 360 2106 die,
378 2066 429 2096 cum
457 2049 545 2096 tertiam
572 2050 668 2097 devotus
695 2051 787 2108 diceret,
809 2053 880 2098 oculis

113 2118 227 2165 casualiter
257 2116 340 2178 illapsis
369 2114 392 2160 in
422 2114 622 2161 considerationem
649 2115 714 2172 vasis,
744 2116 880 2179 impeditum

114 2184 182 2229 sensit
196 2182 324 2227 interiorem
342 2180 458 2224 hominem
475 2196 487 2223 a
504 2179 600 2225 fervore.
634 2181 721 2225 Dolens
738 2197 793 2243 ergo
810 2183 880 2227 inter-

113 2258 204 2310 ruptam
220 2261 298 2290 vocem
315 2243 389 2288 cordis
404 2243 433 2287 ad
451 2259 515 2288 aures
533 2243 627 2300 divinas,
647 2244 713 2288 tertia
733 2244 802 2302 finita,
823 2245 880 2291 dixit

114 2310 257 2360 audientibus
269 2308 392 2356 fratribus:
410 2308 459 2353 Hei
475 2309 621 2371 nugatorium
637 2326 702 2372 opus,
714 2311 775 2373 quod
791 2320 880 2356 tantum

115 2378 138 2422 in
158 2394 194 2422 me
212 2374 291 2432 valuit,
311 2384 338 2420 ut
356 2373 380 2418 in
399 2389 421 2418 se
443 2373 544 2419 animum
566 2373 717 2437 detorqueret.
751 2375 881 2421 Sacrificabo

115 2441 172 2486 illud
194 2438 294 2492 domino,
317 2438 380 2482 cuius
404 2437 537 2483 sacrificium
561 2438 687 2498 impedivit.
731 2439 786 2485 Hiis
807 2440 881 2495 distic,

114 2504 220 2567 arripiens
231 2502 348 2549 vasculum
360 2499 480 2545 confricuit
491 2500 514 2545 in
531 2501 589 2563 igne.
623 2501 718 2558 Pudeat,
735 2501 823 2566 inquid,
841 2520 881 2548 nos

114 2570 138 2615 in
165 2568 294 2631 vagationes
322 2566 450 2628 nugatorias
477 2567 551 2627 arripi,
574 2581 634 2623 cum,
651 2576 753 2628 tempore
775 2569 882 2614 orationis

115 2649 223 2697 magnum
238 2647 314 2695 regem
330 2629 473 2693 alloquimur.

50 2771 113 2813 [L-IIJ]
165 2730 371 2822 Suspendebatur
386 2757 502 2803 multoties
519 2768 580 2803 tanta
597 2759 792 2819 contemplationis
808 2763 884 2806 dulce-

117 2830 177 2884 dine,
197 2836 223 2873 ut
242 2841 310 2886 supra
328 2821 473 2884 semetipsum
495 2833 571 2884 raptus
593 2822 655 2885 quod
677 2823 735 2868 ultra
756 2823 882 2872 humanum
