<?xml version="1.0" encoding="UTF-8"?>
<!DOCTYPE html PUBLIC "-//W3C//DTD XHTML 1.0 Transitional//EN"
    "http://www.w3.org/TR/xhtml1/DTD/xhtml1-transitional.dtd">
<html xmlns="http://www.w3.org/1999/xhtml" xml:lang="en" lang="en">
 <head>
  <title>
</title>
<meta http-equiv="Content-Type" content="text/html;charset=utf-8" />
  <meta name='ocr-system' content='tesseract 3.04.00' />
  <meta name='ocr-capabilities' content='ocr_page ocr_carea ocr_par ocr_line ocrx_word'/>
</head>
<body>
  <div class='ocr_page' id='page_1' title='image "./MN5146ucmf_4_0353.png"; bbox 0 0 1919 3169; ppageno 0'>
   <div class='ocr_carea' id='block_1_1' title="bbox 250 64 828 132">
    <p class='ocr_par' dir='ltr' id='par_1_1' title="bbox 250 64 828 132">
     <span class='ocr_line' id='line_1_1' title="bbox 250 64 828 132; baseline 0.005 -20"><span class='ocrx_word' id='word_1_1' title='bbox 250 64 451 114; x_wconf 80' lang='lat' dir='ltr'>Tuncrnrus</span> <span class='ocrx_word' id='word_1_2' title='bbox 468 66 645 115; x_wconf 71' lang='lat' dir='ltr'>strennuus</span> <span class='ocrx_word' id='word_1_3' title='bbox 799 79 828 132; x_wconf 78' lang='lat'>75</span> 
     </span>
    </p>
   </div>
   <div class='ocr_carea' id='block_1_2' title="bbox 66 216 947 322">
    <p class='ocr_par' dir='ltr' id='par_1_2' title="bbox 66 216 947 322">
     <span class='ocr_line' id='line_1_2' title="bbox 96 216 947 269; baseline 0.007 -14"><span class='ocrx_word' id='word_1_4' title='bbox 96 216 140 257; x_wconf 64' lang='lat' dir='ltr'>,De</span> <span class='ocrx_word' id='word_1_5' title='bbox 158 217 285 261; x_wconf 84' lang='lat' dir='ltr'>humilitate</span> <span class='ocrx_word' id='word_1_6' title='bbox 303 218 376 269; x_wconf 81' lang='lat' dir='ltr'>ipsius</span> <span class='ocrx_word' id='word_1_7' title='bbox 388 217 418 259; x_wconf 82' lang='lat' dir='ltr'>ad</span> <span class='ocrx_word' id='word_1_8' title='bbox 431 221 536 261; x_wconf 87' lang='lat' dir='ltr'>sanctum</span> <span class='ocrx_word' id='word_1_9' title='bbox 550 218 702 269; x_wconf 64' lang='lat' dir='ltr'>dominicum</span> <span class='ocrx_word' id='word_1_10' title='bbox 719 221 743 260; x_wconf 90' lang='lat' dir='ltr'>et</span> <span class='ocrx_word' id='word_1_11' title='bbox 757 218 947 261; x_wconf 64' lang='lat' dir='ltr'>sanctire-cmv]</span> 
     </span>
     <span class='ocr_line' id='line_1_3' title="bbox 66 267 702 322; baseline -0.002 -12"><span class='ocrx_word' id='word_1_12' title='bbox 66 267 171 310; x_wconf 84' lang='lat' dir='ltr'>dominici</span> <span class='ocrx_word' id='word_1_13' title='bbox 184 270 214 311; x_wconf 87' lang='lat' dir='ltr'>ad</span> <span class='ocrx_word' id='word_1_14' title='bbox 227 270 302 322; x_wconf 85' lang='lat' dir='ltr'>ipsum</span> <span class='ocrx_word' id='word_1_15' title='bbox 315 273 339 313; x_wconf 84' lang='lat' dir='ltr'>et</span> <span class='ocrx_word' id='word_1_16' title='bbox 352 269 381 312; x_wconf 87' lang='lat' dir='ltr'>de</span> <span class='ocrx_word' id='word_1_17' title='bbox 395 273 475 312; x_wconf 86' lang='lat' dir='ltr'>mutua</span> <span class='ocrx_word' id='word_1_18' title='bbox 487 270 582 314; x_wconf 84' lang='lat' dir='ltr'>caritate</span> <span class='ocrx_word' id='word_1_19' title='bbox 596 270 702 321; x_wconf 83' lang='lat' dir='ltr'>ipsorum.</span> 
     </span>
    </p>
   </div>
   <div class='ocr_carea' id='block_1_3' title="bbox 66 356 933 2127">
    <p class='ocr_par' dir='ltr' id='par_1_3' title="bbox 66 356 933 1224">
     <span class='ocr_line' id='line_1_4' title="bbox 111 356 833 450; baseline 0 -18"><span class='ocrx_word' id='word_1_20' title='bbox 111 356 163 439; x_wconf 73' lang='lat' dir='ltr'>In</span> <span class='ocrx_word' id='word_1_21' title='bbox 179 387 234 432; x_wconf 90' lang='lat' dir='ltr'>urbe</span> <span class='ocrx_word' id='word_1_22' title='bbox 256 403 308 433; x_wconf 89' lang='lat' dir='ltr'>curn</span> <span class='ocrx_word' id='word_1_23' title='bbox 324 387 418 433; x_wconf 90' lang='lat' dir='ltr'>domino</span> <span class='ocrx_word' id='word_1_24' title='bbox 439 387 554 443; x_wconf 88' lang='lat' dir='ltr'>Ostiensis,</span> <span class='ocrx_word' id='word_1_25' title='bbox 573 387 613 450; x_wconf 92' lang='lat' dir='ltr'>qui</span> <span class='ocrx_word' id='word_1_26' title='bbox 635 397 713 449; x_wconf 85' lang='lat' dir='ltr'>postea</span> <span class='ocrx_word' id='word_1_27' title='bbox 730 402 833 433; x_wconf 90' lang='lat' dir='ltr'>summus</span> 
     </span>
     <span class='ocr_line' id='line_1_5' title="bbox 66 451 834 515; baseline -0.003 -17"><span class='ocrx_word' id='word_1_28' title='bbox 66 453 168 515; x_wconf 79' lang='lat' dir='ltr'>pontifex</span> <span class='ocrx_word' id='word_1_29' title='bbox 189 451 241 507; x_wconf 85' lang='lat' dir='ltr'>fuit,</span> <span class='ocrx_word' id='word_1_30' title='bbox 258 452 315 497; x_wconf 90' lang='lat' dir='ltr'>clara</span> <span class='ocrx_word' id='word_1_31' title='bbox 337 451 374 496; x_wconf 92' lang='lat' dir='ltr'>illa</span> <span class='ocrx_word' id='word_1_32' title='bbox 394 451 510 498; x_wconf 89' lang='lat' dir='ltr'>luminaria</span> <span class='ocrx_word' id='word_1_33' title='bbox 531 453 590 497; x_wconf 86' lang='lat' dir='ltr'>orbis</span> <span class='ocrx_word' id='word_1_34' title='bbox 611 453 725 508; x_wconf 81' lang='lat' dir='ltr'>adherant,</span> <span class='ocrx_word' id='word_1_35' title='bbox 745 462 834 497; x_wconf 87' lang='lat' dir='ltr'>sanctus</span> 
     </span>
     <span class='ocr_line' id='line_1_6' title="bbox 67 515 833 572; baseline -0.007 -7"><span class='ocrx_word' id='word_1_36' title='bbox 67 516 194 565; x_wconf 88' lang='lat' dir='ltr'>dominicus</span> <span class='ocrx_word' id='word_1_37' title='bbox 207 526 229 561; x_wconf 91' lang='lat' dir='ltr'>et</span> <span class='ocrx_word' id='word_1_38' title='bbox 245 525 333 562; x_wconf 89' lang='lat' dir='ltr'>sanctus</span> <span class='ocrx_word' id='word_1_39' title='bbox 344 515 506 572; x_wconf 89' lang='lat' dir='ltr'>Francischus;</span> <span class='ocrx_word' id='word_1_40' title='bbox 523 527 545 562; x_wconf 93' lang='lat' dir='ltr'>et</span> <span class='ocrx_word' id='word_1_41' title='bbox 557 533 608 563; x_wconf 84' lang='lat' dir='ltr'>cum</span> <span class='ocrx_word' id='word_1_42' title='bbox 619 516 726 564; x_wconf 85' lang='lat' dir='ltr'>melliflua</span> <span class='ocrx_word' id='word_1_43' title='bbox 736 515 833 563; x_wconf 86' lang='lat' dir='ltr'>vicissim</span> 
     </span>
     <span class='ocr_line' id='line_1_7' title="bbox 67 579 933 643; baseline -0.005 -14"><span class='ocrx_word' id='word_1_44' title='bbox 67 582 95 629; x_wconf 90' lang='lat' dir='ltr'>de</span> <span class='ocrx_word' id='word_1_45' title='bbox 116 579 210 628; x_wconf 88' lang='lat' dir='ltr'>domino</span> <span class='ocrx_word' id='word_1_46' title='bbox 232 588 365 638; x_wconf 81' lang='lat' dir='ltr'><strong>eructarent,</strong></span> <span class='ocrx_word' id='word_1_47' title='bbox 389 579 445 626; x_wconf 83' lang='lat' dir='ltr'>dixit</span> <span class='ocrx_word' id='word_1_48' title='bbox 467 579 556 627; x_wconf 88' lang='lat' dir='ltr'>tandem</span> <span class='ocrx_word' id='word_1_49' title='bbox 578 580 695 643; x_wconf 89' lang='lat' dir='ltr'>episcopus</span> <span class='ocrx_word' id='word_1_50' title='bbox 719 579 778 626; x_wconf 89' lang='lat' dir='ltr'>illis:</span> <span class='ocrx_word' id='word_1_51' title='bbox 806 580 833 625; x_wconf 90' lang='lat' dir='ltr'>ln</span> <span class='ocrx_word' id='word_1_52' title='bbox 865 632 881 639; x_wconf 9' lang='grc' dir='ltr'>,ἢ</span> <span class='ocrx_word' id='word_1_53' title='bbox 900 634 901 637; x_wconf 10' lang='lat'>¹</span> <span class='ocrx_word' id='word_1_54' title='bbox 931 638 933 640; x_wconf 21' lang='grc' dir='ltr'>Ι</span> 
     </span>
     <span class='ocr_line' id='line_1_8' title="bbox 67 645 834 707; baseline -0.003 -15"><span class='ocrx_word' id='word_1_55' title='bbox 67 646 156 692; x_wconf 90' lang='lat' dir='ltr'>ecclesia</span> <span class='ocrx_word' id='word_1_56' title='bbox 166 645 280 707; x_wconf 88' lang='lat' dir='ltr'>primitiva</span> <span class='ocrx_word' id='word_1_57' title='bbox 291 654 388 706; x_wconf 88' lang='lat' dir='ltr'>pastores</span> <span class='ocrx_word' id='word_1_58' title='bbox 399 645 487 691; x_wconf 84' lang='lat' dir='ltr'>ecclesie</span> <span class='ocrx_word' id='word_1_59' title='bbox 497 662 605 707; x_wconf 86' lang='lat' dir='ltr'>pauperes</span> <span class='ocrx_word' id='word_1_60' title='bbox 614 656 677 693; x_wconf 92' lang='lat' dir='ltr'>erant</span> <span class='ocrx_word' id='word_1_61' title='bbox 693 656 716 692; x_wconf 92' lang='lat' dir='ltr'>et</span> <span class='ocrx_word' id='word_1_62' title='bbox 732 645 834 691; x_wconf 90' lang='lat' dir='ltr'>homines</span> 
     </span>
     <span class='ocr_line' id='line_1_9' title="bbox 67 708 834 771; baseline -0.003 -15"><span class='ocrx_word' id='word_1_63' title='bbox 67 711 165 764; x_wconf 89' lang='lat' dir='ltr'>caritate,</span> <span class='ocrx_word' id='word_1_64' title='bbox 174 725 220 754; x_wconf 91' lang='lat' dir='ltr'>non</span> <span class='ocrx_word' id='word_1_65' title='bbox 228 710 350 770; x_wconf 86' lang='lat' dir='ltr'>cupiditate</span> <span class='ocrx_word' id='word_1_66' title='bbox 356 708 481 756; x_wconf 85' lang='lat' dir='ltr'>ferventes:</span> <span class='ocrx_word' id='word_1_67' title='bbox 493 711 548 767; x_wconf 86' lang='lat' dir='ltr'>Cur,</span> <span class='ocrx_word' id='word_1_68' title='bbox 555 711 642 771; x_wconf 87' lang='lat' dir='ltr'>inquid,</span> <span class='ocrx_word' id='word_1_69' title='bbox 650 727 696 756; x_wconf 92' lang='lat' dir='ltr'>non</span> <span class='ocrx_word' id='word_1_70' title='bbox 702 709 797 756; x_wconf 87' lang='lat' dir='ltr'>facimus</span> <span class='ocrx_word' id='word_1_71' title='bbox 806 709 834 755; x_wconf 90' lang='lat' dir='ltr'>de</span> 
     </span>
     <span class='ocr_line' id='line_1_10' title="bbox 68 772 834 837; baseline -0.003 -17"><span class='ocrx_word' id='word_1_72' title='bbox 68 789 126 820; x_wconf 89' lang='lat' dir='ltr'>unus</span> <span class='ocrx_word' id='word_1_73' title='bbox 131 772 236 818; x_wconf 88' lang='lat' dir='ltr'>fratribus</span> <span class='ocrx_word' id='word_1_74' title='bbox 242 772 357 835; x_wconf 89' lang='lat' dir='ltr'>episcopos</span> <span class='ocrx_word' id='word_1_75' title='bbox 365 782 388 817; x_wconf 91' lang='lat' dir='ltr'>et</span> <span class='ocrx_word' id='word_1_76' title='bbox 396 772 500 836; x_wconf 89' lang='lat' dir='ltr'>prelatos,</span> <span class='ocrx_word' id='word_1_77' title='bbox 507 773 546 837; x_wconf 90' lang='lat' dir='ltr'>qui</span> <span class='ocrx_word' id='word_1_78' title='bbox 554 773 691 819; x_wconf 90' lang='lat' dir='ltr'>documento</span> <span class='ocrx_word' id='word_1_79' title='bbox 701 783 724 819; x_wconf 90' lang='lat' dir='ltr'>et</span> <span class='ocrx_word' id='word_1_80' title='bbox 731 773 834 836; x_wconf 88' lang='lat' dir='ltr'>exemplo</span> 
     </span>
     <span class='ocr_line' id='line_1_11' title="bbox 67 836 925 900; baseline -0.005 -14"><span class='ocrx_word' id='word_1_81' title='bbox 67 838 143 886; x_wconf 86' lang='lat' dir='ltr'>ceteris</span> <span class='ocrx_word' id='word_1_82' title='bbox 154 836 285 900; x_wconf 82' lang='lat' dir='ltr'>prevalent?</span> <span class='ocrx_word' id='word_1_83' title='bbox 302 837 339 884; x_wconf 87' lang='lat' dir='ltr'>Fit</span> <span class='ocrx_word' id='word_1_84' title='bbox 347 838 405 884; x_wconf 88' lang='lat' dir='ltr'>inter</span> <span class='ocrx_word' id='word_1_85' title='bbox 415 848 503 885; x_wconf 89' lang='lat' dir='ltr'>sanctos</span> <span class='ocrx_word' id='word_1_86' title='bbox 513 839 541 885; x_wconf 90' lang='lat' dir='ltr'>de</span> <span class='ocrx_word' id='word_1_87' title='bbox 547 838 704 900; x_wconf 90' lang='lat' dir='ltr'>respondendo</span> <span class='ocrx_word' id='word_1_88' title='bbox 711 838 833 895; x_wconf 87' lang='lat' dir='ltr'>contentio,</span> <span class='ocrx_word' id='word_1_89' title='bbox 839 845 878 884; x_wconf 82' lang='lat' dir='ltr'>Fol.</span> <span class='ocrx_word' id='word_1_90' title='bbox 887 849 925 892; x_wconf 77' lang='lat'>27¹⁰</span> 
     </span>
     <span class='ocr_line' id='line_1_12' title="bbox 68 902 835 966; baseline -0.003 -16"><span class='ocrx_word' id='word_1_91' title='bbox 68 920 114 951; x_wconf 93' lang='lat' dir='ltr'>non</span> <span class='ocrx_word' id='word_1_92' title='bbox 125 902 304 965; x_wconf 89' lang='lat' dir='ltr'>preripientibus,</span> <span class='ocrx_word' id='word_1_93' title='bbox 315 903 353 948; x_wconf 91' lang='lat' dir='ltr'>sed</span> <span class='ocrx_word' id='word_1_94' title='bbox 364 902 518 960; x_wconf 84' lang='lat' dir='ltr'>offerentibus,</span> <span class='ocrx_word' id='word_1_95' title='bbox 530 904 585 966; x_wconf 88' lang='lat' dir='ltr'>quin</span> <span class='ocrx_word' id='word_1_96' title='bbox 596 903 666 950; x_wconf 88' lang='lat' dir='ltr'>immo</span> <span class='ocrx_word' id='word_1_97' title='bbox 677 920 723 949; x_wconf 92' lang='lat' dir='ltr'>sese</span> <span class='ocrx_word' id='word_1_98' title='bbox 734 903 835 966; x_wconf 83' lang='lat' dir='ltr'>cogenti-</span> 
     </span>
     <span class='ocr_line' id='line_1_13' title="bbox 69 967 834 1030; baseline -0.001 -16"><span class='ocrx_word' id='word_1_99' title='bbox 69 967 110 1015; x_wconf 92' lang='lat' dir='ltr'>bus</span> <span class='ocrx_word' id='word_1_100' title='bbox 131 968 160 1014; x_wconf 89' lang='lat' dir='ltr'>ad</span> <span class='ocrx_word' id='word_1_101' title='bbox 181 983 329 1029; x_wconf 77' lang='lat' dir='ltr'>responsum3</span> <span class='ocrx_word' id='word_1_102' title='bbox 353 967 464 1029; x_wconf 85' lang='lat' dir='ltr'>siquidem</span> <span class='ocrx_word' id='word_1_103' title='bbox 480 968 572 1030; x_wconf 88' lang='lat' dir='ltr'>utrique</span> <span class='ocrx_word' id='word_1_104' title='bbox 591 969 652 1029; x_wconf 89' lang='lat' dir='ltr'>prior</span> <span class='ocrx_word' id='word_1_105' title='bbox 668 978 715 1015; x_wconf 90' lang='lat' dir='ltr'>erat</span> <span class='ocrx_word' id='word_1_106' title='bbox 736 969 834 1023; x_wconf 88' lang='lat' dir='ltr'>alterius,</span> 
     </span>
     <span class='ocr_line' id='line_1_14' title="bbox 69 1031 835 1094; baseline -0.001 -15"><span class='ocrx_word' id='word_1_107' title='bbox 69 1033 124 1079; x_wconf 88' lang='lat' dir='ltr'>dum</span> <span class='ocrx_word' id='word_1_108' title='bbox 146 1031 239 1094; x_wconf 89' lang='lat' dir='ltr'>utrique</span> <span class='ocrx_word' id='word_1_109' title='bbox 261 1032 357 1078; x_wconf 86' lang='lat' dir='ltr'>devotus</span> <span class='ocrx_word' id='word_1_110' title='bbox 378 1033 402 1076; x_wconf 94' lang='lat' dir='ltr'>in</span> <span class='ocrx_word' id='word_1_111' title='bbox 419 1032 521 1078; x_wconf 89' lang='lat' dir='ltr'>alterum.</span> <span class='ocrx_word' id='word_1_112' title='bbox 553 1032 614 1078; x_wconf 90' lang='lat' dir='ltr'>Vicit</span> <span class='ocrx_word' id='word_1_113' title='bbox 631 1042 705 1078; x_wconf 89' lang='lat' dir='ltr'>tamen</span> <span class='ocrx_word' id='word_1_114' title='bbox 722 1032 835 1078; x_wconf 83' lang='lat' dir='ltr'>humilitas</span> 
     </span>
     <span class='ocr_line' id='line_1_15' title="bbox 69 1096 835 1158; baseline 0 -17"><span class='ocrx_word' id='word_1_115' title='bbox 69 1096 234 1152; x_wconf 90' lang='lat' dir='ltr'>Francischum,</span> <span class='ocrx_word' id='word_1_116' title='bbox 246 1111 273 1140; x_wconf 92' lang='lat' dir='ltr'>ne</span> <span class='ocrx_word' id='word_1_117' title='bbox 289 1111 311 1140; x_wconf 91' lang='lat' dir='ltr'>se</span> <span class='ocrx_word' id='word_1_118' title='bbox 323 1107 462 1157; x_wconf 87' lang='lat' dir='ltr'>preponeret,</span> <span class='ocrx_word' id='word_1_119' title='bbox 474 1097 527 1142; x_wconf 86' lang='lat' dir='ltr'>vicit</span> <span class='ocrx_word' id='word_1_120' title='bbox 538 1106 561 1142; x_wconf 91' lang='lat' dir='ltr'>et</span> <span class='ocrx_word' id='word_1_121' title='bbox 571 1097 718 1152; x_wconf 85' lang='lat' dir='ltr'>dominicum,</span> <span class='ocrx_word' id='word_1_122' title='bbox 729 1107 755 1142; x_wconf 92' lang='lat' dir='ltr'>ut</span> <span class='ocrx_word' id='word_1_123' title='bbox 766 1097 835 1158; x_wconf 90' lang='lat' dir='ltr'>ipsius</span> 
     </span>
     <span class='ocr_line' id='line_1_16' title="bbox 68 1159 467 1224; baseline 0 -18"><span class='ocrx_word' id='word_1_124' title='bbox 68 1160 225 1224; x_wconf 88' lang='lat' dir='ltr'>respondendo</span> <span class='ocrx_word' id='word_1_125' title='bbox 234 1160 349 1206; x_wconf 89' lang='lat' dir='ltr'>humiliter</span> <span class='ocrx_word' id='word_1_126' title='bbox 360 1159 467 1206; x_wconf 85' lang='lat' dir='ltr'>obediret.</span> 
     </span>
    </p>

    <p class='ocr_par' dir='ltr' id='par_1_4' title="bbox 69 1224 837 2127">
     <span class='ocr_line' id='line_1_17' title="bbox 117 1224 834 1288; baseline 0.001 -17"><span class='ocrx_word' id='word_1_127' title='bbox 117 1226 264 1287; x_wconf 88' lang='lat' dir='ltr'>Respondens</span> <span class='ocrx_word' id='word_1_128' title='bbox 285 1241 338 1288; x_wconf 85' lang='lat' dir='ltr'>ergo</span> <span class='ocrx_word' id='word_1_129' title='bbox 365 1224 442 1271; x_wconf 88' lang='lat' dir='ltr'>beatus</span> <span class='ocrx_word' id='word_1_130' title='bbox 472 1224 598 1271; x_wconf 90' lang='lat' dir='ltr'>dominicus</span> <span class='ocrx_word' id='word_1_131' title='bbox 626 1224 683 1271; x_wconf 82' lang='lat' dir='ltr'>dixit</span> <span class='ocrx_word' id='word_1_132' title='bbox 710 1225 834 1287; x_wconf 89' lang='lat' dir='ltr'>episcopo:</span> 
     </span>
     <span class='ocr_line' id='line_1_18' title="bbox 69 1288 837 1351; baseline -0.001 -15"><span class='ocrx_word' id='word_1_133' title='bbox 69 1289 175 1345; x_wconf 86' lang='lat' dir='ltr'>Domine,</span> <span class='ocrx_word' id='word_1_134' title='bbox 190 1289 262 1351; x_wconf 83' lang='lat' dir='ltr'>gradu</span> <span class='ocrx_word' id='word_1_135' title='bbox 279 1289 351 1344; x_wconf 85' lang='lat' dir='ltr'>beato,</span> <span class='ocrx_word' id='word_1_136' title='bbox 363 1290 381 1334; x_wconf 91' lang='lat' dir='ltr'>si</span> <span class='ocrx_word' id='word_1_137' title='bbox 399 1299 544 1350; x_wconf 85' lang='lat' dir='ltr'>cognoscunt,</span> <span class='ocrx_word' id='word_1_138' title='bbox 556 1288 669 1334; x_wconf 88' lang='lat' dir='ltr'>sublimati</span> <span class='ocrx_word' id='word_1_139' title='bbox 687 1300 740 1335; x_wconf 88' lang='lat' dir='ltr'>sunt</span> <span class='ocrx_word' id='word_1_140' title='bbox 757 1289 837 1335; x_wconf 83' lang='lat' dir='ltr'>fratres</span> 
     </span>
     <span class='ocr_line' id='line_1_19' title="bbox 70 1352 836 1415; baseline 0.001 -18"><span class='ocrx_word' id='word_1_141' title='bbox 70 1354 121 1409; x_wconf 87' lang='lat' dir='ltr'>mei,</span> <span class='ocrx_word' id='word_1_142' title='bbox 138 1369 178 1398; x_wconf 92' lang='lat' dir='ltr'>nec</span> <span class='ocrx_word' id='word_1_143' title='bbox 194 1369 236 1415; x_wconf 91' lang='lat' dir='ltr'>pro</span> <span class='ocrx_word' id='word_1_144' title='bbox 255 1368 305 1398; x_wconf 91' lang='lat' dir='ltr'>meo</span> <span class='ocrx_word' id='word_1_145' title='bbox 324 1353 545 1414; x_wconf 69' lang='lat' dir='ltr'>posse&#39;permictam</span> <span class='ocrx_word' id='word_1_146' title='bbox 563 1362 589 1398; x_wconf 95' lang='lat' dir='ltr'>ut</span> <span class='ocrx_word' id='word_1_147' title='bbox 608 1352 668 1398; x_wconf 91' lang='lat' dir='ltr'>aliud</span> <span class='ocrx_word' id='word_1_148' title='bbox 690 1363 836 1415; x_wconf 89' lang='lat' dir='ltr'>assequantur</span> 
     </span>
     <span class='ocr_line' id='line_1_20' title="bbox 70 1415 836 1481; baseline 0 -18"><span class='ocrx_word' id='word_1_149' title='bbox 70 1417 181 1481; x_wconf 89' lang='lat' dir='ltr'>specimen</span> <span class='ocrx_word' id='word_1_150' title='bbox 203 1417 325 1480; x_wconf 79' lang='lat' dir='ltr'>dignitatis.</span> <span class='ocrx_word' id='word_1_151' title='bbox 367 1416 422 1463; x_wconf 91' lang='lat' dir='ltr'>Hoc</span> <span class='ocrx_word' id='word_1_152' title='bbox 449 1417 520 1479; x_wconf 86' lang='lat' dir='ltr'>igitur</span> <span class='ocrx_word' id='word_1_153' title='bbox 541 1417 572 1462; x_wconf 88' lang='lat' dir='ltr'>sic</span> <span class='ocrx_word' id='word_1_154' title='bbox 593 1415 690 1463; x_wconf 83' lang='lat' dir='ltr'>breviter</span> <span class='ocrx_word' id='word_1_155' title='bbox 712 1428 836 1480; x_wconf 88' lang='lat' dir='ltr'>perorante,</span> 
     </span>
     <span class='ocr_line' id='line_1_21' title="bbox 69 1481 834 1544; baseline 0.001 -16"><span class='ocrx_word' id='word_1_156' title='bbox 69 1482 178 1529; x_wconf 88' lang='lat' dir='ltr'>inclinans</span> <span class='ocrx_word' id='word_1_157' title='bbox 204 1498 227 1528; x_wconf 92' lang='lat' dir='ltr'>se</span> <span class='ocrx_word' id='word_1_158' title='bbox 253 1483 331 1529; x_wconf 88' lang='lat' dir='ltr'>beatus</span> <span class='ocrx_word' id='word_1_159' title='bbox 358 1481 504 1528; x_wconf 86' lang='lat' dir='ltr'>Francischus</span> <span class='ocrx_word' id='word_1_160' title='bbox 530 1498 604 1529; x_wconf 87' lang='lat' dir='ltr'>coram</span> <span class='ocrx_word' id='word_1_161' title='bbox 631 1482 735 1544; x_wconf 89' lang='lat' dir='ltr'>episcopo</span> <span class='ocrx_word' id='word_1_162' title='bbox 763 1482 834 1529; x_wconf 82' lang='lat' dir='ltr'>dixit:</span> 
     </span>
     <span class='ocr_line' id='line_1_22' title="bbox 69 1546 836 1604; baseline 0 -10"><span class='ocrx_word' id='word_1_163' title='bbox 69 1547 175 1603; x_wconf 89' lang='lat' dir='ltr'>Domine,</span> <span class='ocrx_word' id='word_1_164' title='bbox 194 1548 290 1594; x_wconf 89' lang='lat' dir='ltr'>minores</span> <span class='ocrx_word' id='word_1_165' title='bbox 307 1547 358 1594; x_wconf 89' lang='lat' dir='ltr'>ideo</span> <span class='ocrx_word' id='word_1_166' title='bbox 374 1547 448 1595; x_wconf 87' lang='lat' dir='ltr'>vocati</span> <span class='ocrx_word' id='word_1_167' title='bbox 465 1556 517 1593; x_wconf 90' lang='lat' dir='ltr'>sunt</span> <span class='ocrx_word' id='word_1_168' title='bbox 536 1546 616 1593; x_wconf 85' lang='lat' dir='ltr'>fratres</span> <span class='ocrx_word' id='word_1_169' title='bbox 634 1547 684 1604; x_wconf 85' lang='lat' dir='ltr'>mei,</span> <span class='ocrx_word' id='word_1_170' title='bbox 698 1557 725 1593; x_wconf 92' lang='lat' dir='ltr'>ut</span> <span class='ocrx_word' id='word_1_171' title='bbox 741 1548 836 1594; x_wconf 89' lang='lat' dir='ltr'>maiores</span> 
     </span>
     <span class='ocr_line' id='line_1_23' title="bbox 70 1607 837 1672; baseline 0 -16"><span class='ocrx_word' id='word_1_172' title='bbox 70 1613 117 1656; x_wconf 90' lang='lat' dir='ltr'>fieri</span> <span class='ocrx_word' id='word_1_173' title='bbox 129 1627 174 1657; x_wconf 93' lang='lat' dir='ltr'>non</span> <span class='ocrx_word' id='word_1_174' title='bbox 192 1621 326 1672; x_wconf 85' lang='lat' dir='ltr'>presumant.</span> <span class='ocrx_word' id='word_1_175' title='bbox 361 1611 434 1656; x_wconf 90' lang='lat' dir='ltr'>Docet</span> <span class='ocrx_word' id='word_1_176' title='bbox 452 1607 540 1658; x_wconf 87' lang='lat' dir='ltr'>vocatio</span> <span class='ocrx_word' id='word_1_177' title='bbox 556 1613 579 1656; x_wconf 87' lang='lat' dir='ltr'>in</span> <span class='ocrx_word' id='word_1_178' title='bbox 595 1610 661 1671; x_wconf 89' lang='lat' dir='ltr'>plano</span> <span class='ocrx_word' id='word_1_179' title='bbox 679 1611 798 1657; x_wconf 89' lang='lat' dir='ltr'>subsistere</span> <span class='ocrx_word' id='word_1_180' title='bbox 814 1621 837 1657; x_wconf 89' lang='lat' dir='ltr'>et</span> 
     </span>
     <span class='ocr_line' id='line_1_24' title="bbox 70 1674 837 1739; baseline -0.001 -18"><span class='ocrx_word' id='word_1_181' title='bbox 70 1674 202 1721; x_wconf 89' lang='lat' dir='ltr'>humilitatis</span> <span class='ocrx_word' id='word_1_182' title='bbox 213 1674 290 1720; x_wconf 85' lang='lat' dir='ltr'>christi</span> <span class='ocrx_word' id='word_1_183' title='bbox 301 1674 363 1739; x_wconf 88' lang='lat' dir='ltr'>sequi</span> <span class='ocrx_word' id='word_1_184' title='bbox 379 1674 480 1738; x_wconf 83' lang='lat' dir='ltr'>vestigia,</span> <span class='ocrx_word' id='word_1_185' title='bbox 492 1691 538 1738; x_wconf 91' lang='lat' dir='ltr'>quo</span> <span class='ocrx_word' id='word_1_186' title='bbox 554 1674 645 1720; x_wconf 88' lang='lat' dir='ltr'>tandem</span> <span class='ocrx_word' id='word_1_187' title='bbox 661 1675 684 1719; x_wconf 91' lang='lat' dir='ltr'>in</span> <span class='ocrx_word' id='word_1_188' title='bbox 700 1675 837 1738; x_wconf 90' lang='lat' dir='ltr'>respectione</span> 
     </span>
     <span class='ocr_line' id='line_1_25' title="bbox 70 1739 836 1802; baseline 0.001 -16"><span class='ocrx_word' id='word_1_189' title='bbox 70 1751 197 1787; x_wconf 85' lang='lat' dir='ltr'>sanctorum</span> <span class='ocrx_word' id='word_1_190' title='bbox 211 1740 261 1802; x_wconf 88' lang='lat' dir='ltr'>plus</span> <span class='ocrx_word' id='word_1_191' title='bbox 277 1741 324 1785; x_wconf 90' lang='lat' dir='ltr'>aliis</span> <span class='ocrx_word' id='word_1_192' title='bbox 340 1739 474 1786; x_wconf 85' lang='lat' dir='ltr'>exaltentur.</span> <span class='ocrx_word' id='word_1_193' title='bbox 507 1741 529 1786; x_wconf 89' lang='lat' dir='ltr'>Si</span> <span class='ocrx_word' id='word_1_194' title='bbox 545 1740 620 1797; x_wconf 85' lang='lat' dir='ltr'>vultis,</span> <span class='ocrx_word' id='word_1_195' title='bbox 638 1740 676 1797; x_wconf 87' lang='lat' dir='ltr'>ait,</span> <span class='ocrx_word' id='word_1_196' title='bbox 692 1751 718 1787; x_wconf 88' lang='lat' dir='ltr'>ut</span> <span class='ocrx_word' id='word_1_197' title='bbox 734 1740 836 1788; x_wconf 81' lang='lat' dir='ltr'>fructum</span> 
     </span>
     <span class='ocr_line' id='line_1_26' title="bbox 69 1804 836 1862; baseline -0.001 -11"><span class='ocrx_word' id='word_1_198' title='bbox 69 1805 162 1852; x_wconf 89' lang='lat' dir='ltr'>afferant</span> <span class='ocrx_word' id='word_1_199' title='bbox 178 1805 202 1851; x_wconf 90' lang='lat' dir='ltr'>in</span> <span class='ocrx_word' id='word_1_200' title='bbox 218 1805 307 1851; x_wconf 87' lang='lat' dir='ltr'>ecclesia</span> <span class='ocrx_word' id='word_1_201' title='bbox 326 1804 369 1862; x_wconf 91' lang='lat' dir='ltr'>dei,</span> <span class='ocrx_word' id='word_1_202' title='bbox 386 1814 459 1850; x_wconf 91' lang='lat' dir='ltr'>tenete</span> <span class='ocrx_word' id='word_1_203' title='bbox 478 1804 528 1850; x_wconf 91' lang='lat' dir='ltr'>illos</span> <span class='ocrx_word' id='word_1_204' title='bbox 544 1814 567 1850; x_wconf 87' lang='lat' dir='ltr'>et</span> <span class='ocrx_word' id='word_1_205' title='bbox 586 1815 714 1850; x_wconf 87' lang='lat' dir='ltr'>conservate</span> <span class='ocrx_word' id='word_1_206' title='bbox 731 1806 754 1850; x_wconf 93' lang='lat' dir='ltr'>in</span> <span class='ocrx_word' id='word_1_207' title='bbox 776 1815 836 1852; x_wconf 90' lang='lat' dir='ltr'>statu</span> 
     </span>
     <span class='ocr_line' id='line_1_27' title="bbox 70 1868 837 1929; baseline -0.001 -14"><span class='ocrx_word' id='word_1_208' title='bbox 70 1869 194 1915; x_wconf 80' lang='lat' dir='ltr'>vocationis</span> <span class='ocrx_word' id='word_1_209' title='bbox 204 1885 283 1914; x_wconf 91' lang='lat' dir='ltr'>eorum</span> <span class='ocrx_word' id='word_1_210' title='bbox 294 1878 316 1913; x_wconf 91' lang='lat' dir='ltr'>et</span> <span class='ocrx_word' id='word_1_211' title='bbox 329 1868 357 1913; x_wconf 89' lang='lat' dir='ltr'>ad</span> <span class='ocrx_word' id='word_1_212' title='bbox 370 1868 436 1929; x_wconf 89' lang='lat' dir='ltr'>plana</span> <span class='ocrx_word' id='word_1_213' title='bbox 450 1868 548 1913; x_wconf 84' lang='lat' dir='ltr'>reducite</span> <span class='ocrx_word' id='word_1_214' title='bbox 567 1868 616 1912; x_wconf 90' lang='lat' dir='ltr'>illos</span> <span class='ocrx_word' id='word_1_215' title='bbox 632 1869 721 1913; x_wconf 90' lang='lat' dir='ltr'>invitos.</span> <span class='ocrx_word' id='word_1_216' title='bbox 754 1870 837 1914; x_wconf 89' lang='lat' dir='ltr'>Precor</span> 
     </span>
     <span class='ocr_line' id='line_1_28' title="bbox 71 1932 837 1997; baseline 0.003 -19"><span class='ocrx_word' id='word_1_217' title='bbox 71 1933 152 1997; x_wconf 89' lang='lat' dir='ltr'>itaque,</span> <span class='ocrx_word' id='word_1_218' title='bbox 170 1942 240 1995; x_wconf 88' lang='lat' dir='ltr'>pater,</span> <span class='ocrx_word' id='word_1_219' title='bbox 259 1948 286 1978; x_wconf 89' lang='lat' dir='ltr'>ne</span> <span class='ocrx_word' id='word_1_220' title='bbox 305 1932 452 1993; x_wconf 86' lang='lat' dir='ltr'>superbiores,</span> <span class='ocrx_word' id='word_1_221' title='bbox 472 1948 518 1995; x_wconf 91' lang='lat' dir='ltr'>quo</span> <span class='ocrx_word' id='word_1_222' title='bbox 536 1933 684 1994; x_wconf 70' lang='lat' dir='ltr'>pauperiores</span> <span class='ocrx_word' id='word_1_223' title='bbox 702 1933 797 1980; x_wconf 90' lang='lat' dir='ltr'>existant</span> <span class='ocrx_word' id='word_1_224' title='bbox 814 1943 837 1980; x_wconf 90' lang='lat' dir='ltr'>et</span> 
     </span>
     <span class='ocr_line' id='line_1_29' title="bbox 71 1997 837 2060; baseline -0.001 -15"><span class='ocrx_word' id='word_1_225' title='bbox 71 2008 147 2045; x_wconf 88' lang='lat' dir='ltr'>contra</span> <span class='ocrx_word' id='word_1_226' title='bbox 169 2008 252 2045; x_wconf 91' lang='lat' dir='ltr'>ceteros</span> <span class='ocrx_word' id='word_1_227' title='bbox 273 1997 411 2054; x_wconf 86' lang='lat' dir='ltr'>insolescant,</span> <span class='ocrx_word' id='word_1_228' title='bbox 431 1997 459 2043; x_wconf 88' lang='lat' dir='ltr'>ad</span> <span class='ocrx_word' id='word_1_229' title='bbox 480 1997 626 2060; x_wconf 87' lang='lat' dir='ltr'>prelationem</span> <span class='ocrx_word' id='word_1_230' title='bbox 648 1997 699 2043; x_wconf 91' lang='lat' dir='ltr'>illos</span> <span class='ocrx_word' id='word_1_231' title='bbox 720 1998 837 2045; x_wconf 90' lang='lat' dir='ltr'>ascendere</span> 
     </span>
     <span class='ocr_line' id='line_1_30' title="bbox 71 2063 351 2127; baseline -0.004 -18"><span class='ocrx_word' id='word_1_232' title='bbox 71 2063 199 2110; x_wconf 90' lang='lat' dir='ltr'>nullatenus</span> <span class='ocrx_word' id='word_1_233' title='bbox 209 2063 351 2127; x_wconf 88' lang='lat' dir='ltr'>permittatis.</span> 
     </span>
    </p>
   </div>
   <div class='ocr_carea' id='block_1_4' title="bbox 242 2150 938 2234">
    <p class='ocr_par' dir='ltr' id='par_1_5' title="bbox 242 2150 938 2234">
     <span class='ocr_line' id='line_1_31' title="bbox 242 2150 938 2234; baseline -0.009 -9"><span class='ocrx_word' id='word_1_234' title='bbox 242 2180 345 2234; x_wconf 85' lang='lat' dir='ltr'>Qualiter</span> <span class='ocrx_word' id='word_1_235' title='bbox 358 2190 384 2222; x_wconf 86' lang='lat' dir='ltr'>se</span> <span class='ocrx_word' id='word_1_236' title='bbox 397 2179 455 2223; x_wconf 88' lang='lat' dir='ltr'>alter</span> <span class='ocrx_word' id='word_1_237' title='bbox 468 2179 533 2223; x_wconf 88' lang='lat' dir='ltr'>alteri</span> <span class='ocrx_word' id='word_1_238' title='bbox 546 2179 664 2222; x_wconf 86' lang='lat' dir='ltr'>commisit.</span> <span class='ocrx_word' id='word_1_239' title='bbox 842 2150 938 2227; x_wconf 64' lang='lat' dir='ltr'>[ir-cxxv]</span> 
     </span>
    </p>
   </div>
   <div class='ocr_carea' id='block_1_5' title="bbox 60 2258 838 2870">
    <p class='ocr_par' dir='ltr' id='par_1_6' title="bbox 60 2258 838 2870">
     <span class='ocr_line' id='line_1_32' title="bbox 119 2258 836 2353; baseline -0.006 -14"><span class='ocrx_word' id='word_1_240' title='bbox 119 2258 239 2349; x_wconf 72' lang='lat' dir='ltr'>Einitis,</span> <span class='ocrx_word' id='word_1_241' title='bbox 250 2300 277 2340; x_wconf 93' lang='lat' dir='ltr'>ut</span> <span class='ocrx_word' id='word_1_242' title='bbox 288 2307 353 2353; x_wconf 90' lang='lat' dir='ltr'>supra</span> <span class='ocrx_word' id='word_1_243' title='bbox 363 2289 468 2347; x_wconf 88' lang='lat' dir='ltr'>diximus,</span> <span class='ocrx_word' id='word_1_244' title='bbox 477 2288 659 2351; x_wconf 87' lang='lat' dir='ltr'>responsionibus</span> <span class='ocrx_word' id='word_1_245' title='bbox 666 2304 783 2345; x_wconf 86' lang='lat' dir='ltr'>servorum</span> <span class='ocrx_word' id='word_1_246' title='bbox 792 2290 836 2346; x_wconf 90' lang='lat' dir='ltr'>dei,</span> 
     </span>
     <span class='ocr_line' id='line_1_33' title="bbox 72 2354 838 2418; baseline -0.004 -15"><span class='ocrx_word' id='word_1_247' title='bbox 72 2359 171 2405; x_wconf 89' lang='lat' dir='ltr'>multum</span> <span class='ocrx_word' id='word_1_248' title='bbox 180 2358 208 2404; x_wconf 91' lang='lat' dir='ltr'>de</span> <span class='ocrx_word' id='word_1_249' title='bbox 216 2358 333 2418; x_wconf 91' lang='lat' dir='ltr'>utriusque</span> <span class='ocrx_word' id='word_1_250' title='bbox 341 2354 481 2400; x_wconf 89' lang='lat' dir='ltr'>sermonibus</span> <span class='ocrx_word' id='word_1_251' title='bbox 491 2354 613 2411; x_wconf 88' lang='lat' dir='ltr'>edificatus,</span> <span class='ocrx_word' id='word_1_252' title='bbox 622 2354 726 2400; x_wconf 86' lang='lat' dir='ltr'>dominus</span> <span class='ocrx_word' id='word_1_253' title='bbox 737 2355 838 2400; x_wconf 86' lang='lat' dir='ltr'>ostiensis</span> 
     </span>
     <span class='ocr_line' id='line_1_34' title="bbox 72 2418 837 2481; baseline -0.007 -13"><span class='ocrx_word' id='word_1_254' title='bbox 72 2421 191 2467; x_wconf 90' lang='lat' dir='ltr'>immensas</span> <span class='ocrx_word' id='word_1_255' title='bbox 202 2422 245 2467; x_wconf 92' lang='lat' dir='ltr'>deo</span> <span class='ocrx_word' id='word_1_256' title='bbox 255 2420 336 2481; x_wconf 86' lang='lat' dir='ltr'>gratias</span> <span class='ocrx_word' id='word_1_257' title='bbox 347 2419 401 2480; x_wconf 84' lang='lat' dir='ltr'>egit.</span> <span class='ocrx_word' id='word_1_258' title='bbox 434 2418 607 2464; x_wconf 90' lang='lat' dir='ltr'>Discedentibus</span> <span class='ocrx_word' id='word_1_259' title='bbox 617 2427 693 2463; x_wconf 90' lang='lat' dir='ltr'>autem</span> <span class='ocrx_word' id='word_1_260' title='bbox 704 2418 764 2473; x_wconf 91' lang='lat' dir='ltr'>inde,</span> <span class='ocrx_word' id='word_1_261' title='bbox 772 2434 837 2480; x_wconf 84' lang='lat' dir='ltr'>roga-</span> 
     </span>
     <span class='ocr_line' id='line_1_35' title="bbox 72 2481 835 2539; baseline -0.008 -6"><span class='ocrx_word' id='word_1_262' title='bbox 72 2486 106 2533; x_wconf 90' lang='lat' dir='ltr'>vit</span> <span class='ocrx_word' id='word_1_263' title='bbox 122 2484 200 2532; x_wconf 89' lang='lat' dir='ltr'>beatus</span> <span class='ocrx_word' id='word_1_264' title='bbox 219 2484 324 2530; x_wconf 85' lang='lat' dir='ltr'>dominus</span> <span class='ocrx_word' id='word_1_265' title='bbox 349 2491 451 2528; x_wconf 88' lang='lat' dir='ltr'>sanctum</span> <span class='ocrx_word' id='word_1_266' title='bbox 469 2481 618 2539; x_wconf 89' lang='lat' dir='ltr'>Franciscum,</span> <span class='ocrx_word' id='word_1_267' title='bbox 636 2491 661 2526; x_wconf 94' lang='lat' dir='ltr'>ut</span> <span class='ocrx_word' id='word_1_268' title='bbox 678 2481 719 2526; x_wconf 94' lang='lat' dir='ltr'>sibi</span> <span class='ocrx_word' id='word_1_269' title='bbox 738 2481 835 2539; x_wconf 90' lang='lat' dir='ltr'>cordam,</span> 
     </span>
     <span class='ocr_line' id='line_1_36' title="bbox 73 2545 837 2616; baseline -0.007 -18"><span class='ocrx_word' id='word_1_270' title='bbox 73 2568 116 2616; x_wconf 89' lang='lat' dir='ltr'>qua</span> <span class='ocrx_word' id='word_1_271' title='bbox 130 2550 267 2615; x_wconf 83' lang='lat' dir='ltr'>cingebatur,</span> <span class='ocrx_word' id='word_1_272' title='bbox 282 2548 412 2611; x_wconf 82' lang='lat' dir='ltr'>dignaretur</span> <span class='ocrx_word' id='word_1_273' title='bbox 428 2547 555 2594; x_wconf 90' lang='lat' dir='ltr'>concedere.</span> <span class='ocrx_word' id='word_1_274' title='bbox 588 2545 675 2592; x_wconf 89' lang='lat' dir='ltr'>Lentus</span> <span class='ocrx_word' id='word_1_275' title='bbox 691 2546 777 2593; x_wconf 91' lang='lat' dir='ltr'>adhoc</span> <span class='ocrx_word' id='word_1_276' title='bbox 794 2546 837 2593; x_wconf 87' lang='lat' dir='ltr'>fuit</span> 
     </span>
     <span class='ocr_line' id='line_1_37' title="bbox 71 2613 837 2677; baseline -0.008 -14"><span class='ocrx_word' id='word_1_277' title='bbox 71 2626 161 2663; x_wconf 87' lang='lat' dir='ltr'>sanctus</span> <span class='ocrx_word' id='word_1_278' title='bbox 183 2614 336 2670; x_wconf 85' lang='lat' dir='ltr'>Francischus,</span> <span class='ocrx_word' id='word_1_279' title='bbox 357 2613 435 2659; x_wconf 86' lang='lat' dir='ltr'>eadem</span> <span class='ocrx_word' id='word_1_280' title='bbox 461 2613 588 2677; x_wconf 85' lang='lat' dir='ltr'>humilitate</span> <span class='ocrx_word' id='word_1_281' title='bbox 611 2628 713 2668; x_wconf 86' lang='lat' dir='ltr'>renuens,</span> <span class='ocrx_word' id='word_1_282' title='bbox 735 2629 780 2677; x_wconf 87' lang='lat' dir='ltr'>qua</span> <span class='ocrx_word' id='word_1_283' title='bbox 800 2613 837 2658; x_wconf 91' lang='lat' dir='ltr'>ille</span> 
     </span>
     <span class='ocr_line' id='line_1_38' title="bbox 60 2676 837 2742; baseline -0.008 -15"><span class='ocrx_word' id='word_1_284' title='bbox 60 2682 161 2740; x_wconf 75' lang='lat' dir='ltr'>&#39;caritate</span> <span class='ocrx_word' id='word_1_285' title='bbox 175 2680 303 2742; x_wconf 88' lang='lat' dir='ltr'>deposcens,</span> <span class='ocrx_word' id='word_1_286' title='bbox 320 2678 374 2724; x_wconf 86' lang='lat' dir='ltr'>vicit</span> <span class='ocrx_word' id='word_1_287' title='bbox 392 2686 468 2722; x_wconf 87' lang='lat' dir='ltr'>tamen</span> <span class='ocrx_word' id='word_1_288' title='bbox 485 2677 538 2722; x_wconf 87' lang='lat' dir='ltr'>felix</span> <span class='ocrx_word' id='word_1_289' title='bbox 556 2676 648 2722; x_wconf 88' lang='lat' dir='ltr'>devotio</span> <span class='ocrx_word' id='word_1_290' title='bbox 664 2677 798 2736; x_wconf 88' lang='lat' dir='ltr'>postulantis</span> <span class='ocrx_word' id='word_1_291' title='bbox 814 2687 837 2721; x_wconf 91' lang='lat' dir='ltr'>et</span> 
     </span>
     <span class='ocr_line' id='line_1_39' title="bbox 72 2739 836 2791; baseline -0.007 0"><span class='ocrx_word' id='word_1_292' title='bbox 72 2761 197 2791; x_wconf 86' lang='lat' dir='ltr'>concessam</span> <span class='ocrx_word' id='word_1_293' title='bbox 211 2743 252 2789; x_wconf 88' lang='lat' dir='ltr'>sub</span> <span class='ocrx_word' id='word_1_294' title='bbox 264 2741 364 2788; x_wconf 86' lang='lat' dir='ltr'>inferiori</span> <span class='ocrx_word' id='word_1_295' title='bbox 376 2740 452 2786; x_wconf 89' lang='lat' dir='ltr'>tunica</span> <span class='ocrx_word' id='word_1_296' title='bbox 465 2740 607 2788; x_wconf 88' lang='lat' dir='ltr'>devotissime</span> <span class='ocrx_word' id='word_1_297' title='bbox 623 2739 697 2788; x_wconf 88' lang='lat' dir='ltr'>cinxit.</span> <span class='ocrx_word' id='word_1_298' title='bbox 733 2741 836 2787; x_wconf 91' lang='lat' dir='ltr'>Tandem</span> 
     </span>
     <span class='ocr_line' id='line_1_40' title="bbox 73 2807 837 2870; baseline -0.008 -13"><span class='ocrx_word' id='word_1_299' title='bbox 73 2827 152 2858; x_wconf 89' lang='lat' dir='ltr'>manus</span> <span class='ocrx_word' id='word_1_300' title='bbox 172 2810 231 2857; x_wconf 88' lang='lat' dir='ltr'>inter</span> <span class='ocrx_word' id='word_1_301' title='bbox 254 2825 334 2856; x_wconf 90' lang='lat' dir='ltr'>manus</span> <span class='ocrx_word' id='word_1_302' title='bbox 355 2817 470 2870; x_wconf 87' lang='lat' dir='ltr'>ponuntur</span> <span class='ocrx_word' id='word_1_303' title='bbox 489 2817 511 2852; x_wconf 91' lang='lat' dir='ltr'>et</span> <span class='ocrx_word' id='word_1_304' title='bbox 533 2816 611 2851; x_wconf 88' lang='lat' dir='ltr'>mutue</span> <span class='ocrx_word' id='word_1_305' title='bbox 633 2807 837 2853; x_wconf 89' lang='lat' dir='ltr'>commendationes</span> 
     </span>
    </p>
   </div>
   <div class='ocr_carea' id='block_1_6' title="bbox 0 0 972 3169">
    <p class='ocr_par' dir='ltr' id='par_1_7' title="bbox 0 0 972 3169">
     <span class='ocr_line' id='line_1_41' title="bbox 0 0 972 3169; baseline 0 0"><span class='ocrx_word' id='word_1_306' title='bbox 0 0 972 3169; x_wconf 95' lang='lat' dir='ltr'> </span> 
     </span>
    </p>
   </div>
  </div>
 </body>
</html>
