1919 3169
99 44 127 87 28
315 40 476 87 LEGENDA
492 38 649 100 ANTIQUA

96 148 164 194 tum3
188 139 252 185 cuius
278 138 424 184 laxitudinem
445 147 468 183 et
489 137 621 184 interclusos
644 137 756 183 anhelitus
779 138 863 192 videm,

97 204 222 260 miseratus,
242 213 304 266 pater
328 202 477 249 sanctissimus
502 202 559 248 dixit
582 202 610 248 ad
635 218 698 249 eam:
725 203 789 263 Quid
816 201 864 260 tihi,

98 268 196 324 domina,
214 268 315 328 placeat?
350 269 384 311 At
401 266 451 311 illa:
477 267 544 312 Pater
561 277 588 311 ut
604 266 660 310 mihi
677 267 800 312 benedicas.
834 267 866 311 Et

98 341 200 378 sanctus:
219 330 299 392 Nupta
314 345 343 384 es,
356 345 384 375 an
400 329 508 391 innupta?
542 330 666 391 Respondit
683 330 772 377 dicens:
790 331 863 385 Pater,

99 396 170 444 habeo
188 395 261 443 virum
278 394 343 443 valde
362 393 484 452 crudelem,
501 411 567 459 quem
585 394 735 443 adversarium
752 394 824 457 patior
842 393 865 441 in

98 462 191 508 servitio
209 460 257 507 iesu
276 460 367 516 christi3
390 469 413 505 et
432 460 473 506 iste
495 460 550 506 mihi
572 459 637 506 dolor
658 461 785 522 precipuus,
802 461 865 522 quod

99 525 181 571 bonam
200 525 347 580 voluntatem,
361 540 430 585 quam
449 525 504 570 mihi
522 525 627 571 dominus
646 525 768 585 inspiravit,
785 524 866 570 marito

98 589 248 651 prepediente,
269 605 316 634 non
338 605 456 652 exequor:
481 588 542 634 unde
564 605 642 652 quero,
662 599 744 647 sancte,
765 604 804 634 ora
823 604 865 651 pro

99 654 155 715 ipso,
173 664 200 701 ut
217 652 294 700 divina
311 652 464 699 misericordia
480 653 585 698 humiliet
602 668 640 699 cor
657 654 724 700 illius.

147 718 246 765 Miratur
268 726 330 780 pater
348 717 436 763 virilem
458 718 482 763 in
501 718 590 773 femina,
610 717 704 764 senilem
723 718 823 764 animum
843 717 866 763 in

98 782 184 844 puella;
204 791 227 827 et
246 782 328 844 pietate
349 791 472 844 pertractus
493 783 538 828 ait:
565 783 627 829 Vade
646 783 691 828 filia
709 783 825 829 benedicta
843 794 866 828 et

98 848 152 891 scias
170 848 199 892 de
218 847 267 891 viro
286 856 328 891 tuo
350 847 526 891 consolationem
548 847 589 891 tibi
611 847 712 907 proxime
734 847 864 892 affuturam.

18 912 88 960 Fol.27
98 909 130 954 Et
154 909 251 956 adiecit:
279 909 347 954 Dices
368 910 389 954 ei
410 924 438 954 ex
459 919 520 969 parte
543 910 578 955 dei
601 919 624 955 et
645 926 700 966 mea,
724 909 785 972 quod
807 926 867 955 nunc

97 985 130 1020 est
152 983 242 1036 tempus
263 972 345 1028 salutis,
368 972 517 1035 postmodum
544 972 654 1037 equitatis.
708 972 866 1020 Benedictione

97 1049 193 1100 accepta,
204 1039 324 1086 revertitur
337 1039 424 1095 mulier,
437 1038 523 1084 invenit
533 1038 616 1096 virum,
629 1039 748 1086 denuntiat
762 1038 865 1086 verbum.

97 1103 184 1150 Cecidit
194 1102 269 1149 subito
281 1118 348 1166 super
359 1119 412 1149 eum
427 1103 518 1164 spiritus
533 1112 623 1148 sanctus
639 1113 661 1149 et
678 1119 764 1150 novum
780 1104 866 1150 factum

97 1168 125 1214 de
135 1168 213 1224 veteri,
225 1184 276 1214 curn
288 1169 349 1214 omni
360 1167 533 1214 mansuetudine
544 1168 680 1229 respondere
696 1169 726 1214 sic
741 1168 806 1215 facit:
824 1168 866 1214 do-

97 1233 162 1288 mina,
174 1232 297 1278 serviamus
307 1232 402 1278 domino
416 1241 439 1276 et
448 1231 560 1276 salvemus
570 1233 654 1277 animas
666 1243 751 1278 nostras
761 1234 784 1277 in
796 1234 865 1277 domo

97 1305 179 1342 nostra.
214 1296 340 1358 Respondit
359 1310 432 1340 uxor:
455 1295 552 1341 Videtur
569 1295 624 1340 mihi
642 1296 779 1341 continentia
796 1296 865 1342 velud

96 1360 271 1408 fundamentum
290 1361 406 1423 quoddam
426 1360 449 1405 in
468 1361 541 1406 anima
559 1360 716 1407 collocandum
735 1372 758 1407 et
779 1359 866 1422 relique

97 1425 187 1472 tandem
199 1425 406 1487 superhedificande
417 1424 518 1471 virtutes.
551 1424 582 1471 Et
593 1424 641 1482 hoc,
655 1425 733 1488 inquid
745 1426 788 1483 ille,
802 1424 864 1484 mihi,

96 1490 154 1537 sicut
165 1501 188 1537 et
198 1489 247 1548 tibi,
258 1490 336 1551 placet.

144 1554 234 1598 Exinde
244 1553 349 1614 pluribus
360 1554 423 1597 annis
435 1552 526 1596 celibem
538 1553 608 1597 vitam
619 1564 716 1614 agentes,
729 1555 809 1598 eodem
820 1555 863 1609 die,

97 1633 156 1664 unus
167 1617 306 1663 matutinum
317 1616 480 1672 holocaustum,
493 1615 548 1661 alter
560 1617 622 1681 quasi
634 1617 764 1663 sacrificium
776 1633 865 1679 vesper·

97 1684 178 1741 tinum,
190 1683 285 1729 feliciter
301 1683 462 1745 migraverunt.
497 1682 561 1727 Felix
578 1681 665 1740 mulier,
677 1700 721 1747 que
737 1684 768 1729 sic
785 1684 864 1729 herum

97 1747 236 1795 mollificavit
259 1747 287 1794 ad
309 1748 388 1795 vitam.
438 1747 548 1808 impletur
573 1747 595 1791 in
614 1763 638 1793 ea
663 1748 719 1794 illud
743 1748 863 1810 Apostoli:

97 1813 198 1860 Salvatus
212 1823 246 1859 est
261 1813 296 1859 vir
311 1811 407 1857 infidelis
421 1827 460 1873 per
478 1812 596 1857 mulierem
614 1812 710 1859 fidelem.
744 1813 787 1859 Sed
804 1812 863 1869 tales,

97 1885 124 1921 ut
135 1876 249 1921 communi
260 1875 380 1935 proverbio
392 1883 448 1931 utar,
461 1884 554 1935 possunt
564 1876 632 1920 hodie
643 1877 719 1937 digitis
730 1878 848 1921 numerari.

9 2016 91 2059 [x-vuJ]
143 1969 225 2058 Duo
233 2002 313 2049 fratres
321 2011 432 2049 venerunt
441 2001 561 2064 aliquando
569 2002 597 2048 de
605 2002 757 2062 terralaboris,
765 2019 864 2066 quorum

97 2070 210 2131 antiquior
222 2067 298 2113 intulit
309 2066 380 2112 multa
391 2066 492 2111 scandala
505 2065 598 2128 juniori.
633 2067 695 2124 Erat,
706 2068 806 2129 inquam,
819 2084 865 2113 non

98 2134 177 2189 sotius,
189 2132 228 2179 sed
239 2142 355 2192 tyrannus.
388 2130 469 2189 Junior
481 2146 534 2176 vero
545 2131 621 2176 omnia
632 2141 722 2193 propter
734 2131 802 2178 deum
813 2148 864 2179 raro

98 2197 187 2244 silentio
202 2194 346 2241 substinebat.
380 2194 440 2239 Cum
453 2203 528 2238 autem
542 2195 644 2240 venirent
661 2195 774 2241 Assisium
793 2206 815 2241 et
831 2198 863 2241 in-

98 2272 178 2307 trasset
191 2260 268 2324 junior
285 2258 322 2304 ille
338 2258 367 2304 ad
383 2266 485 2302 sanctum
504 2257 523 2301 F
524 2257 668 2314 rancischum,
687 2269 734 2304 erat
753 2259 864 2322 siquidem

99 2326 213 2373 familiaris
230 2325 310 2380 eidem,
322 2323 379 2369 dixit
396 2323 453 2368 inter
470 2322 511 2368 alia
528 2333 630 2369 sanctus:
655 2323 757 2384 Qualiter
774 2341 826 2388 erga
843 2335 864 2371 te

99 2392 171 2437 sotius
189 2400 243 2436 tuus
262 2406 285 2434 se
306 2387 385 2434 habuit
404 2387 427 2432 in
448 2386 491 2432 hoc
512 2387 611 2433 itinere?
658 2388 705 2449 Qui
727 2390 862 2451 respondit:

99 2455 190 2515 Utique
211 2454 263 2497 satis
285 2452 349 2506 bene,
369 2460 432 2510 pater
454 2451 576 2495 karissime.
610 2452 652 2495 Cui
671 2463 775 2496 sanctus:
796 2454 863 2508 Cave,

99 2518 173 2575 frater,
183 2533 211 2562 ne
218 2515 260 2562 sub
268 2514 401 2561 humilitatis
409 2513 480 2575 specie
491 2513 605 2559 mentiaris
615 2529 621 2570 ;
638 2514 683 2560 scio
692 2515 759 2572 enim,
768 2516 865 2579 qualiter

96 2599 153 2647 erga
163 2593 186 2629 te
197 2598 220 2627 se
231 2580 324 2627 habuit:
343 2578 382 2625 sed
394 2588 484 2640 expecta
495 2579 610 2626 modicum
621 2590 644 2626 et
655 2580 747 2627 videbis.

148 2647 248 2694 Miratus
257 2655 292 2691 est
304 2642 469 2706 perplurimum
485 2642 559 2701 frater,
571 2644 689 2707 quomodo
705 2655 751 2691 tam
767 2645 865 2692 absentia

98 2727 137 2774 per
148 2711 253 2773 spiritum
264 2708 413 2771 cognovisset.
437 2707 509 2769 Igitur
521 2723 566 2752 non
577 2718 629 2769 post
637 2708 729 2765 multos,
738 2720 865 2772 contempta

99 2774 212 2838 religione,
229 2772 288 2818 foras
307 2770 411 2832 arripitur
429 2770 469 2831 qui
488 2770 617 2816 scandalum
634 2771 715 2818 fecerat
731 2771 795 2819 fratri
814 2789 863 2820 su0.
