1919 3169
112 66 142 123 46
326 64 487 111 LEGENDA
504 62 663 110 GREGORII

111 159 202 224 fugiens
223 160 405 219 admirationem,
428 176 456 205 ne
477 176 577 224 unquam
599 160 722 206 incurreret
748 160 874 218 vanitatem.

112 227 170 272 Heu
177 227 253 285 nobis,
265 227 315 289 quis
322 233 337 258 ²⁹
354 225 384 271 sic
401 234 423 271 te
436 226 557 284 amisimus
569 224 636 288 digne
647 235 716 286 pater,
728 226 799 272 totius
810 225 875 272 bene-

112 291 199 335 ficentie
218 308 242 335 ac
258 289 390 335 humilitatis
401 291 520 349 exemplar.
554 291 617 335 lusto
628 289 712 350 quippe
727 290 811 334 iudicio
822 290 877 345 arni-

113 353 184 401 simus
195 369 262 418 quem
273 354 379 400 habentes
390 368 524 416 cognoscere
535 369 580 399 non
591 352 725 400 curavimus.

33 525 149 569 lA-XXJlDe
166 528 284 575 desiderio,
303 528 395 578 quoad
417 528 588 580 suscipiendum
609 527 735 568 martirium
751 528 875 573 terebatur,

163 579 291 630 hispaniam
306 579 393 630 ρτίῐιιο,1
406 579 488 621 deinde
501 580 584 632 syriam
598 579 758 631 deambulans;
777 582 801 622 et
822 591 877 631 quo-

163 632 246 674 mondo
262 631 319 673 deus
334 641 376 681 per
391 642 443 673 eum
459 632 487 674 de
503 631 602 683 periculo
618 635 707 683 nautas,
721 632 877 683 multiplicatis

115 729 116 732 ,
163 684 259 734 cibariis,
268 683 387 726 liberavit.²
765 706 766 709 =

157 756 278 850 flmore
300 782 378 828 divino
401 781 490 829 fervens
514 781 653 828 beatissimus
677 792 740 844 pater
756 782 877 830 franciscus

111 849 230 896 studebat³
239 862 326 907 semper
337 846 365 893 ad
376 845 444 893 fortia
455 846 545 892 mittere
556 863 664 903 manum;
675 858 697 893 et
708 847 800 894 dilatato
811 848 878 894 corde

112 914 171 959 viam
193 911 351 957 mandatorum
378 910 414 955 dei
441 910 570 955 ambulans⁴
597 909 739 971 perfectionis
766 927 877 958 summam

112 979 221 1041 attingere
239 975 349 1038 cupiebat.
382 975 448 1020 Sexto
470 990 566 1038 namque
585 976 737 1021 conversionis
759 993 805 1022 sue
819 993 878 1022 anno

112 1043 180 1089 sacri⁵
197 1040 293 1087 martirii
305 1039 425 1086 desiderio⁶
436 1039 530 1085 maxime
547 1040 656 1103 flagrans⁷
673 1041 700 1086 ad
716 1041 877 1102 predicandum

112 1107 180 1154 fidem
204 1105 345 1152 christianam
367 1114 390 1151 et
411 1105 557 1167 penitentiam
579 1105 686 1151 saracenis
702 1116 724 1151 et
744 1108 822 1154 ceteris
844 1108 878 1153 in-

112 1172 216 1217 fidelibus
237 1170 265 1215 ad
286 1178 359 1230 partes
380 1170 438 1230 syrie
464 1171 539 1214 voluit
566 1169 713 1216 transfretare.
754 1172 801 1230 Qui
826 1188 877 1216 cum

112 1252 193 1291 navem
210 1233 349 1298 quamdam,8
360 1242 386 1278 ut
398 1233 450 1279 illuc
470 1233 578 1289 tenderet,
595 1233 721 1280 intravisset
731 1241 754 1290 ;9
770 1246 793 1282 et
804 1236 877 1281 ventis

113 1300 227 1348 contrariis
243 1298 355 1356 flantibus,
366 1297 388 1343 in
408 1297 510 1360 partibus
525 1297 636 1345 sclavonie
653 1315 705 1345 cum
722 1302 798 1347 ceteris
814 1301 878 1347 navi-

112 1365 217 1429 gantibus
233 1380 256 1425 se
276 1363 370 1410 invenit.
403 1363 489 1408 Videns
511 1373 587 1409 autem
609 1380 621 1408 a
642 1372 706 1409 tanto
727 1365 840 1412 desiderio
855 1382 878 1411 se

113 1430 250 1486 fraudatum,
262 1429 352 1473 modico
369 1428 477 1487 temporis
484 1435 500 1453 ³⁰
515 1427 574 1473 facto
586 1428 712 1485 intervallo,
723 1440 800 1475 nautas
811 1446 879 1493 quos-

113 1495 165 1540 dam
177 1508 285 1539 anconam
296 1490 421 1545 tendentes
433 1500 460 1535 ut
477 1507 529 1536 eum
547 1508 622 1536 secum
634 1491 742 1537 ducerent
753 1495 878 1551 exorante

114 1559 222 1622 quoniam
233 1572 260 1602 eo
267 1564 282 1580 ¹²
294 1557 317 1600 in
328 1571 387 1600 anno
398 1555 436 1600 vix
447 1556 492 1600 ulla
499 1563 514 1586 ¹³
525 1557 588 1601 navis
597 1563 612 1586 ¹⁴
628 1557 703 1617 potuit
716 1558 744 1602 ad
751 1565 766 1588 ¹⁵
783 1568 855 1621 partes
871 1568 886 1589 ¹⁵

113 1624 192 1687 syrie²⁵
204 1632 346 1668 transmeare.
382 1619 466 1666 Verum
477 1620 521 1666 illis
531 1621 574 1666 hoc
585 1636 649 1682 agere
665 1622 798 1682 pertinacius
814 1640 879 1670 recu-

103 1687 214 1744 santibus
224 1696 316 1750 propter
328 1683 443 1729 defectum
454 1701 608 1747 expensarum,
617 1695 706 1731 sanctus
717 1687 753 1732 dei
764 1689 878 1735 confidens

113 1753 239 1815 plurimum
248 1751 263 1776 ¹⁶
275 1751 302 1796 de
313 1749 401 1795 domini
412 1748 512 1794 bonitate
521 1766 600 1795 navem
609 1748 704 1795 latenter
713 1767 765 1797 cum
776 1754 837 1798 socio
845 1754 878 1797 in-

113 1817 199 1865 troivit.
233 1813 316 1862 Adfuit
333 1812 409 1860 divina
425 1814 567 1875 providentia
583 1823 637 1861 tunc
656 1815 756 1877 quidem,
773 1818 879 1864 omnibus

114 1879 278 1946 ignorantibus,
289 1894 366 1924 secum
377 1878 496 1925 necessaria
512 1879 584 1925 victus
591 1886 606 1910 ¹⁷
623 1876 702 1926 ferens.
735 1882 783 1943 Qui
799 1900 879 1946 quem-

115 1949 167 1995 dam
184 1947 253 1994 deum
269 1945 387 2005 timentem
403 1943 431 1990 de
447 1944 499 1990 navi
515 1944 543 1991 ad
555 1961 577 1991 se
588 1945 678 1991 vocavit
689 1956 711 1993 et
722 1947 752 1993 ait
763 1948 790 1995 ad
807 1965 877 1996 eum:

115 2014 182 2058 Tolle
193 2022 268 2058 tecum
280 2010 320 2065 hee
336 2008 411 2054 omnia
422 2026 429 2064 ;
442 2019 465 2054 et
476 2010 611 2070 pauperibus
622 2010 698 2056 hiis‘in
710 2013 761 2057 navi
771 2013 879 2060 latitanti-

115 2076 158 2121 bus
169 2073 303 2120 necessitatis
313 2082 415 2133 tempore
426 2070 521 2116 fideliter
527 2073 543 2098 ¹³
553 2072 674 2117 exhibebis.

164 2141 244 2201 Sitque
254 2137 341 2184 factum
352 2146 393 2191 est,
405 2145 439 2193 ut,
449 2152 502 2181 cum
518 2146 649 2199 tempestate
664 2138 733 2184 nimia
749 2150 825 2187 exorta
841 2157 880 2202 per

116 2203 201 2251 multos
212 2203 267 2258 dies,
275 2200 400 2248 laborantes
408 2200 432 2245 in
440 2201 572 2263 remigando
583 2200 663 2248 cibaria
673 2202 749 2249 omnia
759 2221 879 2267 consump-

115 2270 201 2324 sissent,
218 2266 381 2329 sola'pauperis
397 2263 499 2311 francisci
515 2266 595 2312 cibaria
611 2278 776 2329 superessent.¹⁹
808 2270 881 2323 Que²⁰

115 2345 204 2380 tanturn
221 2332 297 2378 divina
313 2330 383 2394 gratia
399 2340 422 2375 et
438 2330 522 2376 virtute
538 2331 684 2393 multiplicata
700 2344 761 2392 sunt,
778 2345 811 2393 ut,
827 2353 879 2382 cum

155 2492 171 2517 ²9
186 2487 208 2525 E.
219 2485 252 2524 aud
259 2484 290 2522 W.
300 2483 347 2534 quid.
870 2501 872 2506 ·

157 2539 206 2577 105,
216 2537 290 2580 omits.
316 2534 496 2578 ²H.illiberavit.
522 2536 661 2577 3H.tendebat.
687 2538 855 2580 4H.deambulans.

156 2593 263 2628 5L,sacro,
314 2587 359 2624 ῠΗ,
369 2589 426 2624 omits.
485 2587 536 2625 703.
545 2599 612 2625 estuans
621 2590 654 2628 vel.
712 2590 753 2629 ⁸L.
763 2595 854 2643 quandam.

156 2642 208 2688 9Η.,
219 2643 243 2678 L.
253 2640 286 2677 and
296 2639 328 2676 Os.
339 2640 387 2676 omit.
467 2643 481 2661 ¹⁰
491 2639 518 2677 H.
527 2650 611 2691 tempore.
688 2646 701 2664 1¹
712 2642 739 2680 H.
749 2646 854 2684 exhortavit.

157 2699 171 2717 ¹²
182 2694 215 2730 Os.
225 2693 292 2729 eodem.
375 2694 389 2717 ¹³
400 2691 424 2726 L.
434 2691 468 2726 and
478 2690 516 2728 Ox.
526 2692 560 2729 illa.
639 2697 654 2722 14
664 2693 702 2730 Ox.
713 2698 769 2733 omits.

157 2748 172 2774 ¹5
182 2746 205 2783 E.
215 2745 249 2781 and
258 2743 283 2779 L.
292 2742 341 2779 omit.
394 2740 409 2764 1⁶
419 2740 447 2779 M.
456 2743 513 2779 omits.
567 2742 616 2781 ΠΗ,
625 2745 677 2782 victe.
729 2745 744 2769 1⁸
753 2747 781 2787 Μ,
791 2750 848 2787 omits,

157 2802 172 2827 Ι9
182 2798 213 2843 E„
224 2796 262 2833 On.
272 2795 306 2832 and
315 2794 346 2830 W.
358 2805 473 2831 mrnncuruu.
580 2799 595 2818 ²0
605 2795 645 2843 Os,
656 2796 694 2835 Ox,
704 2799 736 2836 and
746 2800 776 2839 W.
786 2801 820 2838 add
829 2803 852 2840 in.
