1919 3169
325 167 505 215 1111111111
748 173 790 235 165

26 262 83 309 velle
102 278 127 308 ac
145 280 210 325 posse
229 280 252 309 se
271 263 353 310 debitis
372 264 485 326 obligavit.
519 265 623 313 Tandem
645 281 792 314 cumeorum

27 326 135 375 auxilium
146 328 170 374 in
181 326 245 375 nullo
256 327 298 374 sibi
309 328 398 391 penitus
405 329 540 391 profecisset,
550 330 628 377 dolore
639 340 685 377 tam
696 332 793 380 maximo

26 394 135 439 sautiatus
161 394 185 439 in
212 403 302 440 tantum
323 395 385 456 quod
406 395 525 456 geminatis
547 395 682 442 clamoribus
707 397 792 443 vicinos

26 459 54 505 de
81 467 147 503 nocte
173 474 219 503 non
246 458 387 519 permitteret
415 459 550 516 obdormire,
577 477 663 508 vovens
690 477 713 506 se
739 462 790 507 Deo

26 533 48 568 et
69 521 134 567 beato
157 522 274 568 Francisco
295 520 347 568 fecit
369 538 391 567 se
412 523 440 568 ad
461 525 508 569 eius
529 524 644 571 tumulum
671 525 790 586 deportari.

28 586 133 648 Cumque
170 602 210 647 per
247 596 336 631 noctem
376 603 442 632 orans
481 604 555 634 coram
593 588 662 635 sancti
700 590 791 635 tumulo

26 659 160 706 moraretur,
183 660 275 697 extenso
297 667 368 707 crure,
390 668 473 714 magno
499 653 616 700 exilaratus
637 654 722 717 gaudio
743 654 833 702 sineFol.
844 665 882 716 ⁶9¹⁰

26 715 104 762 baculo
120 715 148 761 ad
164 716 254 790 propria
270 717 383 763 remeavit
527 761 528 764 ,

73 781 132 825 Ρ111
143 798 202 826 unus
213 791 234 826 11
236 781 280 827 iam
295 798 346 826 crus
356 780 438 827 habens
449 792 598 839 contractum,
609 783 641 828 ita
652 784 714 845 quod
729 800 790 845 genu

25 845 73 890 eius
89 846 175 905 pectori
192 855 215 889 et
231 845 356 890 calcaneum
373 845 462 891 natibus
478 846 599 901 adhereret,
617 846 644 893 ad
661 846 790 908 sepulcrum

26 909 82 955 beati
104 908 215 955 Francisci
242 919 351 970 portatus,
374 920 436 971 patre
463 910 533 971 ipsius
560 928 648 957 carnem
674 911 790 973 propriam

26 984 150 1019 macerante
171 973 243 1019 cilicio
264 991 289 1019 11
308 984 379 1019 matre
394 991 436 1036 pro
453 974 502 1036 ipso
517 992 541 1019 se
556 976 654 1039 graviter
670 976 787 1039 affligente,

26 1038 90 1099 plena
101 1049 123 1084 et
134 1037 208 1085 subita
218 1039 311 1085 sanitate
323 1039 442 1085 convaluit.

72 1102 99 1145 In
113 1102 207 1147 Fanensi
224 1103 314 1147 civitate
330 1103 423 1165 quidam
440 1112 567 1148 contractus
583 1113 637 1157 erat,
655 1104 718 1149 cuius
735 1103 788 1149 tibie

26 1165 133 1213 ulceribus
155 1166 220 1228 plene
236 1167 325 1212 natibus
342 1166 476 1213 adherebant
467 1176 545 1229 t‚que
562 1177 651 1214 tantum
673 1184 713 1214 exa
713 1169 789 1215 abant

26 1230 127 1287 fetorem,
149 1231 213 1307 quod
234 1232 372 1295 hospitalarii
394 1232 457 1279 nullo
478 1205 548 1279 inodo
570 1250 622 1280 eum
640 1232 770 1280 volebant
765 1251 789 1280 rn

27 1270 131 1358 hospitali
153 1298 249 1357 recipere
271 1296 306 1343 vel
329 1308 409 1344 tenere
454 1297 502 1348 Qui
529 1299 629 1343 meritis
637 1297 694 1344 beati
721 1300 790 1359 patris

27 1360 144 1417 Francisci‚
167 1362 230 1408 cuius
256 1361 430 1408 misericordiam
457 1362 575 1417 invocavit,
599 1378 622 1408 se
643 1363 711 1423 paulo
737 1374 790 1424 post

26 1426 115 1489 gavisus
131 1435 165 1471 est
180 1425 305 1474 liberatum.

74 1491 180 1543 Quedam
203 1493 278 1551 puella
305 1491 431 1553 Eugubina,
461 1506 513 1537 curn
540 1492 659 1537 contractis
686 1491 789 1537 manibus

26 1556 129 1602 omnium
140 1554 294 1602 membrorum
308 1555 408 1601 officium
423 1571 462 1617 per
473 1571 556 1601 annum
571 1556 659 1617 penitus
674 1556 789 1614 amisisset,

27 1620 54 1664 ad
70 1620 215 1665 obtinendam
231 1621 325 1681 gratiam
342 1620 441 1664 sanitatis
457 1619 534 1664 nutrix
552 1620 599 1664 eius
615 1636 667 1664 cum
686 1621 789 1681 ymagine

27 1699 87 1728 cerea
102 1683 173 1745 ipsam
189 1684 218 1729 ad
229 1683 286 1729 beati
298 1683 409 1729 Francisei
417 1682 540 1728 tumulum·
550 1683 684 1746 deportavit,
719 1684 790 1730 Cum-

27 1764 69 1810 que
84 1748 167 1795 ibidem
181 1765 220 1812 per
237 1758 288 1795 octo
302 1749 389 1795 dierum
401 1748 499 1810 spatium
514 1758 645 1805 moraretur,
657 1748 693 1795 die
703 1765 747 1795 una
758 1750 790 1796 ita

28 1814 122 1887 propriis
138 1813 216 1860 usibus
229 1815 330 1860 restituta
344 1825 396 1860 sunt
412 1814 488 1858 omnia
502 1813 602 1859 membra
617 1814 664 1860 eius
666 1815 745 1877 ‚quod
761 1816 789 1862 ad

28 1879 119 1987 pristAina
130 1878 201 1923 offitia
212 1880 299 1939 ydonea
309 1878 374 1922 solita
384 1878 525 1922 haberentur.

74 1941 141 1987 Alius
145 1957 244 2017 quoque
256 1957 312 2004 puer
323 1941 350 1986 de
363 1941 446 1987 Monte
462 1940 544 2003 Nigro,
560 1950 610 1986 ante
622 1939 680 1985 fores
691 1940 787 1998 ecclesie,

28 2005 66 2051 ubi
88 2007 207 2069 requiescit
234 2023 317 2068 corpus
342 2006 411 2052 sancti
433 2005 549 2061 Francisci,
571 2022 610 2067 per
637 2006 712 2067 plures
742 2007 789 2052 dies

28 2070 138 2118 decubans
140 2072 207 2134 ,quia
218 2088 259 2117 nec
270 2072 301 2117 ire
312 2080 399 2131 poterat
410 2086 450 2115 nec
461 2070 589 2125 sedere‚—a
599 2069 689 2132 cingulo
698 2070 789 2118 enimet

27 2134 84 2181 infra
95 2110 198 2181 omriibus
215 2147 263 2180 erat
274 2135 358 2181 viribus
374 2146 396 2180 et
408 2134 560 2179 membrorum
572 2134 643 2179 offitio
659 2134 788 2191 destitutus,

28 2200 156 2261 —quadam
167 2201 204 2246 die
210 2201 295 2245 intrans
305 2198 426 2254 ecclesiam,
434 2199 462 2243 ad
472 2207 558 2243 tactum
566 2198 661 2258 sepulcri
670 2198 789 2244 beatissimi

28 2264 95 2324 patris
117 2264 228 2312 Francisci
252 2262 311 2311 foras
332 2280 399 2310 sanus
422 2273 445 2308 11
465 2262 583 2309 incolumis
610 2273 642 2308 cst
668 2279 788 2326 regressus.

28 2328 121 2375 Dicebat
143 2340 218 2376 autem
240 2327 348 2391 puerulus
369 2329 415 2390 ipse
437 2328 507 2392 quod,
525 2327 580 2373 dum
602 2335 679 2373 coram'
700 2328 789 2374 tumulo

28 2392 119 2454 gloriosi
130 2396 198 2445 sancti
209 2395 295 2450 iaceret,
308 2394 378 2439 astitit
386 2395 406 2438 ei
413 2393 500 2439 iuvenis
507 2393 596 2454 quidam
605 2392 681 2437 habitu
693 2392 789 2439 fratrum

28 2457 129 2515 indutus,
151 2475 219 2520 supra
240 2457 368 2519 sepulcrum
390 2457 492 2512 existens,
514 2456 553 2519 qui
572 2456 620 2517 pira
641 2456 664 2500 in
686 2456 789 2503 manibus

28 2534 118 2582 portans
135 2523 223 2570 vocavit
237 2540 290 2569 eum
301 2533 323 2568 11
333 2521 426 2584 prebens
437 2521 456 2567 11
468 2522 543 2583 pirum
560 2536 638 2575 unum,
651 2531 677 2566 ut
688 2533 789 2583 surgeret

28 2587 170 2634 confortavit.
204 2588 253 2639 Qui
264 2588 340 2649 pirum
351 2588 379 2632 de
388 2586 488 2631 manibus
499 2586 546 2630 eius
557 2585 683 2645 suscipiens,
696 2601 789 2647 respon-

29 2651 108 2698 debat:
127 2652 186 2699 Ecce
198 2662 324 2701 contractus
335 2668 386 2697 sum
397 2660 419 2696 et
430 2650 493 2696 nullo
507 2650 577 2696 modo
589 2665 679 2710 surgere
690 2667 788 2710 possum.

29 2713 106 2761 Pirum
119 2732 174 2762 vero
190 2715 298 2761 exibitum
315 2714 466 2769 manducavit,
478 2723 500 2759 et
514 2713 542 2758 ad
556 2712 617 2758 aliud
632 2713 714 2772 pirum,
727 2715 789 2775 quod

27 2794 46 2822 er
40 2777 190 2828 abeodem
185 2797 266 2827 iuvene
273 2778 416 2833 offerebatur,
424 2778 482 2839 cepit
491 2777 607 2824 extendere
618 2793 716 2824 manum.
740 2776 791 2830 Qui

28 2842 98 2892 dum
93 2856 175 2893 iterum
186 2862 238 2893 eum
245 2855 271 2892 ut
282 2855 383 2907 surgeret
389 2844 440 2890 hor
431 2853 488 2890 ttare
490 2859 524 2900 ur,
532 2841 659 2889 infirmitate
670 2852 790 2905 gravatum

27 2922 50 2953 se
60 2911 173 2967 sentiens,
197 2927 242 2957 non
265 2908 376 2972 surgebat
410 2908 452 2954 Sed
474 2881 529 2954 duni
551 2907 578 2953 ad
599 2906 674 2969 pirum
697 2924 788 2954 manum
