1919 3169
148 99 192 142 1²4
330 83 528 131 TRACTATUS
548 84 720 132 SECUNDUS

145 182 231 246 optime
247 181 387 230 manducare.
422 182 547 246 Respondit
564 183 583 229 ei
600 183 752 249 guardianus:
769 183 843 244 Pater,
856 200 909 231 cum

144 249 227 297 rubore
235 248 332 296 dicimus
343 266 349 295 ε
365 248 543 295 verecundamur
554 250 628 311 ipsum
639 250 741 306 invitare,
751 259 838 297 tantum
849 266 910 297 nunc

145 331 253 376 pauperes
286 329 370 359 sumus.
414 314 540 375 Respondit
573 324 661 361 sanctus
688 314 778 361 dicens:
815 315 909 362 Modice

145 378 206 434 fidei,
241 376 296 441 quid
323 377 393 423 vultis
427 387 454 424 ut
482 379 565 424 iterum
600 379 689 424 dicam?
729 379 835 424 Medicus
869 380 908 442 qui

145 443 229 489 astabat
245 440 318 488 dixit:
336 441 368 488 Et
382 457 433 505 ego,
449 441 528 488 fratres
545 442 663 502 karissimi,
680 443 795 505 penuriam
812 452 909 490 vestram

146 508 232 555 delitias
253 506 369 570 reputabo.
411 508 526 554 Festinant
552 506 639 566 fratres,
661 517 684 554 et
707 523 798 555 omnem
826 507 908 556 cellarii

146 574 232 634 copiam
254 588 328 618 mense
349 572 478 634 imponunt,
499 573 562 634 panis
582 572 666 619 scilicet
685 573 799 619 modicum
817 574 908 638 vinique

52 639 191 687 F01·48'⁰non
213 636 321 683 multum.
358 636 397 682 Eti
424 646 450 683 ut
471 637 537 682 latius
559 638 657 692 ederent,
686 646 766 697 patum
779 638 907 700 leguminis

144 701 240 766 coquina
261 701 403 747 transmictit.
448 701 542 747 Interim
569 719 645 747 mensa
672 701 766 750 Domini
790 718 907 748 servorum

143 783 219 815 mense
236 767 380 829 compatitur,
400 766 501 829 pulsatur
520 767 626 825 hostium,
647 767 742 814 accurrit
758 766 832 816 frater.
874 767 906 815 Et

143 849 192 880 ecce
208 831 289 879 mulier
305 831 402 894 quedam
417 833 540 878 canistrum
557 832 624 877 offert
640 832 732 893 plenum
748 833 828 894 pulcro
844 849 907 896 pane,

140 897 237 958 piscibus
259 906 282 941 et
301 896 396 956 pastillis
414 896 573 957 gambarorum
591 896 710 951 refertum,
730 897 795 942 melle
814 908 837 943 ct
855 898 907 943 uvis

140 961 237 1023 desuper
256 959 402 1006 cumulatum.
436 959 529 1006 Exultat
548 976 672 1022 pauperum
692 976 768 1006 mensa
786 960 830 1006 hiis
847 961 907 1020 visis,

141 1036 164 1071 et
177 1025 260 1072 vilibus
276 1025 435 1071 incrastinum
451 1025 575 1082 reservatis,
587 1026 686 1085 pretiosa
702 1025 769 1071 hodie
785 1035 907 1073 sumuntur

141 1091 165 1137 in
180 1091 264 1138 cibum.
297 1089 404 1136 Medicus
422 1105 477 1137 vero
497 1090 629 1152 suspirando
649 1089 738 1136 locutus
759 1100 792 1136 est
814 1090 905 1137 dicens:

142 1155 192 1201 Nec
215 1172 263 1212 vos,
285 1153 370 1210 fratres,
394 1155 451 1198 sicut
473 1155 565 1209 debetis,
586 1171 626 1199 nec
649 1171 690 1199 nos
712 1156 820 1200 seculares
841 1157 907 1202 huius

141 1219 299 1282 cognoscimus
324 1218 472 1263 sanctitatem.
506 1218 583 1263 Satiati
610 1218 708 1280 denique
734 1217 836 1277 fuissent,
864 1219 907 1265 nisi

141 1283 192 1347 plus
205 1300 243 1331 eos
255 1283 389 1330 miraculum
404 1297 472 1345 quarn
484 1280 598 1328 ferculum
613 1282 719 1328 satiasset.
752 1282 786 1328 Sic
801 1292 908 1346 paternus

141 1349 179 1396 ille
202 1349 280 1396 oculus
303 1364 444 1411 nequaquam
466 1347 561 1409 despicit
580 1363 640 1405 suos,
661 1348 716 1412 quin
734 1349 811 1410 potius
830 1350 910 1396 maiori

142 1413 235 1462 defectu
246 1413 361 1460 mendicos
369 1413 447 1459 maiori
459 1413 602 1474 providentia
613 1414 691 1459 nutrit.

100 1571 141 1613 [VJ]
292 1557 326 1598 De
340 1556 431 1598 domina
445 1556 528 1598 Iacoba
541 1556 570 1597 de
583 1555 678 1607 Septem
691 1555 767 1598 Soliis.

193 1640 292 1723 Iacoba
309 1668 336 1714 de
354 1669 443 1730 Septem
455 1666 527 1722 Soliis,
539 1667 636 1712 claritate
653 1677 676 1712 et
692 1667 809 1714 sanctitate
825 1669 872 1730 pari
889 1669 913 1715 in

147 1736 203 1781 urbe
220 1737 327 1790 Romana,
345 1732 487 1794 privilegium
504 1733 585 1775 amoris
604 1731 704 1793 precipui
724 1744 836 1778 meruerat
852 1735 912 1795 apud

146 1808 255 1846 sanctum.
289 1796 344 1843 Non
364 1796 419 1842 mihi
435 1796 463 1843 ad
480 1796 546 1842 huius
564 1795 655 1842 laudem
674 1796 823 1856 repetendum
841 1813 912 1860 genus

146 1866 241 1923 illustre,
257 1862 341 1909 familie
360 1862 464 1925 dignitas,
480 1859 553 1923 ample
572 1860 658 1916 divitie,
677 1877 722 1907 non
741 1860 837 1926 denique
856 1862 912 1910 mira

147 1930 260 1977 virtutum
271 1928 320 1973 eius
331 1926 449 1988 profectio,
458 1927 555 1989 longeva
566 1926 701 1972 continentia
711 1926 813 1977 vidualis.
848 1927 911 1976 Cum

147 1995 223 2057 itaque
234 2001 323 2039 sanctus
339 1991 468 2037 infirmitate
478 1991 515 2035 illa
530 1990 679 2046 decumberet,
693 2007 737 2053 que
748 1992 809 2036 omni
820 1991 912 2055 langore

147 2057 252 2105 concluso
263 2055 350 2101 felicem
361 2071 453 2101 cursum
463 2055 525 2100 exitu
541 2054 667 2101 beatissimo
678 2057 825 2113 consumavit,
836 2057 912 2117 paucis

146 2135 197 2171 ante
218 2131 315 2170 mortem
340 2118 419 2168 diebus
445 2119 519 2167 voluit
546 2118 638 2166 mictere
658 2134 701 2181 pro
722 2119 814 2167 domina
833 2119 912 2168 Iacoba

147 2191 251 2248 Romam,
266 2196 299 2245 ut,
316 2186 334 2233 si
351 2202 411 2242 eum,
428 2201 495 2249 quem
510 2194 558 2231 tarn
573 2184 677 2231 ardenter
693 2183 799 2231 dilexerat
814 2187 910 2244 exulem,

146 2255 191 2299 iarn
202 2254 230 2299 ad
239 2252 334 2315 patriam
345 2251 477 2294 redeuntem
489 2265 576 2293 cernere
586 2249 662 2304 vellet,
670 2248 751 2295 festina
762 2251 912 2297 sollicitudine

147 2326 284 2381 properaret.
323 2313 432 2360 Scribitur
450 2312 531 2369 littera,
551 2312 652 2376 queritur
671 2312 764 2359 nuntius
783 2314 912 2376 pernicitate

147 2384 233 2447 vigens,
242 2391 264 2428 et
272 2381 379 2428 inventus
386 2377 413 2425 ad
421 2378 464 2425 iter
473 2377 616 2441 succingitur.
651 2378 779 2426 Confestim
786 2379 813 2426 ad
822 2390 910 2443 portam

147 2465 216 2495 sonus
222 2447 314 2493 auditur
323 2459 441 2508 equorum,
448 2444 546 2490 militum
553 2443 668 2505 strepitus,
675 2442 790 2490 celebritas
798 2446 911 2492 comitive.

147 2513 280 2560 Procedens
290 2525 349 2556 unus
365 2509 476 2554 sotiorum
493 2508 520 2554 ad
536 2507 643 2564 hostiurn,
655 2507 691 2554 ille
703 2509 742 2571 qui
757 2510 864 2556 nuntium
875 2510 911 2557 in-

147 2577 253 2632 struebat,
262 2591 329 2638 quam
337 2574 450 2618 absentem
459 2572 571 2636 querebat,
581 2582 706 2634 presentem
713 2573 805 2619 invenit.
835 2573 911 2622 Totus

147 2642 170 2688 in
181 2639 337 2690 ammiratione
345 2637 416 2684 factus
427 2638 530 2683 citissime
542 2637 612 2682 currit
622 2637 650 2682 ad
661 2647 779 2693 sanctum
796 2649 819 2685 et
830 2654 876 2685 non
887 2656 910 2685 se

147 2707 234 2771 capiens
251 2722 290 2769 pre
306 2703 396 2768 gaudio,
409 2702 479 2749 dixit:
498 2702 560 2749 Bona
576 2701 623 2758 tibi,
634 2711 703 2764 pater,
718 2719 777 2749 nova
793 2702 909 2751 denuntio.

148 2774 193 2821 Cui
220 2771 324 2834 protinus
353 2778 441 2814 sanctus
467 2768 563 2829 anticipa
589 2765 731 2814 festinatione
757 2769 910 2830 respondens:

146 2837 287 2891 Benedictus,
306 2832 395 2899 inquid,
415 2833 478 2877 Deus
499 2833 539 2896 qui
559 2831 675 2880 dominam
697 2832 799 2881 Iacobam
818 2833 910 2884 fratrem
