1919 3169
274 95 434 140 euoenon
451 94 606 154 nurioun
793 109 820 156 97

57 188 119 250 quasi
131 190 230 251 synodus
241 190 354 252 generalis,
368 205 413 251 que
424 205 451 234 ex
466 190 527 235 omni
544 199 606 250 parte
623 191 703 236 mundi
719 191 761 236 sub
778 208 823 238 una

55 252 128 298 forma
146 254 239 302 vivendi
257 253 378 305 convenit.⁴
403 253 429 299 In
446 253 485 299 hac
502 254 609 316 sapientes
626 271 670 317 que
686 254 822 317 simplicium

55 328 114 373 sunt,
125 320 153 379 ad
164 336 232 367 suum
244 319 390 366 commodum
401 319 501 377 trahunt,
512 337 563 366 cum
575 320 653 366 vident
665 320 745 367 idiotas
756 321 823 382 igneo

55 382 132 442 vigore
144 383 229 429 celestia
240 400 334 446 querere
345 394 367 427 et
378 383 482 428 indoctos
492 399 531 444 per
542 384 656 429 hominem
668 400 707 444 per
718 384 822 445 spiritum

54 445 176 505 spiritualia
190 462 272 509 sapere.
307 447 333 491 ln
348 447 388 490 hac
403 447 470 491 etiam
486 447 596 507 simplices
612 463 657 509 que
673 449 701 493 ad
714 448 822 508 sapientes

54 509 173 572 pertinent,
196 512 219 556 in
240 526 308 558 suum
330 510 431 557 fructum
456 521 598 568 convertunt,
621 528 673 559 cum
695 512 722 559 ad
744 513 821 560 eadem

54 590 130 620 secum
141 576 270 622 humiliatos
280 575 358 622 vident
374 576 485 636 preclaros
495 577 562 633 viros,
574 577 614 638 qui
630 587 720 638 possent
737 576 821 640 ubique

53 639 77 683 in
96 641 172 685 seculo
191 641 266 687 vivere
285 639 384 700 gloriosi.
424 640 495 695 Hinc,
513 641 550 696 ait,
568 641 652 687 relucet
671 640 734 687 beate
753 641 821 688 huius

53 700 137 748 familie
148 704 303 764 pulchritudo,
316 704 380 750 cuius
396 702 542 751 multiformis
558 716 651 751 ornatus
667 704 821 766 patrifamilias

55 782 99 810 non
111 768 227 813 modicum
238 768 315 830 placet.

144 942 219 985 uando
245 939 363 985 radebatur
390 950 479 985 sanctus
506 940 642 994 Franchcus,
670 956 722 1001 sepe
748 941 897 995 rasori[cc-11J]

54 1002 153 1048 dicebat:
173 1004 232 1049 Cave
244 1021 271 1049 ne
282 1003 337 1048 mihi
349 1019 452 1064 magnam
464 1019 567 1049 coronam
582 1002 647 1049 facias
658 1018 663 1058 ;
681 1004 734 1049 volo
750 1004 817 1061 enim,

54 1068 117 1128 quod
133 1066 212 1112 fratres
228 1068 272 1113 mei
289 1067 399 1128 simplices
416 1076 503 1128 partem
519 1066 613 1112 habeant
630 1067 653 1111 in
671 1067 742 1129 capite
759 1084 817 1113 meo.

53 1130 149 1177 Volebat
166 1131 263 1195 denique
279 1131 410 1195 religionem
429 1131 565 1193 pauperibus
583 1141 605 1176 et
623 1130 752 1187 illitteratis,
772 1147 817 1177 non

53 1195 127 1242 solum
146 1196 255 1244 divitibus
276 1207 298 1243 et
319 1196 455 1260 sapientibus
477 1212 523 1242 esse
545 1212 695 1243 communem.
747 1196 817 1258 Apud

53 1261 129 1316 deum,
140 1262 228 1323 inquid,
248 1279 294 1307 non
313 1273 346 1308 est
365 1262 485 1322 acceptatio
504 1278 649 1322 personarum
669 1272 691 1307 et
709 1261 818 1322 generalis

53 1324 154 1369 minister
175 1325 290 1389 religionis
309 1325 404 1387 Spiritus
423 1326 516 1370 Sanctus
536 1340 593 1387 eque
611 1340 678 1386 super
697 1340 817 1387 pauperem

52 1399 74 1435 et
85 1390 210 1452 simplicem
220 1391 345 1454 requiescit.
379 1389 434 1436 Hoc
446 1405 496 1435 sane
507 1390 603 1437 verbum
614 1390 687 1436 voluit
701 1391 723 1436 in
740 1390 818 1453 regula

52 1469 143 1515 ponere,
154 1456 193 1500 sed
204 1455 297 1501 bullatio
308 1455 365 1500 facta
376 1454 488 1515 preclusit.

98 1583 187 1663 Dixit
214 1615 341 1675 aliquando,
365 1629 473 1674 magnum
500 1614 604 1658 clericum
632 1614 698 1657 etiam
726 1614 904 1672 scientium-uu]

52 1678 221 1744 quodammodo
239 1677 352 1741 resignare
370 1676 457 1734 debere,
475 1693 527 1722 cum
549 1676 635 1722 veniret
656 1677 684 1721 ad
706 1676 815 1734 ordinem,

52 1756 77 1791 ut
89 1746 127 1791 tali
138 1745 289 1808 espropriatus
305 1743 441 1804 possessione
458 1742 547 1788 nudum
563 1758 586 1787 se
603 1740 694 1788 offerret
710 1741 816 1788 bracchiis

51 1811 156 1856 crucifixi.
190 1809 288 1864 Multos,
300 1808 387 1870 inquid,
399 1807 490 1852 scientia
500 1807 575 1852 reddit
591 1807 705 1863 indociles,
715 1807 816 1869 rigidum

51 1875 144 1936 quidam
165 1890 245 1918 eorum
267 1872 350 1916 inflecti
372 1888 417 1916 non
441 1872 515 1916 sinens
539 1870 662 1916 humilibus
686 1870 815 1931 disciplinis.

51 1939 197 2000 Quapropter
214 1936 295 1981 vellem
314 1935 349 1991 ait,
369 1944 395 1980 ut
412 1935 447 1980 vir
464 1934 575 1980 litteratus
592 1935 648 1980 hanc
667 1934 722 1980 mihi
742 1934 815 1996 primo

50 2019 139 2065 precem
161 2002 266 2049 offerret:
295 2000 360 2055 Ecce,
382 1998 457 2056 frater,
479 1999 519 2046 diu
546 1999 569 2044 in
596 1998 672 2045 seculo
699 1999 752 2055 vixi,
775 2017 815 2046 nec

51 2068 119 2114 deum
138 2083 215 2113 meum
234 2081 285 2111 vere
304 2064 406 2126 cognovi.
452 2065 508 2121 Oro,
528 2064 623 2109 concede
639 2063 694 2108 mihi
710 2063 786 2109 locum
803 2082 815 2109 a

49 2132 146 2193 strepitu
176 2130 255 2177 mundi
285 2139 404 2184 semotum,
433 2145 480 2189 quo
508 2128 630 2188 recogitem
657 2144 726 2173 annos
753 2145 814 2175 meos

50 2196 73 2240 in
103 2195 188 2249 dolore,
215 2207 297 2256 quove,
327 2192 474 2251 dispersiones
500 2192 572 2237 cordis
604 2191 647 2236 mei
676 2190 814 2252 recolligens,

49 2260 149 2305 animum
174 2259 202 2305 ad
226 2256 318 2303 meliora
339 2254 468 2301 reformem.
521 2253 625 2311 Qualem,
647 2254 685 2311 ait,
706 2254 812 2302 futurum

49 2325 168 2380 crederitis,
188 2324 228 2386 qui
247 2323 277 2368 sic
296 2321 419 2382 inciperet?
452 2320 558 2367 Profecto
576 2319 611 2366 leo
628 2330 769 2367 excatenatus
785 2322 856 2369 adFol.
867 2345 892 2381 90

48 2390 123 2435 omnia
133 2389 239 2435 robustus
250 2386 318 2432 exiret
329 2396 351 2431 et
362 2385 440 2431 beatus
450 2402 525 2441 sucus,
537 2401 605 2447 quem
621 2385 728 2431 hausisset
739 2385 811 2442 initio,

47 2454 159 2499 continuis
181 2453 204 2497 in
225 2467 253 2496 eo
274 2448 410 2511 profectibus
432 2459 543 2495 cresceret.
577 2450 624 2494 Hic
644 2449 735 2495 tandem
757 2466 812 2495 vero

47 2518 171 2563 ministerio
192 2515 254 2564 verbi
276 2514 374 2568 daretur,
394 2524 473 2569 certus,
494 2514 547 2576 quia
565 2512 629 2568 illud,
647 2530 694 2574 quo
713 2512 810 2570 bulliret,

47 2582 180 2630 effunderet.
212 2581 271 2625 Vere
282 2579 317 2640 pia
325 2577 437 2624 doctrina!
466 2577 653 2630 Quidenimtam
662 2579 809 2624 necessarium

46 2648 150 2694 redeunti
168 2648 196 2692 de
215 2645 305 2707 regione
322 2642 517 2699 dissimilitudinis,
535 2659 603 2705 quam
621 2642 690 2703 longo
709 2653 810 2704 tempore

27 2707 29 2709 ’
47 2711 153 2765 mollitos,
164 2720 231 2770 atque
242 2710 360 2768 impressos
373 2706 480 2750 seculares
497 2707 589 2751 affectus
607 2705 730 2750 humilibus
746 2723 809 2751 exer-

46 2773 103 2819 citiis
114 2773 234 2827 eliminare,
246 2780 313 2834 atque
324 2769 456 2829 detergere?
489 2769 541 2815 Cito
554 2770 577 2814 in
593 2768 651 2814 scola
666 2768 809 2829 perfectionis

46 2837 204 2899 perfectionem
216 2837 342 2898 attingeret,
354 2834 455 2897 quisquis
466 2835 568 2880 ordinem
579 2833 610 2880 sic
621 2833 730 2881 introiret.

419 2915 434 2945 e
