1919 3169
164 86 192 132 32
377 70 537 117 areauna
554 65 715 119 euneoau

212 169 235 215 Si
251 169 308 233 quid
323 183 378 215 vero
393 168 510 214 residuum
527 178 580 226 erat,
591 168 698 231 quoniam
706 176 721 200 ¹⁷
732 168 797 214 alicui
813 169 865 215 dare
881 185 927 216 non

163 244 275 296 poterant,
297 231 447 278 recondebant
469 231 527 278 illud
548 233 571 278 in
593 232 693 295 quodam
715 232 840 296 sepulchro,
864 234 927 296 quod

163 297 283 362 aliquando
294 306 462 344 conservaverat
472 311 566 358 corpora
575 306 728 353 mortuorum,
740 307 767 344 ut
777 297 837 344 idem
846 297 927 345 iterum

164 364 330 410 manducarent.
363 361 438 408 Locus
454 360 492 407 ille
508 360 611 409 desertus
627 371 674 407 erat
690 371 757 425 atque
766 362 781 388 ¹⁸
797 363 890 410 relictus
906 373 928 410 et

163 439 203 475 aut
213 433 338 485 rarorum,¹⁹
349 436 387 473 aut
398 424 515 472 nullorum
524 434 540 453 ²⁰
550 425 733 489 frequentabatur
744 444 837 474 accessu.

419 552 481 582 narn
490 544 505 562 ²¹
524 553 666 584 rnuraurns.

212 628 268 674 Erat
294 626 326 674 eis
352 626 461 673 exultatio
482 641 570 689 magna,
595 643 647 673 cum
670 626 738 672 nichil
765 628 867 674 viderent
893 629 928 676 vel

164 692 279 749 haberent,
296 690 358 753 quod
374 706 413 737 eos
435 701 511 752 posset
532 707 597 749 vane,
618 708 658 738 seu
675 691 790 738 carnaliter
812 692 927 741 delectare.

164 757 278 820 Ceperunt
294 765 410 818 propterea
432 772 484 802 cum
506 766 581 802 sancta
602 767 733 818 paupertate
748 756 832 803 ibidem
849 757 930 804 habere

164 823 341 876 commercium;
363 829 385 866 et
403 821 426 865 in
445 819 534 866 defectu
551 822 660 876 omnium,
684 837 728 883 que
748 832 803 868 sunt
824 823 929 881 mundi‚²²

164 887 259 931 nimium
281 883 389 931 consolati
412 883 569 944 disponebant,
591 885 648 929 sicut
665 884 695 929 ibi
712 896 781 941 erant,
802 887 822 930 ei
845 887 929 949 ubique

163 961 273 1014 perpetuo
294 947 406 995 adherere,
440 947 472 994 Et
494 948 553 1011 quia,
576 948 677 1012 deposita
696 950 758 995 omni
778 949 929 999 sollicitudine

163 1027 312 1073 terrenorum,
329 1014 376 1061 sola
392 1029 431 1060 eos
448 1013 524 1061 divina
540 1014 664 1060 consolatio
681 1014 811 1073 delectabat,
823 1026 928 1063 statuunt

164 1091 187 1128 et
203 1080 337 1127 confirmant
345 1086 360 1110 ²³
377 1077 443 1125 nullis
459 1077 643 1126 tribulationibus
659 1078 743 1142 agitati,
755 1080 823 1126 nullis
840 1080 930 1144 impulsi

164 1145 325 1192 tentationibus
336 1143 363 1188 ab
374 1144 422 1189 eius
433 1143 572 1204 amplexibus
583 1143 671 1190 resilire.

212 1209 255 1255 Sed
274 1210 326 1254 licet
341 1206 412 1268 ipsius
428 1206 471 1252 loci
488 1206 602 1264 amenitas,
619 1223 664 1267 que
687 1207 715 1253 ad
738 1210 928 1270 corrumpendum

162 1290 243 1320 verum
259 1274 362 1337 vigorem
378 1271 446 1317 animi
463 1287 509 1317 non
520 1270 663 1318 mediocriter
674 1280 774 1333 potest,²⁴
785 1289 864 1319 eorum
882 1291 928 1321 non

164 1339 275 1386 detineret
291 1336 392 1395 affectus,
409 1353 437 1382 ne
454 1335 533 1383 saltem
549 1335 658 1398 longioris
675 1353 737 1383 more
759 1338 877 1385 assiduitas
893 1340 930 1386 vel

163 1403 237 1449 solum
250 1401 348 1448 exterius
355 1408 370 1431 ²⁵
382 1401 414 1445 eis
424 1400 509 1461 aliquid
520 1401 662 1461 proprietatis
673 1401 803 1457 innecteret,
815 1402 865 1448 loco
882 1405 931 1465 ipso

164 1466 249 1525 relicto,
267 1474 385 1528 sequentes
404 1463 491 1510 felicem
509 1473 604 1524 patrem,
623 1463 705 1510 vallem
722 1465 857 1526 spoletanam
875 1477 930 1513 tunc

164 1531 272 1594 temporis
299 1531 445 1578 intraverunt.
490 1527 642 1575 Conferebant
663 1529 745 1590 pariter
768 1530 810 1576 viri
834 1531 931 1579 cultores

161 1596 257 1662 justitie,
269 1606 347 1642 utrum
364 1594 421 1640 inter
437 1593 540 1640 homines
552 1594 679 1640 conversari
690 1593 805 1654 deberent,
817 1598 886 1642 non²⁶
902 1599 930 1645 ad

164 1663 212 1708 loca
228 1661 325 1707 solitaria
344 1675 367 1704 se
386 1657 538 1705 conferrent.²⁷
579 1660 622 1704 Sed
638 1669 727 1705 sanctus
744 1659 872 1718 franciscus,
889 1664 929 1725 qui

165 1742 210 1770 non
232 1726 261 1771 de
282 1724 391 1769 industria
412 1723 502 1783 propria
524 1723 657 1776 confidebat,
680 1725 719 1768 sed
738 1726 839 1770 oratione
855 1737 930 1772 sancta

165 1789 240 1836 omnia
250 1786 394 1850 preveniebat
406 1786 503 1849 negotia,
515 1785 583 1849 elegit
595 1802 640 1832 non
652 1786 694 1832 sibi
706 1787 781 1834 vivere
795 1789 837 1834 soli
854 1791 893 1837 sed
910 1791 930 1837 ei

165 1854 204 1918 qui
216 1870 258 1917 pro
269 1851 375 1900 omnibus
385 1861 491 1898 mortuus
502 1861 544 1909 est,
556 1851 626 1897 sciens
642 1867 665 1895 se
681 1852 709 1898 ad
726 1852 768 1898 hoc
785 1853 888 1912 missum,
905 1865 930 1902 ut

165 1921 217 1965 Deo
228 1920 311 1965 animas
322 1917 452 1971 lucraretur,
464 1932 519 1977 quas
530 1915 633 1963 diabolus
644 1915 731 1962 auferre
742 1918 872 1966 conabatur.

85 2156 203 2205 [n-xvuoe
225 2155 285 2198 lama
307 2150 382 2194 beati¹
404 2149 509 2192 francisci
531 2153 567 2193 et²
589 2151 736 2193 conversione
758 2152 881 2196 multorum
901 2155 931 2199 ad

218 2209 299 2251 deum;
313 2207 337 2246 et
350 2203 464 2255 quomodo
477 2203 533 2245 ordo
541 2206 638 2246 vocatus
647 2207 683 2246 est
696 2205 790 2246 fratrum
804 2206 930 2254 minorum;

219 2257 363 2353 pgsoplpaallffir
390 2256 535 2308 religionem³
561 2257 674 2299 intrantes
700 2257 783 2300 beatus
805 2258 930 2302 franciscus

216 2375 354 2465 Qircuibat
369 2402 464 2466 proinde
485 2401 621 2447 fortissimus
637 2400 701 2447 miles
717 2402 793 2449 christi
810 2403 932 2454 franciscus

169 2473 276 2531 civitates,
287 2480 310 2518 et
321 2467 409 2516 castella
420 2482 466 2514 non
480 2467 503 2513 in
519 2465 702 2529 persuasibilibus
717 2468 814 2515 humane
826 2470 932 2532 sapientie

209 2594 223 2619 ¹⁷
233 2593 266 2628 Os.
275 2589 350 2640 quando.
416 2585 506 2623 1⁸0s.et.
572 2591 587 2615 19
601 2585 634 2623 Os.
645 2600 688 2624 raro.
754 2591 770 2609 ²⁰
784 2590 879 2627 omullo,

208 2647 223 2666 ²¹
237 2642 265 2680 Μ.
276 2652 321 2679 vara
437 2642 452 2660 ²²
467 2638 559 2675 L.'omits.
671 2642 687 2665 ²³
701 2641 733 2675 Os.
744 2639 879 2679 confirmatione.

208 2700 224 2725 ²4
238 2694 276 2730 Ox.
286 2692 321 2730 ancl
329 2691 360 2727 W.
371 2700 433 2740 posset.
504 2691 519 2717 ²⁵
533 2689 633 2726 anmits,
704 2689 719 2712 ²⁶
734 2691 879 2737 haudwdn,

207 2749 223 2774 ²⁷
238 2746 262 2783 L.
272 2744 306 2782 and
314 2743 345 2779 W.
355 2741 440 2779 conferre.

209 2803 215 2822 ¹
230 2801 268 2837 ox.
279 2796 359 2842 sancti.
438 2798 446 2814 ²
460 2795 498 2832 Ox.
508 2792 566 2837 adds
575 2793 610 2836 de.
688 2797 696 2820 ³
711 2795 734 2831 L.
745 2770 853 2852 ordinem.
