1919 3169
144 147 186 192 162
326 148 527 195 TRACTATUS
545 149 720 197 SECUNDUS

141 244 179 288 Ad
197 260 265 306 quam
283 259 362 290 vocem
380 244 534 307 expergefacta
552 245 634 291 mulier
651 247 801 292 tremebunda
811 248 907 293 surrexit

141 318 164 354 et
175 307 247 355 filium
259 323 325 356 suum
336 307 434 370 perfecte
444 319 547 355 sanatum
559 310 651 357 invenit.

190 373 216 419 In
238 374 285 421 vita
305 389 344 420 sua
365 389 433 436 quam
455 373 550 419 mirabili
573 383 682 437 potestate
704 386 781 421 contra
800 376 908 422 demones

142 437 228 498 claruit,
252 455 297 485 non
320 437 417 485 arbitror
438 455 485 485 esse
507 439 626 486 silendum.
671 440 698 486 ln
722 439 814 487 castello
835 440 907 487 Sancti

143 503 233 549 Gemini
245 515 348 565 tempore
359 504 458 567 quodam
470 504 505 550 vir
515 505 567 559 Dei,
575 508 674 566 'regnum
686 505 785 552 celorum
796 505 909 567 evangeli-

143 585 202 626 zans,
224 568 283 632 apud
305 568 417 632 quendam
439 569 556 615 timentem
580 567 665 627 Deum,
684 570 748 616 cuius
767 586 832 629 uxor,
850 571 907 617 sicut

144 633 249 680 omnibus
268 643 349 679 notum
368 644 423 691 erat,
442 651 455 679 a
473 634 580 680 demonio
600 635 730 690 vexabatur,
753 635 908 697 hospitaturus

144 697 254 752 intravit;
270 706 409 758 rogatusque
427 696 503 742 beatus
522 698 652 743 Franciscus
670 715 711 759 pro
728 698 773 753 illa,
788 699 907 744 hominurn

145 762 226 808 timens
243 758 383 824 applausum,
394 761 440 810 boc
458 759 531 808 facere
547 761 638 824 penitus
654 762 772 808 recusavit.
805 762 908 809 Tandem

145 826 222 873 multis
238 825 342 888 precibus
358 836 468 883 exoratus,
486 826 509 871 in
526 826 598 872 tribus
615 827 702 889 angulis
718 836 763 873 tres
778 838 852 888 patres
866 828 906 890 qui

145 907 197 937 curn
208 908 235 936 eo
247 900 309 937 erant
319 891 347 937 ad
358 891 470 938 orandum
482 891 607 947 constituit,
616 892 639 937 in
649 891 741 938 Christo
750 893 796 954 ipse
805 902 908 938 oraturus

144 955 239 1001 secessit.
268 955 376 1001 Oratione
391 955 508 1017 completa,
520 955 547 1000 ad
559 955 685 1010 mulierem,
697 972 741 1018 que
754 956 908 1001 miserabiliter

144 1019 298 1084 torquebatur,
322 1018 459 1065 confidenter
481 1020 578 1075 accessit,
596 1020 619 1065 in
638 1020 729 1066 nomine
751 1021 801 1066 Iesu
824 1020 908 1066 Christi

145 1085 252 1132 demonio
264 1085 375 1146 imperans
387 1095 412 1132 ut
423 1086 499 1132 exiret.
535 1085 584 1137 Qui
602 1085 629 1131 ad
647 1086 694 1131 eius
711 1085 831 1148 imperinm
847 1095 909 1131 tanta

146 1151 263 1197 velocitate
278 1166 330 1196 cum
347 1148 424 1196 furore
440 1150 534 1206 recessit,
547 1160 573 1196 ut
584 1150 619 1195 vir
631 1150 675 1197 Dei
687 1160 777 1213 putaret
789 1150 829 1196 sibi
840 1150 908 1196 fuisse

146 1213 244 1259 illusum,
278 1213 374 1274 Propter
385 1215 427 1259 hoc
438 1215 489 1260 ideo
500 1213 588 1259 deloco
600 1214 640 1258 illo
651 1230 703 1260 curn
720 1215 802 1259 rubore
813 1215 908 1259 recessit.

147 1278 217 1325 Unde
228 1295 280 1324 cum
291 1276 332 1322 alia
343 1277 390 1323 vice
408 1295 447 1340 per
464 1277 525 1324 idem
543 1286 641 1323 castrum
659 1278 768 1334 transiret,
781 1278 861 1323 mulier
872 1278 910 1323 illa

145 1342 201 1389 foris
218 1359 258 1405 per
275 1342 371 1405 plateam
388 1342 496 1389 clamabat
512 1352 565 1403 post
582 1359 639 1399 eum,
652 1342 746 1405 vestigia
762 1342 845 1404 pedum
862 1342 909 1388 eius

146 1407 284 1464 deosculans,
296 1417 322 1452 ut
333 1406 374 1452 sibi
386 1406 461 1470 eloqui
477 1407 614 1469 dignaretur.
648 1407 697 1458 Qui
709 1424 748 1469 per
759 1407 844 1453 multos
854 1417 910 1452 tunc

146 1473 174 1518 de
191 1472 322 1518 liberatione
339 1472 399 1515 illius
417 1482 492 1517 certus
509 1470 610 1527 effectus,
626 1472 664 1516 vix
681 1472 770 1517 tandem
788 1471 830 1517 sibi
847 1470 909 1534 loqui

147 1537 224 1583 multis
234 1534 376 1598 precantibus
386 1536 504 1598 acquievit.

194 1602 255 1648 Cum
277 1611 333 1646 esset
354 1599 399 1646 alio
420 1610 521 1663 tempore
543 1601 603 1664 apud
623 1600 736 1646 civitatem
756 1600 785 1645 de
804 1601 909 1657 Castello,

145 1667 227 1714 mulier
245 1666 342 1731 quedam
359 1666 492 1713 demonium
509 1666 600 1724 habens,
611 1666 638 1712 ad
650 1666 746 1712 domum
763 1664 786 1711 in
803 1682 847 1728 qua
863 1664 909 1729 ipse

146 1731 249 1777 manebat
259 1731 367 1792 perducta
377 1740 418 1775 est.
444 1729 503 1788 Que,
513 1728 567 1775 foris
578 1742 638 1775 stans
646 1740 668 1774 et
678 1729 785 1774 dentibus
795 1730 909 1783 frendens,

146 1811 224 1841 omnes
235 1792 351 1840 latratibus
362 1793 486 1841 infestabat.
521 1794 626 1841 Multum
639 1810 693 1840 vero
703 1803 805 1841 sanctum
816 1793 859 1839 Dei
868 1810 911 1856 pro

146 1861 206 1907 illius
222 1859 353 1906 liberatione
370 1859 499 1921 suppliciter
517 1868 659 1922 rogaverunt,
678 1868 782 1922 gravatos
798 1874 821 1904 se
839 1859 910 1920 longo

146 1935 247 1986 tempore
258 1923 317 1970 illius
328 1924 412 1969 insania
423 1934 590 1986 conquerentes.
619 1924 701 1969 Beatus
712 1923 841 1969 Franciseus
849 1923 911 1969 misit

146 1990 173 2035 ad
186 2004 234 2036 eam
245 1989 338 2034 fratrem
354 1989 394 2050 qui
411 2004 487 2034 secum
499 1998 553 2043 erat,
565 1986 660 2049 experiri
671 1986 750 2032 volens
761 1996 840 2032 utrum
851 1986 910 2032 foret

146 2054 277 2102 demonium
294 2070 321 2099 an
339 2052 441 2114 deceptio
457 2051 581 2098 muliebris.
614 2051 646 2098 At
657 2051 712 2114 ipsa,
724 2051 794 2097 sciens
808 2060 910 2098 sanctum

146 2118 290 2165 Franciscum
312 2133 358 2163 non
379 2132 433 2173 esse,
455 2132 507 2163 eum
529 2117 607 2162 derisit
625 2126 648 2162 et
667 2132 708 2177 pro
727 2116 818 2162 modico
837 2117 910 2163 duxit.

145 2184 211 2230 Pater
222 2194 312 2230 sanctus
324 2183 386 2228 intus
401 2192 448 2228 erat
462 2198 534 2229 orans.
570 2181 627 2237 Qui,
639 2181 740 2227 oratione
751 2180 869 2243 completa,
882 2181 910 2228 ad

145 2247 261 2293 mulierem
273 2245 332 2291 foras
343 2245 420 2291 exivit.
453 2245 524 2292 Cuius
540 2246 674 2307 presentiam
690 2245 748 2290 ferre
765 2261 810 2291 non
827 2247 909 2301 valens,

145 2313 291 2359 volutabatur
307 2327 359 2357 cum
374 2309 467 2357 fremitu
484 2326 551 2372 super
567 2321 658 2357 terram.
692 2309 786 2355 Sanetus
797 2309 841 2356 Dei
852 2309 911 2356 exire

146 2378 265 2425 demonem
277 2393 317 2439 per
328 2374 478 2422 obedientiam
490 2375 614 2438 imperavit.
649 2374 698 2427 Qui
710 2375 785 2421 statim
796 2375 913 2438 egrediens

145 2442 283 2488 incolumem
295 2441 414 2487 mulierem
424 2440 526 2502 reliquid.

78 2605 141 2691 [xviJ]
357 2635 391 2678 De
405 2635 528 2678 contractis
541 2637 564 2677 et
578 2634 704 2678 confractis.

191 2739 238 2823 In
250 2771 358 2818 comitatu
369 2769 483 2814 Parmensi
495 2779 559 2814 natus
568 2779 601 2814 est
610 2768 699 2814 cuidam
711 2768 769 2815 filius
780 2769 820 2831 qui
830 2770 911 2832 pedem

146 2836 240 2883 habebat
259 2845 418 2889 transversum,
438 2832 565 2878 calcaneum
586 2832 670 2877 scilieet
688 2842 740 2877 ante
759 2843 781 2877 et
800 2834 911 2894 posterius

146 2904 235 2966 digitos,
269 2901 325 2946 Erat
342 2898 410 2944 homo
427 2914 519 2960 pauper,
531 2896 570 2943 sed
582 2907 658 2943 sancto
675 2897 793 2945 Francisco
807 2898 911 2946 devotus,
