1919 3169
264 111 424 159 Laenunn
441 109 601 158 cnaconu
771 120 813 168 107

51 206 118 279 facto,
138 207 217 252 vivum
235 208 421 267 eumrecipiens
442 217 465 252 et
487 207 630 262 incolumem,
649 205 741 251 laudare
757 206 815 265 cepit
885 241 887 243 >

52 270 240 332 omnipotentiam
251 271 375 317 salvatoris
436 309 438 311 .

99 334 166 383 Alius
176 336 276 399 quidam,
288 336 402 384 mancinus
411 335 473 383 nomi
475 352 509 392 ne,
517 335 615 382 infirmat
606 344 642 382 tus
650 335 678 381 ad
687 342 746 380 mort
747 347 782 379 ern
793 341 816 379 et

52 401 81 446 de
98 400 228 447 liberatione
245 418 285 448 sua
302 402 392 463 penitus
409 398 582 463 desperatus‚²'³
577 410 680 446 invocato
692 409 815 461 utcumque

53 465 144 508 nornine
155 464 213 509 beati
223 465 332 520 francisci,
343 465 416 510 subita
427 466 520 509 sanitate
532 464 652 509 convaluit

100 527 160 575 Puer
167 529 260 591 qudam
267 526 740 590 (16116111011161111614110111116,601111111111
747 524 816 570 febri

52 591 94 637 bus
112 591 214 639 laborans
232 603 254 639 et
272 592 355 655 duplici
373 603 508 656 apostemate
527 592 645 649 cruciatus,
662 591 689 637 ab
710 590 816 637 omnibus

52 656 144 703 medicis
161 658 296 733 desperatus,
308 668 365 705 voto
380 669 498 733 parentum
510 658 575 703 beato
586 657 694 703 francisco
708 654 815 710 exhibito,

52 722 169 784 concupite
180 724 298 769 restitutus
309 734 342 769 est
353 724 450 770 sanitati.

99 787 167 832 Alius
188 794 264 833 161065
286 789 353 833 morti
375 788 521 862 propinquus,
544 786 627 832 facta
622 786 719 847 imagine
746 800 816 841 66161,

52 851 182 925 priusquam
204 852 302 914 perfecta
323 864 388 911 esset,
407 853 434 899 ab
457 853 519 899 omni
541 852 644 915 passione
665 849 815 920 incontinenti

52 915 128 959 extitit
138 915 251 960 liberatus.

101 977 164 1024 Muli
157 994 187 1024 rer
198 979 297 1042 quedam
308 994 346 1041 per
358 978 433 1042 plures
444 994 514 1024 annos
525 978 548 1024 in
559 979 617 1024 16610
630 977 753 1024 infirmitat
739 986 766 1022 s
748 992 816 1022 sue

51 1043 171 1099 decubans
191 1060 231 1089 nec
248 1061 271 1089 16
289 1044 364 1106 aliquo
382 1044 451 1090 modo
467 1044 542 1091 valens
559 1043 649 1089 volvere
664 1042 700 1088 vel
716 1058 816 1096 movere,

51 1107 118 1153 vovis
126 1124 149 1153 16
160 1080 203 1154 deo
214 1118 237 1154 et
248 1109 314 1154 beato
325 1107 449 1164 francisc03
466 1119 488 1154 et
505 1107 532 1153 ab
548 1124 610 1153 omni
604 1105 714 1153 liberata
729 1106 815 1168 egritu-

52 1172 104 1217 dine
116 1172 248 1244 adimplevit
260 1174 379 1218 necessaria
390 1143 462 1218 officia
472 1173 520 1219 vite
531 1189 577 1217 sue.

51 1266 53 1269 >
102 1236 163 1280 ln
146 1236 236 1280 civitate
251 1237 361 1281 narniensi
355 1235 453 1280 'mulier
470 1235 566 1297 quedam
583 1244 637 1289 erat,
649 1250 692 1296 que
708 1236 747 1295 per
764 1242 816 1278 octo

53 1314 123 1345 annos
141 1315 234 1345 manum
251 1301 282 1345 sic
300 1299 379 1352 habuit
398 1301 537 1356 desiccatam,
556 1298 619 1365 quod
637 1296 705 1343 nichil
722 1313 774 1343 cum
792 1314 817 1341 ea

53 1374 140 1437 poterat
158 1366 249 1427 operari.
284 1366 389 1412 Tandem
405 1366 545 1412 beatissimus
561 1374 623 1426 pater
640 1362 762 1409 franciscus
778 1378 817 1425 per

52 1429 162 1474 visionem
173 1431 276 1490 apparuit
287 1431 307 1475 ei
319 1440 341 1475 et
352 1446 444 1475 manum
461 1431 507 1474 eius
521 1429 658 1475 extendens
653 1446 676 1473 rn
688 1426 818 1473 laboratio²⁶

53 1492 115 1537 alteri
126 1493 251 1553 adequavit.
406 1533 408 1537 ⁴

100 1556 194 1615 Juvenis
205 1556 314 1618 quidam
309 1573 333 1600 rn
344 1556 421 1601 eadem
439 1555 529 1600 civitate
545 1571 584 1617 per
598 1555 675 1601 decern
686 1569 756 1600 annos
766 1568 817 1615 gra-

53 1619 144 1665 1111111111
165 1621 295 1666 infirmitate
314 1621 425 1676 detentus,
443 1629 505 1666 totus
522 1630 568 1665 erat
585 1619 687 1666 tumidus
703 1618 795 1665 affectus
802 1627 817 1650 ⁷

53 1686 91 1741 ita,
102 1685 165 1747 quod
178 1684 273 1731 nulla
255 1702 275 1730 61
291 1685 397 1747 prodesse
413 1695 502 1747 poterat
518 1684 635 1730 medicina.
670 1683 718 1735 Qui
730 1682 818 1728 meritis

53 1749 111 1795 beati
128 1748 443 1807 1111161161,10101111111668
460 1750 547 1804 emisso,
565 1749 640 1795 statim
657 1748 740 1811 recepit
756 1764 818 1795 com-

54 1814 148 1857 modum
158 1815 266 1858 sanitatis

101 1877 184 1922 Erat
179 1893 202 1922 111
227 1877 317 1923 61111116
345 1875 429 1922 fanensi
457 1876 557 1940 quidam,
584 1875 716 1939 hydropesis
738 1874 817 1920 morbo

53 1941 166 1997 detentus,
179 1941 242 1989 cuius
253 1940 353 1987 membra
363 1951 426 1988 erant
417 1939 575 1988 thorribiliter
584 1940 714 1997 tumefacta,
726 1940 766 2002 qui
777 1956 817 2002 per

54 2005 144 2051 beatum
172 2005 305 2052 franciscum
332 2004 359 2051 ab
381 2006 459 2052 eadem
486 2005 615 2051 infirmitate
642 2006 706 2067 plene
734 2004 818 2050 meruit

54 2069 149 2115 liberari.

102 2134 165 2179 Civis
187 2134 278 2195 quidam
297 2135 327 2180 de
348 2134 440 2179 tuderto
449 2142 464 2166 ²³
486 2135 509 2178 in
531 2112 621 2180 tanturn
642 2143 706 2195 gutta
727 2149 750 2178 ar
752 2142 818 2179 61161

54 2196 187 2260 gravabatur
209 2197 272 2259 quod
294 2212 334 2241 nec
361 2196 437 2243 sedere
459 2206 617 2258 [1011111166
638 2197 749 2258 quiescere
771 2196 818 2241 ullo

55 2263 131 2307 modo.
174 2263 278 2308 Tantum
302 2262 346 2307 ei³⁰
368 2262 428 2308 dicte
449 2261 557 2323 passionis
584 2260 725 2308 vehementia
745 2259 818 2324 frigus

54 2326 166 2388 prestabat
172 2337 306 2372 continuum
309 2326 389 2435 ‚quod
393 2336 457 2372 totus
465 2327 493 2373 ad
502 2326 598 2373 nihilum
609 2326 681 2389 redigi
690 2343 713 2372 11
706 2325 817 2372 i.debatur

54 2391 150 2437 Vocavit
169 2391 276 2449 medicos,
292 2390 451 2453 multiplicavit
472 2391 557 2448 balnea,
577 2391 697 2437 medicinas
715 2390 818 2437 adhibuit

55 2456 144 2509 multas,
161 2472 201 2501 nec
221 2466 294 2501 tamen
313 2454 362 2500 ullo
380 2455 458 2514 potuit
476 2456 679 2501 horum-remedio
698 2454 817 2509 sublevari,

55 2519 100 2564 Die
111 2534 166 2564 vero
178 2519 281 2580 quadam,
293 2518 392 2579 quodam
404 2519 519 2565 sacerdote
530 2529 634 2581 presente
644 2529 725 2564 votum
737 2518 817 2563 emisit.

92 2688 108 2713 ²³
117 2684 153 2729 H.,
160 2686 193 2722 Os.
203 2686 237 2722 and
247 2687 285 2723 Ox.
294 2685 329 2722 add
336 2686 358 2721 ab
366 2686 450 2723 omnibus.

92 2735 261 2773 610116111611111.
288 2737 316 2773 H.
327 2736 439 2773 Glatcherus.
543 2738 672 2775 6501101111.

93 2785 109 2809 66
118 2786 145 2823 H.
155 2785 219 2824 labore.
247 2788 271 2825 L.
281 2786 377 2825 laboriotio.
405 2787 427 2825 P.
437 2787 528 2825 laboribus.
556 2790 593 2826 011.
603 2787 703 2825 laboractio.

93 2840 108 2865 ²⁷
119 2837 226 2875 uertentes.
279 2838 294 2862 ²⁸
305 2841 343 2876 Ox.
353 2839 395 2876 adde
405 2854 441 2876 suo.
493 2844 509 2867 ²9
519 2841 551 2877 Os.
561 2841 635 2876 auberto.
687 2842 702 2867 ³⁰
713 2840 733 2875 L.
741 2840 797 2875 omits.
