1919 3169
122 125 152 171 42
339 109 496 157 LEGENDA
517 110 673 172 ANTIQUA

121 205 888 269 prohibetsanctusquemquamillorumappropinquare,utorationis

122 270 208 320 virtute
224 270 325 319 demonis
336 270 445 334 prodatur
459 268 551 320 fallacia.
584 270 698 319 Recedens
714 270 766 318 inde
777 283 887 336 quantum

122 337 193 384 iactus
200 348 233 383 est
241 335 328 398 lapidis,
336 336 432 382 orationi
440 352 501 383 sacre
512 336 623 383 incumbit
633 356 638 382 :
656 337 744 382 rediens
752 337 780 382 ab
788 337 888 383 oratione

121 401 184 449 iubet
194 401 286 447 fratrem
300 399 373 447 levare
390 400 487 459 bursam,
499 418 549 463 que,
560 402 610 462 ipso
621 411 732 459 exorante,
743 417 785 463 pro
796 402 889 463 pecunia

121 464 241 512 colubrum
253 463 387 510 continebat.
420 463 510 510 Tremit
520 465 588 511 frater
599 475 621 510 et
632 475 707 525 stupet
715 475 737 510 et
748 466 821 511 nescio
832 465 888 528 quid

122 531 166 577 iam
183 528 320 591 presentiens
337 528 379 575 alia
396 546 464 592 quarn
479 529 554 588 solito,
572 530 647 576 animo
664 529 743 576 volvit.
784 529 888 575 ¹Timore

122 595 213 642 tandem
223 593 350 640 obedientie
361 604 435 640 sancte
448 594 586 642 dubietatem
602 594 692 658 abigens
708 595 781 641 cordis
797 594 887 640 bursam

47 662 86 700 Fol·
93 658 224 713 40manibus
235 659 294 721 capit
304 669 327 705 et
339 675 396 717 ecce,
407 675 496 721 serpens
508 677 554 706 non
565 660 668 706 modicus
676 660 704 706 de
713 659 780 705 bursa
787 659 886 714 exiliens,

120 723 258 786 dyabolicam
269 724 425 786 deceptionem
436 723 499 771 fratri
510 726 660 780 monstravit3
678 736 700 770 et
714 726 843 771 ait-sanctus
859 725 886 771 ad

121 804 190 834 eum:
216 788 320 842 Pecunia,
331 789 400 833 servis
418 789 462 843 dei,
479 806 493 834 o
511 788 587 846 frater,
598 789 667 833 nichil
684 789 746 835 aliud
762 799 804 846 est,
819 805 887 850 quam

120 851 232 915 dyabolus
242 860 265 897 et
276 850 368 898 coluber
379 867 511 898 venenosus.

89 999 116 1042 [F]
166 962 287 1047 Indutus
306 992 375 1036 homo
394 991 434 1036 iste
453 991 539 1035 virtute
560 1007 587 1036 ex
608 992 662 1046 alto,
679 991 729 1052 plus
750 992 813 1038 intus
834 991 887 1053 igne

119 1054 240 1115 calescebat
251 1055 336 1112 divino,
349 1070 415 1116 quam
426 1053 481 1099 foris
493 1070 601 1115 corporeo
617 1065 756 1115 tegumento.
790 1055 887 1101 Execra-

119 1118 185 1164 batur
215 1119 311 1165 vestitos
340 1117 465 1180 triplicibus
498 1128 520 1163 et
553 1118 592 1180 qui
624 1129 699 1179 preter
734 1119 886 1164 necessitatem

119 1181 225 1230 mollibus
247 1182 367 1229 utebantur
387 1182 410 1228 in
429 1181 514 1228 ordine.
554 1182 716 1230 Necessitatem
738 1199 797 1239 vero,
820 1198 886 1246 quam

119 1264 165 1294 non
183 1249 249 1303 ratio,
268 1248 307 1294 sed
325 1248 429 1308 voluptas
446 1257 550 1304 ostentat,
570 1249 659 1310 signum
680 1248 773 1294 extincti
794 1248 886 1310 spiritus

119 1312 244 1357 asserebat:
269 1312 359 1372 Spiritu,
382 1311 469 1372 inquid,
492 1311 569 1371 tepido
588 1321 610 1356 et
626 1312 765 1372 pedetentim
784 1329 796 1357 a
814 1312 887 1372 gratia

119 1375 259 1438 frigescente,
270 1391 358 1420 necesse
375 1384 416 1430 est,
428 1390 516 1420 carnem
532 1384 555 1420 et
573 1375 704 1437 sanguinem
722 1391 765 1439 que
781 1391 820 1420 sua
833 1384 886 1420 sunt

120 1456 219 1504 querere.
264 1439 328 1491 Quid
350 1440 418 1494 enim,
440 1439 477 1496 ait,
499 1449 574 1494 restat,
596 1440 669 1485 anima
690 1455 737 1485 non
758 1439 887 1486 inveniente

120 1504 213 1561 delitias,
226 1504 268 1549 nisi
280 1514 306 1549 ut
317 1519 368 1549 caro
379 1513 524 1549 convertatur
535 1504 563 1549 ad
575 1506 641 1550 suas?
677 1504 708 1549 Et
719 1515 773 1549 tunc
786 1503 886 1550 animalis

120 1569 233 1631 appetitus
250 1568 385 1614 necessitatis
402 1567 523 1614 articulum
543 1565 625 1629 palliat,
645 1577 698 1615 tunc
720 1584 796 1614 sensus
815 1568 886 1614 carnis

120 1632 277 1680 conscientiam
304 1631 392 1689 format,
421 1631 590 1695 subdebatque:
627 1633 695 1678 Adsit
720 1633 784 1679 fratri
807 1643 886 1679 nostro

121 1715 173 1745 vera
184 1697 308 1753 necessitas,
320 1698 399 1760 quevis
410 1712 463 1743 eum
478 1696 602 1758 indigentia
618 1707 694 1759 tangat
706 1715 712 1754 ;
729 1699 747 1743 si
764 1697 886 1744 satisfacere

121 1774 230 1823 properat,
239 1779 333 1822 eamque
342 1779 354 1806 a
362 1779 385 1805 se
396 1760 464 1822 longe
474 1761 587 1820 repellere,
597 1762 650 1822 quid
659 1763 768 1808 mercedis
778 1762 886 1822 accipiet?

121 1826 204 1872 Incidit
222 1824 313 1888 quidam
331 1823 417 1869 occasio
434 1824 516 1879 meriti,
528 1824 567 1869 sed
583 1824 721 1886 displicuisse
732 1825 773 1869 sibi
785 1825 887 1870 studiose

121 1889 232 1955 probavit,
266 1888 321 1935 Hiis
329 1897 352 1934 et
361 1887 471 1934 similibus
479 1888 569 1950 ignotos
578 1890 745 1936 necessitatibus
754 1890 886 1953 configebat,

121 1973 172 2002 eum
183 1957 241 2017 ipsas
252 1954 362 2015 patienter
373 1969 419 2000 non
430 1952 489 1999 ferre
499 1953 567 1999 nichil
578 1954 639 2001 aliud
651 1954 687 2011 sit,
698 1972 765 2018 quam
777 1965 886 2019 egyptum

120 2031 227 2080 repetere.

169 2083 273 2145 Denique
295 2079 356 2126 nulla
377 2080 429 2126 vult
455 2081 569 2127 occasione
594 2080 670 2143 plures
692 2081 778 2127 duabus
802 2083 887 2128 tunicas

123 2147 201 2196 fratres
212 2146 300 2204 habere,
311 2160 365 2209 quas
376 2155 451 2192 tamen
463 2146 559 2192 consutis
574 2146 639 2209 petiis
655 2147 761 2193 resarcire
777 2147 887 2193 concedit.

123 2209 256 2277 Exquisitos'
280 2225 366 2273 pannos
393 2210 484 2256 horrere
510 2211 571 2257 iubet
598 2221 620 2257 et
649 2213 757 2258 contraria
782 2213 887 2259 facientes

123 2278 229 2325 acerrime
253 2292 327 2321 coram
354 2274 459 2321 omnibus
484 2275 591 2331 mordet;
622 2286 690 2340 atque
714 2287 740 2323 ut
765 2277 819 2323 tales
846 2294 888 2323 suo

123 2342 225 2401 exemplo
255 2339 411 2393 confunderet,
442 2354 508 2398 super
535 2340 633 2384 tunicam
660 2342 780 2400 propriam,
807 2342 887 2386 rudem

124 2405 211 2451 consuit
228 2419 334 2459 saccum,
358 2402 382 2447 in
399 2411 472 2447 morte
491 2402 557 2447 etiam
576 2403 713 2465 exequialem
730 2404 829 2450 tunicam
848 2403 888 2450 vili

124 2487 186 2516 sacco
213 2468 279 2531 petiit
311 2467 400 2530 operiri.
448 2466 563 2514 Fratribus
595 2477 678 2524 autem,
709 2485 765 2531 quos
798 2480 889 2532 urgeret

124 2534 247 2588 infirmitas,
270 2549 309 2578 seu
331 2531 446 2577 necessitas
467 2531 515 2588 alia,
535 2531 626 2577 mollem
647 2531 728 2578 subtus
750 2533 778 2579 ad
799 2550 887 2579 carnem

125 2600 224 2644 tunicam
235 2596 372 2656 indulgebat,
381 2596 412 2639 ita
422 2605 504 2650 tamen,
513 2596 576 2656 quod
587 2596 643 2641 foris
653 2598 677 2640 in
687 2597 772 2653 habitu,
784 2600 889 2658 asperitas

124 2672 147 2710 et
155 2661 228 2709 vilitas
239 2670 364 2707 servaretur
374 2674 380 2715 ;
397 2657 484 2705 dicebat
490 2659 550 2706 enim
560 2676 565 2705 :
588 2659 689 2706 Tantum
700 2660 772 2707 adhuc
780 2660 889 2709 laxabitur

124 2728 194 2792 rigor,
213 2724 365 2773 dominabitur
382 2733 454 2785 tepor,
473 2724 535 2788 quod
553 2723 593 2770 filii
612 2725 715 2786 pauperis
733 2726 803 2788 patris
820 2727 888 2773 etiam

124 2790 267 2840 scarulaticos
290 2800 386 2853 portare,
405 2789 479 2835 colore
498 2788 572 2836 solum
594 2800 689 2846 mutato,
711 2792 804 2839 minime
825 2809 889 2839 vere-

124 2858 218 2903 buntur.
250 2855 305 2899 Non
323 2854 371 2910 tibi,
382 2863 452 2914 pater,
463 2855 585 2898 mentimur
602 2870 630 2898 ex
646 2855 689 2899 hoc
705 2856 745 2900 filii
762 2857 833 2911 alieni,
847 2857 888 2902 sibi
