1919 3169
250 73 447 121 TRACTATUS
468 73 642 120 SECUNDUS
797 76 826 137 97

59 175 154 221 devotos
170 174 281 231 efficeret;
303 173 451 219 reverendum
470 174 530 218 enim
549 170 607 218 illud
625 173 686 218 omni
705 174 827 218 reverentia

59 256 203 302 prosequens,
235 238 390 284 membrorum
423 239 526 284 omnium
558 236 687 282 sacrifitium
719 237 825 284 offerebat

58 313 81 349 et
105 321 189 367 agnum
213 301 356 349 immolatum
383 302 495 363 recipiens,
517 299 556 346 illo
575 300 634 363 igne,
657 300 696 362 qui
718 300 740 345 in
762 300 920 363 altariFol.35*⁰

59 369 133 415 cordis
149 368 247 424 ardebat,
264 368 370 429 spiritum
387 366 522 413 immolabat.

105 434 219 495 Diligebat
235 442 352 494 propterea
362 430 467 476 franciam
479 442 505 477 ut
516 431 608 476 amicam
620 430 720 490 corporis
731 430 823 486 domini,

57 507 125 558 atque
144 498 167 542 in
186 514 211 541 ea
229 496 287 541 mori
305 504 398 557 propter
416 511 529 540 sacrorum
547 495 695 539 reverentiam
714 495 822 555 cupiebat.

57 560 137 606 Voluit
147 561 284 622 quandoque
294 560 384 604 mictere
395 558 474 603 fratres
485 575 523 618 per
534 559 648 604 mundum
659 573 711 605 cum
723 560 825 618 pretiosis

57 624 179 683 pexidibus‚
198 635 225 671 ut
244 624 382 686 ubicumque
404 622 531 669 indecenter
550 622 649 669 locatum
671 622 770 685 pretium
789 640 824 670 re-

56 682 191 750 demptionis
215 690 357 735 adverterent
373 689 460 749 optimo
482 688 627 733 reconderent
651 687 709 734 loco.
750 689 823 734 Sacer-

56 753 168 800 dotalibus
179 753 289 809 manibus,
301 753 384 816 quibus
396 753 424 799 de
441 753 524 799 christo
538 754 675 799 conficiendo
690 764 736 799 tam
748 754 824 801 divina

55 818 134 863 collata
146 820 266 863 auctoritas
277 829 316 874 est,
327 833 432 879 magnam
442 817 532 863 volebat
548 818 694 862 reverentiam
709 818 807 863 exhiberi
817 836 823 874 ;

55 881 185 945 frequenter
204 882 304 929 dicebat:
330 882 352 926 Si
371 891 446 927 sancto
466 883 600 944 cuicumque
617 882 644 927 de
661 883 709 928 celo
725 883 823 928 venienti

55 956 78 991 et
88 946 226 1008 pauperculo
236 947 301 992 alicui
312 947 420 992 sacerdoti
436 948 503 993 simul
517 964 553 992 me
569 948 708 1009 contingeret
725 948 821 1003 obviare,

55 1012 170 1073 prevenire
194 1011 280 1057 honore
306 1011 462 1074 presbyterum
489 1022 511 1057 et
538 1011 566 1056 ad
588 1028 667 1057 manus
693 1013 740 1057 eius
767 1013 821 1059 deo-

54 1074 185 1121 schulandas
198 1077 262 1121 citius
278 1091 313 1120 me
330 1075 471 1129 conferrem;
489 1077 584 1122 dicerem
601 1077 675 1121 enim:
694 1078 723 1132 O,
735 1087 822 1137 especta

55 1148 128 1184 sancte
138 1139 254 1196 Laurenti,
266 1139 318 1202 quia
334 1156 414 1185 manus
424 1139 491 1184 huius
507 1137 602 1184 verbum
619 1139 665 1185 vite
682 1149 821 1186 contrectant

55 1214 77 1249 et
94 1203 153 1249 ultra
169 1205 295 1251 humanum
311 1205 395 1267 aliquid
412 1205 533 1266 possident¹

197 1386 231 1428 De
245 1386 364 1429 devotione
377 1385 407 1426 ad
420 1387 551 1426 sanctorum
564 1385 676 1437 reliquias.
824 1401 920 1444 [ncLffiJ]

99 1477 211 1560 Divino
229 1510 300 1557 cultui
315 1527 338 1555 se
355 1510 526 1555 devotissimum
544 1509 648 1555 exhibens
665 1511 708 1556 deo
725 1511 821 1558 dilectus

53 1574 131 1631 homo,
143 1576 174 1621 nil
183 1576 245 1637 quod
257 1576 292 1622 dei
303 1586 343 1632 est,
356 1573 496 1637 relinquebat
504 1591 544 1636 per
552 1575 661 1621 incuriam
668 1576 690 1621 in
699 1577 819 1624 honorum.

55 1640 115 1686 Cum
126 1649 183 1684 esset
194 1641 255 1701 apud
266 1650 368 1684 montem
377 1639 469 1684 casalem
477 1639 500 1683 in
509 1640 622 1699 provincia
631 1640 715 1697 Messe,
724 1643 822 1701 precepit

54 1702 168 1762 fratribus
182 1714 208 1750 ut
219 1704 246 1750 de
257 1704 354 1766 quadam
366 1704 456 1749 ecclesia
467 1702 493 1749 ab
507 1702 611 1749 omnibus
623 1703 726 1750 derelicta
737 1715 821 1752 sanctas

54 1769 157 1832 reliquias
179 1770 206 1815 ad
230 1770 306 1815 locum
334 1769 432 1815 fratrum
460 1769 637 1815 reverentissime
665 1780 819 1831 asportarent3

54 1835 188 1896 gravabatur
204 1835 340 1896 pernimium
356 1833 425 1896 longo
445 1834 488 1878 iarn
507 1843 607 1894 tempore
625 1833 672 1879 illas
690 1834 765 1881 debita
782 1836 821 1882 de-

54 1899 146 1944 votione
166 1898 295 1953 fraudatas3
315 1898 353 1943 sed
372 1915 424 1944 cum
441 1908 545 1958 poscente
563 1914 627 1943 causa
644 1899 718 1958 ipsum
736 1900 766 1943 ire
784 1900 820 1945 alii

55 1972 176 2025 oporteret,
187 1963 286 2010 mandati
296 1963 365 2026 patris
375 1962 516 2008 inmemories
528 1962 565 2007 filii
577 1961 701 2008 obedientie
713 1964 819 2011 meritum

55 2029 207 2090 neglexerunt.
235 2030 279 2074 Die
288 2045 341 2073 vero
350 2029 447 2089 quadam
456 2045 508 2073 curn
517 2027 631 2073 cellebrare
640 2029 723 2074 vellent
731 2029 818 2086 fratres,

54 2104 140 2139 remota
157 2094 265 2154 syndone,
283 2103 309 2139 ut
328 2093 396 2138 moris
415 2103 456 2149 est,
472 2093 500 2138 de
519 2092 587 2149 altari,
604 2109 652 2137 ossa
670 2094 819 2155 pulcherrima

54 2167 77 2201 et
95 2158 160 2202 nimis
176 2158 300 2203 redolentia
315 2159 458 2203 invenerunt.
492 2155 646 2217 Obstupefacti
662 2168 716 2202 sunt
732 2158 818 2214 fratres,

55 2237 100 2282 que
122 2238 247 2284 numquam
266 2220 367 2267 viderant
388 2220 507 2267 intuentes.
541 2221 663 2283 Regressus
682 2222 750 2283 paulo
769 2233 820 2285 post

55 2296 143 2333 sanctus
163 2287 198 2333 dei
218 2285 335 2349 diligenter
356 2287 459 2349 exquirit,
479 2287 497 2332 si
516 2295 571 2331 esset
593 2285 655 2348 quod
675 2287 702 2333 de
721 2286 819 2351 reliquiis

55 2352 205 2409 mandaverat,
216 2351 377 2413 adimpletum:
393 2368 475 2398 verum
486 2352 584 2412 neglecte
595 2350 720 2397 obedientie
731 2354 819 2414 culpam

55 2414 134 2460 fratres
149 2415 264 2461 humiliter
281 2416 418 2471 confitentes,
430 2432 482 2460 cum
498 2432 554 2475 pena
566 2415 654 2460 veniam
671 2429 819 2473 meruerunt3

56 2489 78 2524 et
97 2479 127 2526 ait
148 2490 250 2527 sanctus:
274 2479 407 2526 Benedictus
426 2479 532 2526 dominus
553 2479 608 2525 deus
630 2496 701 2538 meus,
721 2482 761 2543 qui
780 2499 819 2544 per

55 2546 200 2607 semetipsum
217 2545 318 2607 implevit
335 2544 397 2606 quod
413 2561 454 2591 vos
468 2544 540 2590 facere
550 2544 663 2590 debuistis
698 2546 821 2593 Considera

57 2609 175 2670 diligenter
195 2610 304 2656 Francisci
323 2609 474 2665 devotionem,
493 2609 584 2655 actende
602 2608 765 2669 beneplacitum
785 2613 820 2658 dei

56 2673 112 2717 circa
139 2673 255 2735 pulverem
282 2684 385 2719 nostrum
412 2684 434 2719 et
462 2673 585 2720 obedientie
607 2683 681 2718 sancte
704 2676 820 2735 magnifica

55 2734 162 2794 laudem3
180 2754 231 2782 nam
243 2738 306 2782 cuius
317 2738 366 2783 voci
378 2753 423 2781 non
434 2740 508 2798 paruit
520 2738 595 2791 homo,
607 2736 709 2797 precibus
721 2738 820 2784 obedivit

56 2800 118 2848 deus

431 2883 447 2913 o
