1919 3169
282 77 442 124 cucurum
459 78 616 139 animun
800 92 829 138 77

66 174 189 220 vocationis
199 188 278 219 eorum
289 183 312 220 et
329 174 357 219 ad
375 173 440 236 plana
457 174 556 221 reducite
573 174 609 220 vel
626 174 716 220 invitos.
749 174 831 221 Precor

65 239 147 302 itaque,
165 249 234 301 pater,
254 256 281 285 ne
300 238 448 302 superbiores,
466 256 512 303 quo
531 239 679 302 pauperiores,
697 240 792 286 existant
810 250 832 286 et

66 315 143 350 contra
164 315 247 350 ceteros
269 305 408 359 insolescant,
428 305 456 350 ad
477 306 624 366 prelationem
643 305 694 350 illos
716 306 832 351 ascendere

66 369 194 416 nullatenus
205 369 347 431 permittatis.

115 434 168 477 Hec
178 434 295 478 beatorum
312 448 424 493 responsa.
458 434 523 483 Quid
540 434 613 478 dicitis
631 433 669 477 filii
687 435 830 478 sanctorum?

67 498 196 559 Degeneres
217 512 259 542 vos
280 496 342 541 zelus
366 505 389 541 et
410 496 494 542 invidia
515 495 603 558 probat,
626 512 667 542 nec
688 497 764 543 minus
785 496 834 543 ille-

66 561 159 624 gitimos
180 562 292 607 honorum
314 559 414 606 ambitio.
458 560 558 608 lnvicem
584 561 693 608 mordetis
714 571 737 608 et
759 577 833 608 come-

67 627 127 683 ditis,
149 643 190 672 nec
211 624 268 670 bella
290 635 312 670 et
331 626 381 671 lites
403 625 445 670 nisi
467 642 494 671 ex
516 626 700 688 concupiscentiis
721 626 833 673 oriuntur.

68 691 206 739 Colluctatio
217 689 282 737 vobis
293 690 399 737 adversus
415 690 471 736 acies
487 691 636 746 tenebrarum,
648 703 760 737 certamen
776 691 834 738 forte
840 707 878 744 Fol.
886 718 909 754 72

68 765 146 800 contra
156 755 266 800 exercitus
276 754 399 799 demonum
410 763 433 799 et
444 754 502 799 inter
510 771 551 801 vos
559 770 688 800 mucronem
698 756 835 811 convertitis,

68 819 138 866 versis
148 818 250 865 vultibus
266 818 290 863 in
306 817 504 881 propitiatorium
521 817 658 865 familiariter
675 836 697 865 se
714 820 835 881 respiciunt

69 895 142 946 patres
164 884 224 946 pleni
246 884 343 941 scientia,
363 883 402 929 filii
424 900 478 930 vero
500 884 584 931 invidia
605 883 664 946 pleni
686 901 764 947 graves
783 896 836 932 sunt

68 950 166 995 invicem
177 950 205 995 ad
216 948 346 995 videndum.
381 948 446 999 Quid
461 965 541 1010 corpus
558 948 631 1005 faciet,
643 950 661 994 si
679 966 716 995 cor
734 949 835 995 divisum

69 1013 172 1058 habuerit
184 1015 192 1058 ?
219 1013 273 1056 Sane
282 1028 321 1072 per
329 1013 459 1058 universum
470 1013 584 1058 mundum
595 1012 739 1070 fructuosius,
749 1014 836 1073 pietatis

69 1076 171 1122 doctrina
181 1075 306 1138 proficeret,
314 1076 332 1121 si
343 1075 458 1121 ministros
468 1075 531 1122 verbi
542 1075 587 1122 Dei
599 1076 710 1122 charitatis
720 1077 836 1123 vinculum

70 1141 152 1188 fortius
171 1141 287 1198 couniret;
311 1150 440 1204 suspectum
462 1158 560 1204 namque
579 1141 641 1204 quod
659 1140 781 1206 loquimur,
801 1142 837 1188 vel

70 1207 177 1253 docemus
195 1206 246 1252 hinc
265 1207 360 1252 maxime
379 1206 489 1262 redditur,
509 1223 556 1268 quo
575 1206 598 1251 in
620 1207 684 1252 nobis
701 1207 837 1253 fermentum

71 1271 186 1333 quoddam
197 1270 264 1316 hodie
275 1271 344 1331 signis
355 1269 496 1316 evidentibus
513 1271 686 1319 demonstratur.
721 1271 770 1317 Scio
785 1272 837 1317 hinc

70 1334 123 1379 inde
142 1334 224 1395 probos
243 1350 289 1379 uon
308 1351 354 1379 esse
373 1333 397 1378 in
418 1350 514 1391 causam,
534 1333 572 1379 sed
591 1333 706 1395 inprobos,
726 1352 790 1399 quos
810 1352 837 1380 ne

71 1409 158 1445 sanctos
169 1398 292 1456 inficerent,
304 1398 385 1444 merito
397 1399 509 1444 crederem
520 1399 671 1460 extirpandos,

121 1463 186 1515 Quid
197 1463 291 1510 demum
302 1464 330 1510 de
347 1464 391 1509 alta
408 1462 546 1525 sapientibus
563 1464 651 1510 dicam?
686 1464 838 1522 Humilitatis,

71 1545 117 1573 non
135 1528 260 1573 altitudinis
276 1528 313 1573 via
328 1538 402 1588 patres
418 1538 567 1587 pervenerunt
584 1528 612 1572 ad
628 1545 738 1589 regnum;
755 1529 795 1574 filii
814 1531 837 1574 in

71 1592 166 1637 circuitu
177 1591 305 1637 ambitionis
315 1590 453 1636 ambulantes
466 1592 526 1637 viam
543 1591 640 1637 civitatis
656 1592 776 1638 habitaculi
792 1610 838 1638 non

70 1657 193 1721 requirunt,
223 1656 288 1708 Quid
298 1666 374 1712 restat,
386 1655 428 1701 nisi
440 1665 466 1701 ut
478 1672 575 1720 quorum
587 1656 646 1702 viam
658 1673 704 1703 non
715 1657 837 1721 sequimur,

71 1738 111 1767 nec
130 1722 226 1784 gloriam
245 1722 423 1783 consequamur?
455 1722 522 1767 Absit
541 1739 553 1767 a
572 1721 644 1778 nobie,
662 1723 759 1768 domine.
794 1724 838 1768 Fac

71 1786 167 1832 humiles
177 1802 224 1832 esse
235 1785 356 1847 discipulos
367 1785 408 1830 sub
419 1785 459 1830 alis
473 1785 593 1831 humilium
611 1787 771 1848 magistrorum
781 1804 787 1844 ;
804 1786 838 1834 fac

71 1850 838 1912 benevolosconsanguinesspiritusetvideasfiliosfiliorumtuorum

71 1930 148 1976 pacem
159 1930 226 1976 super
236 1913 307 1959 israel.

118 2011 166 2099 Ε
169 2044 238 2099 initis,
250 2053 276 2088 ut
287 2060 353 2104 supra
363 2042 468 2098 diximus,
477 2043 659 2104 responsionibus
667 2061 785 2091 servorum
794 2046 923 2102 dei,[T-V11J]

73 2107 839 2168 multumdeutriusquesermonibusedificatus,dominushostiensis

72 2174 192 2218 immensas
203 2171 246 2216 deo
256 2170 337 2231 gratias
348 2170 403 2233 egit.
435 2169 610 2216 Discedentibus
617 2180 692 2216 autem
703 2171 763 2227 inde,
774 2173 839 2236 roga-

72 2239 107 2285 vit
118 2238 196 2283 beatus
212 2235 339 2281 dominicus
360 2245 463 2280 sanctum
480 2236 639 2281 Francischum
650 2247 676 2281 ut
686 2237 728 2282 sibi
739 2238 837 2296 cordam,

73 2320 117 2366 qua
124 2301 260 2364 cingebatur,
268 2300 398 2361 dignaretur
406 2300 534 2346 concedere.
562 2300 649 2346 Lentus
658 2302 685 2347 ad
696 2302 738 2348 hoc
749 2313 838 2349 sauctus

73 2367 227 2421 Francischus
246 2365 337 2412 tandem
359 2364 486 2411 humilitate
507 2380 610 2420 renuens,
629 2382 673 2428 qua
692 2366 729 2412 ille
750 2368 839 2414 caritate

73 2432 201 2494 deposcens,
212 2430 267 2475 vicit
277 2439 352 2474 tamen
363 2427 416 2473 felix
426 2429 520 2474 devotio
530 2428 663 2490 postulantis
679 2440 702 2474 et
713 2447 837 2477 concessam

73 2496 115 2543 sibi
127 2496 168 2544 sub
179 2494 279 2542 inferiori
290 2493 365 2540 tunica
375 2493 519 2540 devotissime
536 2493 610 2542 cinxit.
644 2494 749 2542 Tandem
760 2512 840 2544 manus

73 2562 132 2608 inter
153 2578 233 2607 manus
254 2570 369 2622 ponuntur
396 2569 418 2603 et
440 2569 518 2604 mutue
539 2561 768 2606 recommendationes
789 2563 840 2608 dul-

74 2626 160 2671 cissime
177 2626 241 2671 fiunt.
275 2623 339 2670 Dixit
357 2631 433 2668 autem
450 2633 539 2669 sanctus
557 2633 647 2669 sancto:
665 2624 759 2681 Vellem,
771 2625 839 2672 frater

74 2690 196 2748 Francisce,
208 2705 275 2736 unam
286 2688 333 2735 fieri
343 2686 475 2748 religionem
486 2698 549 2735 tuam
560 2698 582 2734 et
593 2705 665 2734 meam
676 2699 699 2736 et
715 2690 739 2737 in
750 2690 839 2738 ecclesia

74 2755 124 2815 pari,
133 2754 206 2800 forma
214 2769 255 2799 nos
263 2754 346 2800 vivere.
373 2753 473 2797 Demum
482 2768 533 2798 cum
542 2752 673 2798 adinvicem
682 2753 837 2812 discesserunt,

74 2818 131 2866 dixit
150 2827 238 2865 sanctus
260 2816 393 2864 Dominicus
415 2814 521 2879 pluribus,
543 2816 582 2881 qui
605 2825 658 2863 tunc
680 2817 785 2866 aderant:
812 2819 838 2867 In
