1919 3169
154 54 184 100 66
366 53 528 102 LEGENDA
545 53 704 103 GREGORH

153 152 297 213 componitur
304 157 320 182 ³⁵
332 151 418 196 domini
431 152 467 196 dei
485 167 575 197 nomen.
608 153 699 197 Bonum
715 168 815 215 quoque,
831 152 917 215 quod³⁵

152 213 183 260 ibi
189 224 231 273 est,
239 230 285 262 non
293 216 389 277 pertinet
397 215 424 263 ad
433 230 538 277 paganos,
548 231 621 278 neque
627 223 643 248 ³⁷
650 216 678 263 ad
689 215 775 279 aliquos
783 218 799 248 ³⁸
808 216 917 273 homines,

153 280 193 327 sed
203 280 231 328 ad
242 280 315 327 solum
328 281 405 336 deum,
416 279 481 327 cuius
494 291 528 329 est
544 297 611 328 omne
628 279 720 327 bonurn.
754 281 786 327 Et
796 282 860 345 quod
871 296 917 327 non

153 345 228 390 minus
238 354 272 390 est
283 345 447 400 admirandum,
458 361 510 390 cum
525 345 610 393 litteras
626 345 711 408 aliquas
721 345 869 401 salutationis,
880 346 917 392 vel

152 409 312 456 admonitionis
322 410 394 472 gratia
404 407 486 455 faceret
494 410 567 466 scribi,
577 426 622 456 non
631 409 755 473 patiebatur
766 426 794 455 ex
804 410 836 455 eis
846 410 915 456 deleri

151 474 250 520 litteram
260 473 365 536 aliquam,
380 483 419 519 aut
435 473 542 532 sillabam,
558 474 609 521 licet
626 475 740 537 superflua
750 491 810 536 sepe,
817 483 832 507 ³⁹
841 484 916 521 autem

152 539 307 600 incompetens
317 549 445 599 poneretur.

430 683 501 713 HOMO
519 684 639 713 INTERIOR.

199 759 221 803 O
249 774 317 820 quam
341 756 442 817 pulcher,
462 773 530 819 quam
553 757 692 817 splendidus,
714 774 782 820 quarn
804 757 917 819 gloriosus

150 820 268 884 apparebat
285 821 370 867 invite
390 821 523 877 innocentia,
543 822 567 866 in
585 821 728 883 simplicitate
745 821 873 878 verborum,
893 822 916 868 in

149 886 246 947 puritate
265 885 346 942 cordis,
363 885 386 929 in
405 884 525 931 dilectione
544 886 587 942 dei,
605 885 627 930 in
647 886 754 931 charitate
770 885 876 942 fraterna,
893 887 916 932 in

150 950 253 1013 flagranti
275 949 410 1005 obedientie,
420 958 436 982 ⁴⁰
458 950 482 995 in
504 949 610 996 concordi
638 948 753 1013 obsequio,
781 951 804 996 in
826 960 916 1013 aspectu

149 1015 264 1077 angelico!
298 1014 378 1060 Dulcis
395 1015 418 1058 in
435 1013 545 1071 moribus,
562 1024 642 1060 natura
658 1014 766 1077 placidus,
779 1014 875 1062 affabilis
892 1016 915 1061 in

148 1095 258 1135 sermone,
286 1078 482 1124 commodissimus
509 1080 531 1124 in
558 1078 705 1136 exortatione,
728 1078 870 1125 fidelissimus
892 1081 915 1126 in

148 1144 276 1201 commisso,
287 1143 398 1203 providus
414 1143 438 1187 in
449 1142 550 1199 consilio,
562 1143 585 1187 in
602 1143 695 1205 negotio
706 1143 791 1199 efficax,
803 1145 915 1205 gratiosus

149 1207 172 1252 in
186 1206 309 1263 omnibus3
344 1208 426 1252 Mente
438 1222 536 1261 serenus,
548 1207 623 1252 animo
634 1206 714 1264 dulcis,
726 1207 806 1268 spiritu
817 1207 914 1264 sobrius,

148 1270 337 1335 contemplatione
353 1286 481 1334 suspensus,
496 1270 592 1317 orationi
609 1270 713 1318 assiduus
730 1280 753 1316 et
770 1271 793 1316 in
810 1272 916 1318 omnibus

148 1336 255 1393 fervens;
296 1335 409 1383 Constans
425 1337 549 1398 proposito,
566 1337 651 1382 virtute
667 1336 758 1392 stabilis,
778 1337 850 1400 gratia
866 1354 914 1399 per-

148 1417 250 1446 severans
267 1410 289 1445 et
306 1402 330 1446 in
347 1399 453 1446 omnibus
469 1401 537 1446 idem.
578 1401 618 1446 Ad
632 1399 799 1462 indulgendum
805 1410 820 1432 ⁴¹
837 1403 915 1461 velox,

147 1465 175 1510 ad
194 1465 336 1510 irascendum
355 1464 440 1521 tardus,
459 1463 515 1508 liber
533 1464 634 1525 ingenio,
652 1465 760 1510 memoria
776 1464 914 1521 luculentus,

147 1528 235 1573 subtilis
256 1528 280 1572 in
302 1528 440 1584 disserendo,
466 1528 640 1588 circumspectus
667 1528 691 1572 in
716 1527 821 1589 eligendo
845 1539 867 1576 et
891 1531 915 1576 in

147 1593 253 1638 omnibus
264 1592 374 1654 simplex3
409 1591 505 1653 Rigidus
522 1592 545 1636 in
561 1608 591 1646 se,
608 1591 659 1652 pius
670 1591 693 1636 in
705 1590 759 1647 aliis,
772 1591 880 1639 discretus
891 1594 914 1639 in

147 1657 259 1704 omnibus.

423 1768 493 1796 HOMO
513 1768 640 1798 EXTERIOR,

195 1839 378 1887 Facundissimus
394 1838 470 1896 homo,
488 1837 544 1884 faeie
560 1837 644 1894 hilaris,
655 1836 722 1885 vultu
739 1837 855 1902 benignus,
870 1839 913 1887 im-

147 1906 221 1951 munis
236 1905 332 1966 ignavie,
343 1903 462 1948 insolentie
478 1920 563 1964 experS,
575 1912 661 1948 statura
677 1903 795 1948 mediocris
809 1906 914 1965 parvitati

146 1969 258 2016 vicinior:
283 1977 351 2028 caput
373 1966 485 2012 mediocre
504 1983 529 2011 ac
550 1965 682 2023 rotundum,
702 1965 769 2011 facies
787 1976 913 2031 utcumque

146 2033 243 2096 oblonga
254 2040 276 2078 et
287 2041 399 2094 protensa,
410 2031 496 2076 frons⁴²
506 2031 571 2092 plana
584 2040 606 2076 et
618 2046 692 2092 parva,
705 2031 829 2077 mediocres
845 2033 911 2093 oculi,

147 2098 205 2161 nigri
217 2107 239 2144 et
250 2096 369 2158 simplices,
377 2095 436 2143 fusci
447 2095 527 2155 capilli,
539 2094 655 2156 supercilia
666 2105 732 2152 recta,
743 2111 810 2141 nasus
820 2099 912 2160 equaliS,

146 2162 236 2209 subtilis
255 2171 277 2207 et
294 2171 376 2217 rectus,
393 2176 457 2207 aures
474 2169 553 2214 erecte,
570 2161 609 2207 sed
629 2175 704 2221 parve,
722 2170 824 2222 tempora
840 2161 911 2224 plana,

146 2228 222 2289 lingua
233 2225 351 2287 placabilis,
363 2227 428 2286 ignea
444 2234 467 2269 et
482 2234 553 2280 acuta,
565 2240 609 2270 vox
626 2224 752 2282 vehemenS,
763 2224 843 2283 dulcis,
854 2225 911 2274 clara

147 2301 213 2354 atque
234 2305 321 2344 sonora,
342 2289 420 2334 dentes
427 2296 443 2319 ⁴³
465 2287 585 2344 coniuncti,
604 2288 694 2349 equales
713 2298 736 2332 et
755 2287 805 2343 albi,
824 2289 911 2335 modica

146 2355 204 2403 labia
221 2365 288 2418 atque
307 2353 405 2409 subtilia,
423 2351 489 2400 barba
506 2352 577 2415 nigra,
592 2351 643 2414 pilis
659 2368 705 2398 non
722 2352 786 2415 plene
805 2368 911 2416 respersa,

147 2422 231 2468 collum
248 2418 337 2478 subtile,
349 2419 437 2465 humeri
454 2418 515 2475 recti,
526 2417 601 2465 brevia
617 2417 712 2476 brachia,
728 2428 807 2464 tenues
823 2435 908 2476 manus,

147 2486 213 2548 digiti
230 2484 301 2546 longi,
318 2500 407 2546 ungues
423 2483 535 2543 producti,
546 2498 611 2529 crura
627 2482 725 2539 subtilia,
737 2482 823 2544 parvuli
834 2484 910 2545 pedes,

185 2622 202 2647 ³⁵
211 2621 236 2656 L.
246 2619 288 2655 adds
297 2618 421 2667 gloriosissimi.
448 2619 481 2654 Os.
490 2617 534 2654 adds
542 2616 643 2666 gloriosum.
721 2615 736 2645 ὅθ
746 2615 773 2655 H.
783 2615 847 2655 omits.v

185 2673 201 2700 ³⁷
211 2671 242 2709 W.
251 2683 289 2708 nec.
392 2668 408 2698 ³⁸
418 2670 442 2706 L.
452 2668 500 2706 alios.
602 2672 618 2697 ³⁹
628 2671 661 2706 Os.
670 2668 779 2718 quandoque.

185 2727 200 2754 40
210 2725 235 2761 L.
245 2723 278 2759 and
286 2723 318 2760 W.
328 2722 430 2761 obedientia.
583 2725 599 2750 4¹
609 2720 637 2759 M.
647 2721 680 2758 and
689 2722 727 2759 Ox.
737 2720 865 2771 indulgentiam.

185 2780 200 2807 4²
210 2778 248 2814 Ox.
257 2776 319 2814 fronte.
370 2778 386 2805 43
396 2777 429 2812 Os.
437 2775 489 2818 omits
498 2774 557 2811 dentes
571 2803 574 2811 .
590 2803 594 2811 .
609 2803 613 2810 .
627 2786 707 2824 respersa.
