1919 3169
170 94 214 163 130
354 102 556 151 TRACTATUS
576 102 748 150 SECUNDUS

167 217 210 264 ego
221 202 309 265 cingam
320 200 389 247 altare
400 210 467 247 tuum
479 199 518 247 filo
529 210 642 264 argenteo,
653 217 756 265 novaque
765 204 867 265 syndone
878 203 934 251 illud

167 266 275 326 operiam,
295 276 317 310 et
335 265 431 310 candelis
450 275 521 311 totam
539 275 601 311 tuam
619 266 733 313 ecclesiam
751 268 932 331 circumcingam.

168 329 248 393 Sicque
259 339 367 392 ponentes
378 329 471 376 cadaver
481 327 506 374 in
516 327 581 387 lecto,
591 345 644 375 cum
655 345 701 375 nox
711 341 776 388 esset,
787 332 815 377 ad
826 334 934 394 sepelien-

167 394 225 443 dum
236 411 287 443 eum
299 394 359 442 diem
374 393 494 441 crastinum
510 393 659 457 expectabant.
695 395 761 442 Circa
772 413 826 442 vero
836 398 933 444 mediam

168 471 257 508 noctem
268 461 326 523 cepit
334 460 421 507 iuvenis
432 460 526 506 oscitare
536 470 566 517 et,
578 461 736 507 calescentibus
747 461 861 520 membris,
872 473 935 510 ante-

167 543 235 588 quam
255 526 393 572 illucesceret
414 525 471 582 dies,
492 535 555 571 totus
575 525 657 572 revixit
679 536 701 572 et
727 527 751 572 in
772 527 845 573 laudis
866 529 934 576 verba

165 589 276 651 prorupit.
317 588 418 650 Populus
434 588 553 634 universus
570 598 593 634 et
606 589 683 645 clerus,
697 606 776 636 sanum
792 607 845 636 eum
862 603 885 637 et
898 595 933 638 in-

165 654 277 701 columem
289 651 410 711 intuentes,
421 651 487 699 beato
498 652 616 699 Francisco
627 652 708 716 gratias
719 653 881 715 persolverunt.

217 719 244 765 ln
256 728 329 764 castro
345 717 471 772 Pomarico,
482 717 505 762 in
519 717 632 763 montanis
644 719 729 780 Apulie
744 719 826 781 posite,
838 721 895 783 patri
911 732 934 767 et

166 784 232 827 matri
249 783 314 827 unica
328 793 375 828 erat
390 781 441 836 filia,
452 781 477 826 in
489 791 566 827 tenera
579 792 637 827 etate
651 792 726 828 tenere
739 784 867 845 predilecta.
900 786 933 832 Et

165 847 274 907 quoniam
290 844 451 891 successionem
470 861 516 889 non
533 845 652 906 sperabant
668 846 734 891 aliam
751 847 879 904 affuturam
895 849 933 895 illa

166 910 238 958 totius
248 910 330 958 amoris
341 910 440 966 materia,
452 908 490 956 illa
501 907 574 955 omnis
586 926 649 957 causa
663 909 821 957 sollicitudinis
835 922 883 958 erat
893 913 931 958 cis.

166 977 282 1023 Infirmata
303 992 398 1038 namque
420 976 447 1022 ad
470 984 574 1031 mortem,
596 975 670 1036 puelle
692 986 754 1038 pater
776 987 798 1023 et
820 989 892 1025 mater
909 996 932 1025 se

165 1052 269 1088 mortuos
286 1040 427 1102 reputabant.
469 1038 556 1085 Diebus
576 1039 647 1100 igitur
664 1050 686 1086 et
703 1040 814 1098 noctibus,
831 1042 932 1089 sollicitis

165 1104 232 1150 nimis
243 1103 328 1166 vigiliis
336 1104 392 1150 circa
400 1103 474 1164 puelle
481 1104 607 1149 custodiam
615 1104 751 1161 insistentes,
758 1122 822 1150 mane
833 1108 932 1170 quodam

164 1169 226 1220 illam
242 1180 356 1216 mortuam
372 1168 515 1214 invenerunt.
548 1167 616 1213 Forte
631 1169 772 1230 surreptione
789 1171 878 1231 sompni
896 1173 932 1218 vel

165 1234 295 1298 vigiliarum
309 1233 385 1280 labore
399 1233 474 1296 aliqua
490 1231 626 1295 negligentia
640 1233 766 1282 intervenit.
800 1234 887 1281 Orbata
901 1236 932 1284 sic

164 1310 236 1346 mater
247 1298 308 1346 dulci
319 1297 383 1361 prole
393 1314 476 1361 speque
489 1297 560 1359 prolis
574 1298 660 1353 amissa,
670 1298 762 1346 videtur
772 1309 794 1344 et
805 1300 852 1362 ipsa
863 1303 928 1348 mori.

164 1363 311 1409 Conveniunt
326 1372 428 1424 parentes
442 1372 465 1406 et
478 1360 590 1406 convicini
604 1363 633 1407 ad
649 1362 723 1409 flebile
736 1362 803 1409 nimis
820 1363 898 1422 funus,
908 1377 931 1412 et

164 1427 277 1474 tumulare
296 1436 417 1488 properant
435 1425 536 1472 exanime
555 1441 644 1487 corpus.
685 1426 743 1472 lacet
760 1437 833 1473 mater
852 1428 931 1475 infelix

163 1491 313 1540 ineffabilibus
323 1490 435 1554 completa
444 1488 559 1538 doloribus
570 1499 592 1536 et
603 1490 692 1538 absorta
702 1507 823 1555 supprema
832 1493 932 1553 tristitia,

164 1560 192 1606 de
200 1559 243 1606 hiis
251 1574 297 1621 que
307 1558 366 1603 fiunt
376 1556 445 1602 nichil
456 1555 561 1602 advertit.
590 1556 685 1602 Interim
694 1567 783 1604 sanctus
793 1559 931 1618 Franciscus,

165 1638 212 1670 uno
230 1631 320 1669 tantum
338 1622 397 1667 sotio
416 1620 544 1678 comitatus,
562 1620 637 1665 visitat
658 1622 780 1667 desolatam
802 1633 824 1668 et
846 1625 931 1686 placitis

164 1687 246 1733 affatur
254 1685 387 1749 colloquiis:
405 1684 460 1730 Noli
471 1684 531 1741 flere,
539 1684 627 1746 inquid,
636 1701 687 1731 narn
695 1685 784 1731 lucerne
792 1696 830 1732 tue
841 1688 932 1750 penitus

163 1752 208 1799 iam
219 1750 316 1799 extincte
327 1749 403 1797 lumen
414 1766 463 1796 ecce
473 1748 596 1796 restituam.
625 1749 703 1812 Surgit
711 1750 820 1814 extimplo
832 1753 929 1810 mulier;

164 1828 186 1863 et
198 1835 242 1882 que
254 1816 296 1863 sibi
307 1816 393 1863 dixerat
408 1825 497 1862 sanctus
512 1814 644 1861 Franciscus
657 1813 762 1863 omnibus
777 1817 929 1878 manifestans,

163 1898 209 1926 non
220 1881 459 1943 permisit-extinctum
470 1895 551 1939 corpus
564 1879 616 1924 alibi
628 1880 747 1940 deportari.
781 1881 812 1928 Et
823 1885 930 1930 conuersa

163 1957 234 1993 mater
255 1945 283 1990 ad
305 1943 380 2000 liliam,
402 1943 517 1991 invocans·
533 1942 604 1988 sancti
626 1958 716 2000 nomen,
738 1959 787 1990 eam
809 1946 884 1992 vivam
906 1959 929 1994 et

162 2012 299 2059 incolumem
311 2008 420 2056 allevavit
451 2009 571 2070 Stuporem
578 2007 616 2071 qui
624 2007 750 2055 videntium
757 2010 824 2057 corda
834 2011 929 2074 replevit

162 2087 185 2122 et
201 2085 321 2139 parentum
337 2074 447 2138 gaudium
462 2073 604 2136 inexpertum
619 2072 682 2118 alteri
694 2072 842 2137 relinquimus
855 2078 929 2139 expri-

162 2142 279 2187 mendum.
905 2185 907 2188 .

208 2206 235 2251 ln
263 2202 336 2250 Sicilia
363 2200 574 2265 quidam-iuvenis,
600 2200 751 2247 Gerlandinus
775 2204 873 2261 nomine,
899 2207 928 2252 de

106 2311 111 2321 ,
143 2270 259 2333 roRagusia
280 2267 400 2322 oriundus,
421 2265 586 2312 vindemiarum
608 2275 708 2327 tempore
729 2266 757 2312 ad
779 2267 854 2315 vineas
875 2287 927 2317 cum

160 2332 290 2396 parentibus
306 2332 366 2378 exiit.
400 2331 449 2382 Qui
466 2346 519 2377 cum
535 2331 559 2375 in
575 2347 626 2376 vase
643 2330 735 2388 vinoun,
748 2341 774 2377 ut
789 2344 849 2379 utres
865 2351 927 2380 conr-

160 2399 239 2460 pleret,
262 2397 305 2442 sub
331 2396 436 2441 torculari
464 2411 487 2438 se
508 2394 650 2448 immicteret‚
674 2405 765 2455 repente
791 2400 928 2460 pregrandes

159 2462 252 2526 lapides,
263 2459 333 2507 motis
349 2459 372 2504 in
383 2475 406 2504 se
416 2458 532 2521 lignorum
549 2457 657 2515 struibus,
669 2474 720 2503 cum
737 2459 820 2522 quibus
831 2479 926 2508 uvarum

159 2528 245 2575 vinacia
258 2524 425 2589 premebantur,
436 2533 503 2586 caput
516 2524 565 2570 eius
581 2520 670 2569 funebri
683 2525 824 2585 percussione
836 2543 927 2590 quassa-

159 2604 221 2640 runt.
240 2591 342 2637 Festinat
359 2600 421 2652 pater
439 2589 466 2635 ad
484 2588 564 2643 filium,
583 2598 606 2633 et
620 2588 740 2650 desperans
756 2590 865 2639 obrutum
880 2610 926 2640 non

159 2657 258 2715 adiuvat,
266 2655 305 2701 sed
313 2670 366 2701 eum
373 2653 415 2699 sub
422 2668 497 2709 onere,
506 2653 564 2698 sicut
571 2652 662 2708 corruit,
670 2653 700 2698 sic
707 2654 809 2716 reliquid.
838 2658 926 2705 Accur-

159 2733 214 2770 runt
230 2721 356 2784 expeditius
373 2717 489 2776 vinitores,
506 2717 582 2781 magni
596 2716 699 2763 clamoris
709 2733 789 2766 vocem
804 2720 925 2784 lugubrem

158 2787 290 2842 audientes;
308 2795 330 2830 et
346 2793 434 2847 patrem
448 2783 556 2828 miserum
571 2783 706 2838 miserantes,
718 2785 790 2830 lilium
806 2789 926 2835 extrahunt

158 2870 171 2897 a
181 2852 252 2899 ruina.
287 2850 319 2896 Et
329 2858 438 2910 ponentes
449 2863 548 2895 seorsum
560 2847 660 2893 examine
672 2864 752 2911 corpus
762 2848 884 2900 involvunt
900 2868 924 2900 ac
