1919 3169
115 68 145 118 74
296 58 500 108 TRACTATUS
518 59 694 108 SECUNDUS

113 154 260 216 obprobrium
269 156 389 217 vilipensus
396 156 423 201 ab
430 157 547 212 omnibus;
557 158 606 203 dico
613 157 662 216 tibi,
669 160 712 205 nisi
719 158 798 204 eodem
804 157 879 211 vultu,

113 220 191 266 eadem
203 219 284 267 mentis
301 220 377 278 letitia,
389 221 469 267 eodem
486 221 608 267 sanctitatis
624 222 741 284 proposito
756 222 796 267 hec
812 220 880 267 verba

114 284 213 341 audiero,
223 283 290 333 frater
304 286 379 333 minor
395 302 441 333 non
459 303 516 334 sum.
549 287 580 333 Et
592 287 702 334 addebat:
715 288 741 334 ln
757 286 880 350 prelatione

113 365 182 407 casus,
189 351 212 396 in
220 351 285 397 laude
293 351 443 413 precipitium,
453 352 476 398 in
485 352 609 399 humilitate
620 353 697 398 subdit
709 354 781 398 anime
789 352 879 398 lucrum

113 425 153 461 est.
187 416 234 462 Cur
249 432 304 477 ergo
321 416 424 477 periculis
440 416 561 479 plusquam
577 418 645 464 lucris
661 417 810 473 accendimur,
827 433 880 463 cum

113 488 203 540 tempus
213 480 241 527 ad
253 480 385 528 lucrandum
396 482 534 544 ceperimus?
866 498 868 500 ·

12 637 138 724 [MXXIJ]et
150 630 349 732 &asseubiectione
364 643 432 683 quam
445 632 536 675 volebat
549 633 631 674 fratres
646 631 729 674 habere
742 631 772 674 acl
786 631 880 674 clericos

159 763 254 851 Ilicet
271 807 417 857 autemeam
436 797 542 845 omnibus
560 797 688 843 hominibus
706 813 781 861 pacem
800 797 881 844 habere

114 863 171 910 lilios
181 864 249 911 vellet
256 872 324 926 atque
335 863 445 910 universis
452 865 560 925 parvulus
567 880 590 909 se
598 864 696 925 prebere,
704 863 787 910 clericis
797 873 880 920 tamen,

114 929 210 974 maxime
231 927 328 974 humiles
349 927 418 975 verbo
436 945 483 974 esse
504 929 582 975 docuit
599 945 624 974 ac
646 928 737 975 miravit
760 929 879 990 exemplo-3

113 993 201 1039 dicebat
222 993 297 1038 enim:
320 993 347 1037 In
365 993 505 1039 adiutorium
527 993 659 1039 clericorum
678 993 738 1038 missi
756 1009 834 1038 sumus
852 993 880 1039 ad

112 1058 237 1103 animarum
255 1056 357 1112 salutem,
372 1066 397 1102 ut
415 1057 478 1118 quod
495 1057 518 1102 in
540 1057 584 1102 illis
602 1058 678 1102 minus
696 1057 817 1113 invenitur,
828 1073 880 1118 sup-

112 1121 200 1184 pleatur
222 1138 234 1166 a
255 1120 326 1166 nobis.
376 1121 476 1182 Recipiet
500 1121 655 1183 unusquisque
682 1121 807 1167 mercedem
834 1138 880 1166 non

112 1186 238 1234 secundum
256 1185 418 1242 auctoritatem,
436 1185 475 1232 sed
497 1185 621 1233 secundum
641 1184 746 1233 laborem.
790 1186 880 1244 Scitote,

112 1253 194 1314 inquit,
213 1252 298 1306 fratres,
320 1251 445 1297 animarum
466 1249 566 1296 fructum
587 1251 630 1296 deo
651 1251 804 1312 gratissimum
825 1267 878 1310 esse,

112 1316 237 1377 meliusque
247 1314 312 1360 illum
328 1314 434 1376 consequi
451 1331 514 1375 posse
531 1331 589 1376 pace,
602 1331 671 1376 quarn
687 1315 797 1359 discordia
816 1315 880 1360 cleri·
955 1371 957 1381 γ

112 1396 199 1426 corum.
232 1378 306 1432 Quod
324 1378 342 1423 si
362 1378 403 1440 ipsi
422 1377 516 1425 salutem
536 1379 662 1440 impediunt
680 1379 825 1440 populorum,
844 1380 880 1426 dei
955 1381 957 1440 ξ

111 1455 145 1491 est
153 1444 211 1491 ultio
222 1455 244 1492 et
255 1444 301 1506 ipse
311 1442 419 1489 retribuet
429 1444 460 1488 eis
471 1443 494 1490 in
504 1455 611 1506 tempore.
639 1442 693 1490 ldeo
703 1453 774 1490 estote
786 1442 880 1490 subiecti

111 1511 208 1572 prelatis,
220 1527 255 1566 ne,
266 1518 378 1572 quantum
394 1524 422 1554 ex
432 1508 497 1556 vobis
512 1519 553 1565 est,
564 1508 627 1555 zelus
642 1507 722 1571 aliquis
738 1519 821 1572 surgat.
856 1510 879 1555 Si

111 1575 150 1619 filii
172 1575 231 1635 pacis
251 1572 346 1629 fueritis,
368 1574 461 1627 clerum,
484 1584 506 1617 et
527 1572 639 1634 populum
660 1574 767 1618 dominus
784 1574 879 1619 domino

110 1637 257 1693 lucrabimini,
286 1636 348 1699 quod
376 1635 532 1696 acceptabilius
559 1636 643 1682 iudicat
670 1636 782 1694 dominus,
809 1653 879 1700 quam

110 1703 222 1766 populum
238 1700 320 1760 solum,
332 1701 391 1747 clero
404 1700 559 1759 scandalizato,
571 1701 656 1748 lucrari.
689 1701 779 1764 Tegite,
790 1702 878 1765 inquid,
952 1750 959 1755 ,,

110 1784 189 1814 eorum
217 1783 286 1822 casus,
308 1766 443 1827 multiplices
464 1766 566 1828 supplete
587 1765 688 1813 defectus
714 1779 737 1812 et
759 1783 811 1813 cum
837 1768 878 1812 hec
952 1794 953 1826 p

110 1832 211 1888 feceritis,
230 1831 362 1876 humiliores
377 1840 458 1875 estote.

3 1986 107 2029 n-cxqu]
185 1977 219 2018 De
233 1973 360 2016 reverentia
373 1985 442 2024 quam
456 1973 559 2015 exhibuit
572 1965 680 2025 episcopo
694 1974 807 2017 Imolensi.

158 2066 283 2153 Quodam
289 2101 390 2151 tempore
398 2091 517 2136 deveniens
527 2100 617 2138 sanctus
626 2091 770 2138 Francischus
779 2092 877 2154 ymolam

108 2158 222 2205 civitatem
234 2154 376 2218 Romagnole
390 2155 550 2216 representavit
565 2170 588 2199 se
604 2154 708 2218 episcopo
722 2165 786 2212 terre,
799 2166 877 2217 petens

108 2224 135 2271 ab
153 2240 180 2269 eo
196 2221 309 2268 licentiam
326 2219 471 2282 predicandi;
489 2219 524 2266 cui
542 2220 674 2281 episcopus;
692 2220 786 2281 Sufficit,
801 2219 876 2281 frater,

108 2288 171 2351 quod
193 2304 236 2350 ego
257 2285 371 2348 predicem
392 2283 477 2347 populo
499 2301 556 2331 meo.
605 2285 674 2331 Flexo
696 2285 766 2346 capite
786 2297 876 2333 sanctus

109 2353 255 2398 Francischus
282 2348 397 2395 humiliter
418 2349 478 2394 foras
502 2349 617 2410 egreditur
641 2365 666 2396 ac
692 2360 744 2411 post
765 2351 876 2397 modicam

108 2418 187 2462 horam
205 2413 333 2477 regreditur
352 2413 429 2467 intr03
446 2412 482 2458 cui
501 2413 634 2473 episcopus:
653 2414 717 2465 Quid
735 2415 775 2469 vis,
790 2414 876 2462 frater?

108 2481 173 2533 Quid
191 2481 273 2525 iterum
290 2476 380 2539 queris?
415 2476 448 2521 Et
464 2475 543 2521 beatus
561 2476 722 2523 Francischus:
739 2478 845 2537 Domine,
856 2480 875 2524 si

107 2546 185 2592 Frater
200 2545 272 2591 filium
288 2558 335 2588 uno
351 2540 457 2602 repulerit
472 2542 538 2600 ostiu,
550 2542 593 2588 alio
608 2540 648 2587 sibi
663 2542 819 2589 reintrandum
834 2553 874 2590 est.

107 2610 248 2657 Humilitate
261 2608 334 2655 victus
350 2606 473 2667 episcopus,
486 2606 549 2652 alacri
565 2609 634 2654 vultu
651 2608 804 2670 complexatur
821 2625 874 2656 eum

107 2684 130 2720 et
141 2675 211 2721 dicit:
228 2673 268 2717 Tu
285 2681 308 2717 et
325 2685 403 2716 omnes
420 2671 499 2716 fratres
516 2671 558 2726 tui,
570 2672 598 2717 de
612 2681 691 2727 cetero,
704 2673 727 2716 in
745 2674 874 2734 episcopatu

108 2755 160 2786 meo
170 2737 267 2803 generali
278 2752 327 2781 mea
336 2733 425 2781 licentia
434 2734 558 2796 predicetis,
568 2734 675 2798 quoniam
686 2735 748 2782 istud
760 2736 877 2784 humilitas

109 2814 183 2852 sancta
193 2801 325 2866 promeruit.
