1919 3169
248 85 411 132 LEGENDA
428 85 587 132 GREGORII
736 157 741 160 ,.
754 158 757 160 Ι
768 98 795 160 51

318 198 347 227 DE
364 189 516 230 CUNICULOm

82 255 158 302 Simile
167 255 275 319 quiddam
285 255 381 318 contigit
390 255 417 301 de
425 256 525 317 quodam
534 252 645 310 cuniculo,
654 253 716 317 quod
723 254 739 284 ⁴⁶
750 251 798 298 ani·
856 246 857 252 ¹

33 320 77 367 mal
89 320 153 365 valde
164 320 341 366 indomesticum
352 329 392 375 est,
402 336 454 364 cum
466 329 523 364 esset
535 320 559 364 in
570 320 642 364 insula
654 318 694 363 laci
705 317 797 378 perusii.

369 414 464 453 rrscrsst⁷
519 460 521 462 q

83 479 171 527 Eodem
189 480 303 542 quoquet8
319 479 408 540 pietatis
425 479 506 525 affectu
518 494 570 540 erga
581 478 652 541 pisces
669 476 798 534 ducebatur,

35 562 99 609 quoe,
118 561 169 591 cum
188 545 365 607 oportunitatem
384 543 483 600 haberet,
500 553 577 605 captos
597 543 719 606 inaquam
734 542 799 588 vivos

35 610 153 666 reiiciebat,
168 609 290 671 precipiens
307 609 338 654 eis
356 625 432 655 cavere
450 608 499 667 sibi,
513 625 541 652 ne
559 609 641 653 iterum
660 617 799 667 caperentur.

35 675 94 720 Cum
106 674 166 719 enim
177 683 279 734 tempore
290 672 388 736 quodam
400 673 423 717 in
434 672 483 718 lacu
499 672 585 718 reatino
601 672 663 717 iuxta
679 671 799 733 quemdam

35 749 125 803 portum
153 738 176 784 in
204 737 305 785 navicula
331 737 444 796 resideret,
472 737 567 801 piscator
597 736 688 800 quidam
717 736 799 799 piscem

35 821 143 867 magnum
160 805 254 866 capiens,
272 805 310 865 qui
327 803 397 865 vulgo
413 803 519 849 diciturt9
531 803 613 860 tinca,⁵⁰
623 801 688 848 illum
703 801 800 848 devotus

35 869 119 915 obtulit
130 869 156 916 ei.
191 869 238 928 Qui
250 885 302 913 eum
314 868 412 913 hilariter
423 878 445 913 et
456 868 552 929 benigne
562 867 690 928 suscipiens,
701 866 801 912 fraterno

36 934 127 980 nomine
138 933 212 995 ipsum
223 950 304 979 vocare
315 932 372 994 cepit
384 949 390 988 3
407 942 429 977 et
440 943 500 978 extra
511 930 636 977 naviculam
647 948 699 977 eum
710 931 733 976 in
744 948 800 994 aqua

35 1014 153 1058 reponens,
170 998 228 1058 cepit
251 997 347 1043 devotus
364 996 495 1043 benedicere
512 1013 595 1042 nornen
612 996 707 1050 domini,
724 996 801 1057 sicque

35 1060 164 1123 aliquandiu
186 1062 243 1106 dum
260 1061 283 1106 in
300 1060 400 1105 oratione
416 1061 549 1122 persisteret,
566 1061 640 1105 dictus
659 1059 724 1122 piscis
741 1059 802 1103 iuxta

36 1126 161 1172 naviculam
172 1124 251 1172 ludens
262 1126 285 1171 in
296 1141 352 1188 aqua
366 1141 412 1171 non
423 1124 539 1172 recedebat
550 1125 577 1171 de
588 1123 646 1183 loco,
657 1125 681 1170 in
691 1139 738 1187 quo
749 1139 801 1170 eum

36 1201 147 1254 posuerat,
165 1192 243 1246 donec,
266 1192 366 1236 oratione
388 1190 507 1252 completa,
524 1200 613 1236 sanctus
629 1190 665 1236 dei
683 1189 801 1236 recedendi

36 1257 77 1301 sibi
89 1256 201 1302 licentiam
213 1255 333 1301 exhiberet.
368 1256 403 1300 Sic
415 1256 475 1301 enim
486 1254 598 1318 gloriosus
608 1265 670 1316 pater
682 1252 802 1299 franciscus

36 1320 60 1366 in
81 1320 117 1367 via
138 1319 264 1367 obedientie
282 1318 421 1379 ambulans,⁵1
444 1320 519 1367 divine
540 1319 684 1366 subiectionis
705 1317 803 1382 perfecte

36 1385 117 1448 iugum
138 1386 273 1448 amplectens
300 1386 323 1430 in
350 1395 501 1431 creaturarum
527 1385 676 1431 obedientia⁵²
698 1400 801 1447 magnam

36 1466 111 1496 coram
124 1449 166 1496 deo
178 1451 273 1512 adeptus
285 1460 318 1495 est
330 1449 471 1511 dignitatem.

341 1560 494 1592 MIRACULUM.

85 1616 146 1662 Nam
165 1625 187 1662 et
206 1631 264 1679 aqua
282 1616 305 1662 in
326 1615 405 1662 vinum
422 1615 442 1661 ei
459 1631 565 1663 conversa
581 1624 622 1671 est,
634 1633 686 1662 curn
700 1625 802 1679 tempore

38 1682 211 1743 quodam,apud
220 1682 337 1727 heremum
345 1681 415 1727 sancti
423 1681 510 1738 urbani,
515 1681 641 1743 egritudine
648 1682 779 1743 gravissima
786 1690 801 1713 ⁵³

37 1746 155 1791 laboraret.
199 1746 236 1791 Ad
253 1747 316 1792 cuius
332 1756 425 1808 gustum
448 1756 511 1792 tanta
532 1745 638 1792 facilitate
647 1755 662 1778 a
681 1746 801 1803 convaluit,

39 1820 65 1854 ut
87 1811 191 1856 divinum
210 1810 259 1854 fore
281 1810 423 1867 miraculum,
440 1811 496 1856 sicut
513 1820 535 1855 ct
544 1817 558 1841 ⁵⁵
570 1820 624 1866 erat,
646 1810 673 1855 ab
696 1811 801 1856 omnibus

39 1876 171 1921 crederetur.
217 1875 248 1920 Et
264 1891 317 1921 vere
339 1884 436 1930 sanctus,
455 1876 491 1921 cui
513 1875 543 1919 sic
565 1875 676 1921 obediunt
696 1885 802 1930 creature,

39 1939 102 1986 cuius
119 1949 141 1986 et
158 1939 186 1986 ad
203 1949 285 1986 nutum
297 1939 320 1986 in
332 1939 413 1986 alteros
430 1956 483 1986 usus
495 1939 542 2002 ipsa
553 1950 669 1987 transeunt
686 1939 802 1987 elementa.

54 2146 87 2187 De
96 2145 249 2197 predicatione
258 2147 344 2198 ipsius¹
354 2146 414 2198 apud
424 2147 539 2200 esculum;
552 2148 697 2198 ecquomodo
707 2160 747 2199 per
756 2161 789 2202 ea,
806 2154 900 2199 [n-XXIIJ]

86 2210 130 2249 que
139 2211 208 2241 manu
218 2201 338 2251 retegere,
348 2199 508 2251 ipsodicente,
519 2201 659 2243 sanabantur
668 2201 756 2243 infirmi.

85 2306 220 2392 fflempore
236 2328 283 2387 illo,
305 2330 328 2375 in
350 2346 404 2391 quo,
426 2329 484 2376 sicut
505 2330 591 2376 dictum
614 2341 654 2386 est,
674 2331 804 2378 venerabilis

39 2404 100 2455 pater
116 2395 238 2441 franciscus
253 2393 384 2441 volucribus
400 2395 530 2456 predicavit,
552 2395 653 2442 civitates
674 2405 696 2440 et
718 2396 804 2442 castella

39 2459 147 2504 circuiens
173 2469 195 2504 et
220 2458 304 2520 ubique
331 2458 513 2505 benedictionum
535 2461 619 2505 semina
641 2476 752 2521 spargens,
775 2462 802 2506 ad

40 2522 151 2570 civitatem
171 2522 311 2569 esculanam²
328 2522 440 2585 applicuit.
478 2524 514 2589 ln>>
525 2541 568 2586 qua
588 2541 638 2570 curn
655 2525 750 2572 verbum
766 2526 802 2573 dei

77 2619 93 2646 45
102 2616 134 2653 W.
142 2629 246 2654 cunrcunus
279 2615 295 2646 4⁶
305 2617 369 2653 Lanu
379 2611 476 2666 quute
496 2619 512 2646 47
522 2618 587 2655 E.and
596 2617 662 2655 Omna
672 2630 725 2655 usca.

78 2666 94 2697 4⁸
101 2668 139 2706 Ox.
146 2670 203 2707 omits.
319 2671 353 2720 ,24⁹
361 2667 393 2706 Os.
399 2678 476 2706 vocatur.
610 2671 626 2697 5⁰
634 2670 658 2707 L.
664 2679 719 2707 tenca.

50 2729 52 2736 ”
78 2722 93 2748 51
104 2722 127 2758 L.
137 2721 171 2757 and
181 2720 214 2758 Os.
224 2721 267 2757 adds
276 2722 321 2765 etp-³
398 2723 413 2748 5²
423 2720 456 2757 Os
466 2722 522 2757 omits.
617 2723 632 2749 ⁵³
642 2722 670 2759 M.
680 2723 737 2759 omits.

37 2779 40 2798 ³
78 2772 93 2799 54
103 2771 130 2808 M.
139 2771 236 2808 felicitate.
306 2772 321 2799 ⁵5
331 2770 355 2807 L.
365 2769 471 2815 onitas

31 2831 33 2833 ’
77 2821 127 2859 1Os.
137 2822 192 2864 eius,
269 2821 430 2860 ²Os.asculanam.
