1919 3169
150 126 180 170 80
334 123 537 171 TRACTATUS
553 123 728 173 SECUNDUS

18 269 140 312 [n-oxxqu]
187 257 272 301 Contra
286 259 358 300 otium
376 259 400 299 et
414 259 502 300 otiosos
518 261 541 300 et
559 259 666 301 revelatio
683 258 727 301 sibi
744 259 806 301 facta
822 258 914 309 quando

148 315 211 353 esset
224 323 305 354 servus
319 312 355 353 dei
369 315 392 353 et
405 311 497 362 quando
511 324 562 353 non.

196 394 253 483 Gir
264 444 310 490 quo
321 427 408 474 viriste
419 429 484 489 cepit,
496 429 583 475 caducis
594 428 689 487 abiectis,
699 429 793 475 domino
803 429 915 485 coherere,

148 493 186 537 vix
207 493 343 553 porticulum
364 493 471 551 temporis
493 511 586 539 vacuam
608 493 667 539 abire
689 494 795 554 permisit.
829 495 916 539 Revera

148 572 199 602 cum
210 557 234 602 in
244 555 352 602 thesauris
368 555 455 602 domini
471 557 553 602 multas
570 558 614 602 iam
630 558 743 603 intulisset
760 557 833 619 copias
849 557 917 601 meri-

147 631 231 680 torum,
259 636 346 684 semper
373 637 453 679 novus,
481 638 567 684 semper
597 621 624 668 ad
658 623 782 684 spiritualia
813 620 918 668 exercitia

147 687 279 748 promptior.
308 687 362 731 Non
369 686 454 748 aliquid
463 686 516 733 boui
525 703 589 750 agere
595 704 687 749 gravem
696 686 792 734 ducebat
800 687 916 741 offensam,

147 768 192 798 non
201 767 288 812 semper
296 751 416 812 procedere
424 752 563 797 retrocedere
568 750 688 815 judicabat.
714 752 773 798 Cum
782 752 841 797 enim
849 751 917 797 semel

147 816 207 877 apud
224 831 286 861 senas
304 814 328 860 in
347 814 401 861 cella
420 826 526 872 maneret,
542 817 630 863 vocavit
647 817 675 863 ad
694 831 716 862 se
735 817 831 879 quadam
851 825 917 862 nocte

147 881 218 927 sotios
229 879 366 926 dormientes
376 879 451 925 dicens
461 899 465 926 :
485 881 573 943 Rogavi
589 881 714 936 dominum,
725 879 812 936 fratres,
824 890 850 926 ut
861 879 917 926 mihi

147 944 264 990 ostendere
275 944 413 1005 dignaretur,
426 944 516 1007 quando
528 961 604 991 servus
615 947 662 992 eius
672 961 723 991 sum
734 956 757 991 et
768 945 859 1008 quando
870 960 916 989 non

147 1026 231 1054 servus.
264 1009 325 1053 Nam
351 1007 440 1066 vellem,
459 1009 547 1070 inquid,
565 1009 640 1066 nichil,
658 1009 729 1056 alliud
751 1026 819 1071 quam
841 1025 918 1054 servus

148 1072 195 1116 eius
216 1072 317 1117 existere.
350 1072 400 1132 Ipse
420 1087 475 1117 vero
492 1073 664 1134 benignissimus
681 1073 786 1119 dominus
803 1089 842 1118 sua
862 1073 917 1117 mihi

149 1152 209 1183 nunc
220 1136 350 1198 dignatione
361 1136 493 1197 respondit:
512 1138 607 1183 Servum
618 1153 694 1182 meum
710 1148 765 1182 tunc
776 1147 798 1181 te
810 1152 917 1199 cognosce

60 1207 99 1245 Fol.
108 1201 263 1259 29¹⁰veraciter‚
273 1217 324 1247 cum
333 1210 408 1247 sancta
416 1200 507 1262 cogitas,
519 1200 625 1264 loqueris,
637 1202 742 1264 operaris.
776 1200 830 1248 Ideo
837 1200 917 1248 vocavi

149 1283 197 1323 vos,
219 1266 306 1322 fratres,
328 1266 436 1328 quoniam
457 1281 532 1311 coram
554 1265 618 1312 vobis
643 1267 787 1314 verecundari
814 1266 876 1323 volo,
899 1265 917 1311 si

150 1331 241 1395 quando
257 1331 338 1377 horum
354 1331 425 1377 trium
442 1330 530 1377 nullum
546 1331 647 1378 effecero.

28 1469 147 1510 [rr-cxxxiv]
207 1439 337 1498 Penitentia
350 1457 430 1497 contra
443 1454 517 1496 otiosa
529 1454 599 1496 verba
612 1454 673 1506 apud
687 1455 858 1506 portiunculam.
924 1509 926 1513 Δ

199 1543 291 1635 Elio
307 1582 410 1634 tempore
425 1571 486 1634 apud
503 1582 601 1618 sanctam
618 1573 716 1618 Mariam
733 1573 761 1619 de
777 1571 919 1634 portiuncula

152 1639 294 1685 considerans
314 1638 383 1682 homo
405 1638 449 1693 dei,
467 1637 530 1699 quod
551 1637 640 1682 lucrum
662 1638 769 1683 orationis
790 1653 830 1698 per
851 1637 919 1683 verba

153 1703 224 1748 otiosa
242 1712 294 1763 post
312 1702 437 1746 orationem
456 1702 571 1756 deflueret,
590 1712 668 1747 contra
688 1701 775 1762 lapsum
794 1701 919 1746 otiosorum

153 1766 274 1813 verborum
296 1765 340 1812 hoe
360 1764 486 1810 remedium
511 1765 630 1821 ordinavit,
651 1765 744 1811 dicens:
773 1765 920 1827 Quicumque

153 1830 223 1878 frater
233 1832 340 1886 otiosum,
352 1829 388 1875 vel
402 1829 482 1875 inutile
499 1829 592 1875 verbum
611 1830 714 1891 protulit,
725 1839 827 1876 teneatur
844 1830 919 1876 statim

154 1898 227 1944 dicere
237 1913 300 1944 suam
311 1894 399 1956 culpam
410 1906 433 1941 et
444 1911 486 1956 pro
500 1895 593 1957 singulis
603 1896 681 1941 otiosis
690 1894 758 1941 semel
774 1894 847 1942 dicere
857 1906 921 1958 pater

154 1973 236 2007 noster.
269 1961 303 2005 Sic
319 1970 392 2004 autem
409 1959 470 2016 volo,
487 1969 512 2003 ut
530 1960 549 2003 si
567 1960 615 2020 ipse
636 1961 698 2019 prius
714 1976 737 2002 se
753 1961 877 2019 culpaverit
893 1959 921 2003 de

155 2025 281 2082 commisso,
303 2023 362 2069 dicat
381 2032 443 2084 pater
465 2032 541 2068 noster
563 2038 605 2084 pro
627 2024 699 2069 anima
720 2039 766 2080 sua,
788 2023 806 2069 si
828 2022 855 2069 ab
877 2021 921 2069 alio

154 2092 216 2152 prius
231 2089 300 2135 fuerit
316 2089 457 2150 redargutus⁵
473 2087 546 2134 anime
561 2087 714 2151 redarguentis
730 2087 843 2134 attribuat.

45 2226 152 2264 [a-cxxxv1
293 2216 396 2266 Qualiter
408 2215 458 2264 ipse
469 2215 575 2257 laborans
588 2215 675 2257 otiosos
688 2215 784 2258 odiebat.

201 2300 324 2394 &epidos
334 2328 392 2375 nulli
402 2344 425 2373 se
436 2330 527 2392 negotio
537 2329 675 2376 familiariter
691 2331 825 2392 applicantes
836 2331 881 2377 cito
894 2349 921 2376 ex

155 2415 193 2444 ore
204 2397 290 2444 domini
301 2410 421 2442 evomenos
433 2394 526 2440 dicebat.
559 2395 644 2441 Nullus
661 2412 735 2440 coram
751 2413 778 2442 eo
794 2412 922 2459 comparere

156 2474 242 2523 poterat
250 2462 343 2515 otiosus,
351 2460 406 2521 quin
415 2460 513 2505 mordaci
520 2477 572 2505 eum
583 2460 652 2506 dente
660 2460 781 2522 corriperet
790 2480 797 2517 ;
809 2461 921 2523 siquidem

155 2527 203 2589 ipse
224 2525 297 2572 omnis
318 2522 460 2586 perfectionis
480 2524 597 2585 exemplar,
615 2524 755 2570 laborabatur
772 2538 794 2569 et
816 2526 921 2586 operabat

156 2589 258 2638 manibus
271 2589 324 2647 suis,
339 2586 407 2634 nichil
423 2588 553 2650 permittens
568 2588 656 2634 effluere
674 2589 702 2635 de
717 2588 796 2651 optimi
814 2589 921 2653 temporis

156 2656 224 2702 dono.
258 2654 322 2701 Dixit
339 2663 413 2698 autem
432 2653 567 2715 aliquando:
593 2654 653 2700 Volo
672 2670 756 2710 omnes,
773 2654 851 2700 fratres
869 2655 921 2712 mei,

155 2721 255 2767 laborare
277 2729 300 2764 et
321 2717 434 2763 exercitari
456 2727 479 2763 et
501 2734 546 2773 eos,
565 2718 604 2780 qui
626 2718 735 2774 nesciunt,
758 2718 842 2781 aliquas
864 2730 922 2766 artes

156 2785 275 2831 addiscere.
308 2782 340 2828 Et
358 2781 467 2827 rationem
485 2781 587 2838 reddens,
604 2791 637 2838 ut,
656 2783 743 2844 inquid,
761 2783 835 2829 minus
851 2784 921 2830 simus

156 2849 284 2896 hominibus
292 2845 395 2894 honerosi
406 2856 429 2893 et
439 2862 467 2892 ne
478 2845 501 2892 in
510 2846 557 2893 otio
565 2862 604 2908 per
613 2846 691 2893 illicita
702 2864 747 2905 cor,
758 2857 833 2899 autem
844 2847 921 2912 lingua
