1919 3169
126 154 170 199 140
308 140 508 188 TRACTATUS
528 140 701 188 SECUNDUS

123 237 163 283 hac
179 238 308 301 egritudine
324 237 434 285 liberabit.
468 239 517 292 Qui
536 255 590 286 mox
606 239 655 301 ipso
672 238 768 285 mirante
784 237 888 293 surrexit,

123 318 212 347 reversa
223 320 268 365 que
279 303 362 349 abierat
374 304 488 365 sospitate.

168 366 258 415 Mulier
269 368 365 432 quedam
376 384 416 431 per
427 385 496 415 annos
513 367 588 432 plures
598 368 621 414 in
632 366 691 414 lecto
702 366 839 413 infirmitatis
849 383 889 413 sue

125 432 244 488 decubans,
257 450 309 480 cum
322 450 344 478 se
359 434 435 497 aliquo
450 434 523 482 modo,
536 450 626 479 movere
638 449 690 478 non
706 443 788 495 posset,
801 432 889 478 abeato

124 497 243 543 Francisco
254 508 329 544 sanata
340 499 443 559 implevit
455 499 524 544 offitia
535 499 582 544 vite
593 515 641 544 sue.

173 561 264 607 Iuvenis
285 559 379 626 quidam
401 563 424 606 in
446 561 535 609 civitate
559 561 639 607 Narnii
661 576 700 623 per
722 560 799 606 decem
821 576 891 605 annos

124 626 254 690 gravissima
265 637 299 674 est
310 627 440 673 infirmitate
456 628 569 684 detentus,
581 627 612 674 ita
628 636 690 673 totus
707 627 809 673 tumidus
820 625 892 673 factus

125 691 187 754 quod
207 691 267 737 nulla
285 692 361 755 potuit
379 692 490 738 medicina
509 692 588 738 curari.
622 692 699 744 Quem
722 701 794 736 mater
816 701 891 736 sancto

125 756 243 804 Francisco
265 757 362 805 devovit
381 768 403 805 et
425 759 501 804 statim
523 757 550 804 ab
573 773 599 803 eo
624 756 722 819 suscepit
745 757 890 804 commodum

126 821 232 867 sanitatis.
541 867 542 870 ,

173 885 200 931 In
211 886 287 932 eadem
299 886 390 932 civitate
401 885 481 932 mulier
493 886 591 948 quedam
602 901 642 947 per
653 894 705 931 octo
716 900 786 931 annos
798 900 891 931 manum

125 949 204 998 habuit
220 952 371 1009 dessiccatam‚
392 952 424 997 nil
441 968 492 998 cum
510 969 535 998 ea
554 950 627 1013 operis
645 948 715 997 facere
733 950 814 996 valens.
849 949 892 996 Cui

124 1015 203 1061 heatus
222 1017 353 1063 Franciscus
372 1018 395 1061 in
412 1016 498 1063 visione
515 1016 625 1078 apparuit,
642 1025 665 1061 et
681 1032 772 1061 manum
789 1016 838 1061 eius
854 1031 892 1060 ex-

124 1080 226 1138 tendens,
238 1082 262 1126 in
273 1081 395 1127 laborando
406 1081 492 1143 relique
504 1081 631 1142 adequavit.

91 1196 133 1264 [rr]v
366 1217 400 1257 De
413 1216 532 1267 naufragis
545 1216 652 1258 liberatis-

169 1302 217 1386 In
227 1350 309 1395 magno
321 1333 388 1377 maris
399 1332 499 1392 periculo
511 1332 585 1392 positi,
598 1332 690 1394 quidam
702 1341 775 1387 naute,
789 1348 841 1377 cum
852 1349 892 1393 per

125 1397 219 1444 miliaria
237 1398 315 1444 decem
331 1413 343 1441 a
362 1405 431 1456 portu
447 1396 575 1442 Barelitano
592 1397 707 1453 distarent,
724 1395 893 1457 ingravescente

125 1462 221 1510 nimium
233 1470 370 1525 tempestate,
383 1460 428 1507 iam
447 1460 474 1508 de
489 1459 537 1507 vita
553 1459 615 1507 dubii
627 1476 718 1506 ancoras
730 1459 890 1510 submiserunt.

125 1529 212 1575 Verum
220 1528 301 1590 spiritu
308 1526 457 1588 procellarum
466 1527 521 1572 mari
532 1525 657 1572 ferventius
664 1535 810 1583 tumescente,
817 1525 894 1573 fractis

126 1592 217 1640 funibus
225 1603 248 1639 et
259 1591 342 1638 relictis
353 1590 445 1646 ancoris,
453 1591 537 1637 incerto
548 1600 571 1636 et
582 1589 679 1653 inequali
689 1607 755 1636 cursu
764 1606 803 1652 per
809 1607 893 1654 equora

125 1656 271 1720 vagabantur.
297 1655 401 1700 Tandem
413 1664 471 1699 nutu
482 1654 560 1699 divino
571 1655 627 1699 mari
638 1655 732 1714 placato,
740 1656 767 1700 ad
778 1669 894 1700 resumen-

126 1721 165 1769 das
176 1737 274 1777 ancoras,
286 1735 383 1784 quarum
399 1730 457 1765 sarta
474 1717 577 1781 superius
593 1717 718 1774 enatabant‚
730 1728 781 1766 toto
798 1735 820 1765 se
837 1736 893 1767 cona

35 1798 74 1836 For.
85 1788 186 1845 57¹⁰mine
199 1796 342 1850 paraverunt.
375 1784 500 1847 Temptant
515 1783 610 1846 proinde
624 1784 678 1830 totis
691 1783 778 1831 viribus
791 1783 892 1831 laborare

126 1869 168 1913 pro
178 1852 265 1897 ancoris
275 1850 423 1896 extrahendis.
457 1850 569 1894 Omnium
584 1860 713 1901 sanctorum
724 1849 828 1895 invocato
840 1850 893 1896 sub—

126 1916 184 1962 sidio
203 1925 225 1961 ct
243 1913 322 1961 multis
340 1912 384 1958 iam
402 1912 523 1959 sudoribus
539 1912 694 1976 liquescentes,
712 1929 751 1957 nec
768 1929 837 1960 unam
853 1930 893 1976 per

125 1990 202 2029 totum
218 1981 278 2028 diem
300 1993 412 2024 resumere
432 1987 563 2040 potuerunt.
597 1978 684 2024 Aderat
703 1988 772 2024 nauta
791 1979 889 2041 quidam,

125 2045 242 2092 Perfectus
254 2044 352 2100 nomine,
361 2043 424 2088 nullo
435 2043 498 2096 bono
506 2042 626 2103 perfectus,
636 2052 779 2104 contemptor
789 2044 893 2091 omnium

126 2128 170 2173 que
187 2110 230 2155 Dei
249 2119 320 2163 sunt;
337 2108 377 2168 qui
395 2117 470 2152 mente
486 2107 579 2153 adversa
595 2123 647 2152 cum
664 2107 774 2153 derisione
790 2108 848 2154 dixit
864 2109 892 2154 ad

126 2175 196 2219 sotios
206 2191 211 2219 :
229 2174 360 2219 Sanctorum
371 2171 474 2216 omniurn
483 2170 603 2215 invocastis
612 2170 720 2216 auxilium
727 2181 757 2225 et,
766 2181 793 2217 ut
804 2172 893 2229 videtis,

126 2237 201 2285 nullus
212 2248 246 2283 cst
257 2237 295 2300 qui
310 2244 431 2282 succurrat.
465 2234 599 2281 lnvocemus
610 2234 680 2280 istum
692 2234 840 2293 Franciscum,
853 2237 892 2299 qui

126 2303 230 2350 novellus
240 2312 273 2347 est
285 2309 380 2356 sanctus,
390 2309 416 2345 ut
427 2316 478 2345 cum
490 2316 531 2344 suo
538 2300 628 2360 caputio
636 2299 660 2344 in
671 2301 726 2346 mari
739 2317 761 2346 se
772 2312 859 2363 mergat
870 2312 893 2348 et

126 2384 215 2415 ancoras
236 2367 335 2428 perditas
357 2364 442 2411 reddat.
489 2364 610 2415 Quandam
633 2366 680 2410 auri
702 2365 790 2411 unciam
813 2367 893 2413 demus

126 2432 216 2478 ecclesie
233 2447 279 2485 sue,
296 2445 339 2491 que
356 2430 384 2473 de
401 2444 461 2474 novo
480 2429 619 2473 construitur
635 2429 771 2486 in'Ortona,
785 2431 803 2474 si
819 2431 892 2491 ipsum

127 2497 261 2544 senserimus
282 2493 417 2540 adiutorem.
458 2492 625 2539 Consenserunt
643 2492 730 2539 irrisori
751 2494 819 2540 ceteri
841 2511 892 2541 cum

126 2564 215 2618 timore,
225 2571 247 2607 et
258 2561 373 2606 irrisorem
382 2558 526 2620 obiurgantes
537 2558 684 2605 firmaverunt
695 2569 784 2606 votum.
813 2561 893 2607 Statim

126 2629 150 2673 in
161 2635 278 2672 momento
289 2624 335 2670 sine
346 2623 421 2686 aliquo
432 2623 577 2668 amminiculo
591 2633 725 2669 nataverunt
736 2640 815 2670 aneore
826 2641 892 2687 super

127 2707 203 2754 aquas,
213 2690 275 2753 quasi
286 2688 339 2734 ferri
351 2698 431 2732 natura
442 2704 505 2732 versa
515 2687 575 2732 foret
586 2687 609 2732 in
620 2688 718 2748 ligneam
728 2689 849 2736 levitatem.

174 2753 309 2817 Peregrinus
325 2752 426 2815 quidam,
443 2750 555 2797 invalidus
572 2767 664 2814 corpore
682 2768 721 2797 nec
738 2763 813 2798 mente
826 2770 892 2799 sanus

126 2830 219 2884 propter
227 2818 333 2865 frenesim
340 2833 407 2880 quam
415 2815 487 2862 fuerat
496 2832 578 2877 passus,
588 2832 639 2862 cum
647 2832 718 2862 uxore
726 2818 892 2874 naviresidens,

127 2881 540 2947 deultramarinispartibusvcniebat.
569 2880 618 2936 Qui
626 2898 685 2940 cum,
693 2882 892 2949 necdumperfecte
