1919 3169
281 212 282 215 ,
325 179 502 224 Minaeum
748 193 790 237 147

29 273 154 319 minoribus
170 290 209 335 per
225 275 376 320 internuntios
392 286 441 320 tota
453 292 477 319 se
493 275 614 321 devotione
631 276 754 320 commictit
770 286 792 320 et

29 337 160 397 suppliciter
178 337 263 399 aliquid
283 339 311 382 de
330 339 399 383 sancti
419 338 529 383 Francisci
548 336 650 400 reliquiis
667 337 709 381 fide
728 338 793 400 plena

30 400 136 464 deposcit.
170 400 274 464 Contigit
291 413 350 449 nutu
369 402 448 450 divino
467 402 633 466 aliquantulum
652 402 748 448 inveniri
765 405 793 450 de

30 467 104 524 corda,
115 483 161 530 qua
175 466 248 512 fuerat
264 478 353 512 sanctus
370 469 505 530 quandoque
521 468 655 529 precinctus.
690 468 793 530 Moxque

31 542 57 578 ut
68 547 135 592 super
146 530 260 577 dolentem
276 533 348 593 posita
364 534 431 578 corda
446 533 498 589 fuit,
510 533 584 578 omnis
595 531 690 578 facilime
705 533 794 578 solutus

30 607 63 641 est
84 593 151 640 dolor
173 598 254 640 mortis
275 612 347 651 causa,
369 607 474 642 mortuus
496 596 556 642 fetus
571 596 678 651 emissus,
700 596 795 657 pristina

30 670 111 709 sanitas
126 669 237 705 restituta.

80 725 205 771 Cuiusdam
222 725 250 771 de
262 725 343 770 Carvio
360 724 441 770 nobilis
457 724 499 771 viri
517 741 582 784 uxor,
594 725 685 771 nomine
701 725 794 780 luliana,

32 806 73 850 pro
95 788 195 834 filiorum
217 800 290 833 morte
314 806 384 834 annos
408 790 508 834 trahebat
529 789 636 850 lugubres
657 799 680 833 et
701 799 796 833 eventus

32 851 133 913 plorabat
149 852 255 896 continue
272 852 377 896 infelices.
411 852 480 897 Filius
501 868 559 915 quos
577 862 698 913 pepererat,
717 867 795 898 omnes

32 928 90 962 terra
109 927 228 977 receperat,
247 925 270 961 et
289 917 389 962 novellos
408 916 509 962 surculos
528 915 608 963 festina
627 915 701 964 fuerat
720 927 796 963 secuta

32 980 121 1030 securis.
156 982 216 1029 Cum
234 982 304 1044 igitur
320 982 368 1045 iiij⁰¹
385 982 496 1028 niensium
513 995 645 1044 conceptum
665 982 756 1029 haberet
772 984 795 1028 in

33 1057 104 1105 utero,
126 1046 177 1108 plus
199 1047 280 1092 merori
302 1064 370 1109 quam
395 1047 478 1109 gaudio
504 1047 642 1109 indulgebat,
665 1048 745 1093 timens
768 1064 795 1093 ne

32 1111 86 1156 falsa
113 1112 141 1156 de
168 1122 220 1157 ortu
246 1111 317 1156 letitia
343 1112 446 1173 sequenti
469 1110 616 1156 frustraretur
643 1113 741 1156 mestitia
767 1113 795 1157 de

33 1190 118 1221 occasu.
152 1174 211 1221 Ecce
227 1186 302 1222 autem
319 1186 383 1222 nocte
399 1176 495 1237 quadam
513 1176 633 1221 dormienti
650 1175 691 1221 sibi
714 1176 795 1222 mulier

34 1240 129 1303 quedam
168 1239 286 1302 apparebat
318 1241 341 1285 in
374 1240 481 1302 sompnis
514 1240 641 1287 formosum
675 1242 796 1302 puerulum

33 1316 122 1367 gestans
133 1305 155 1349 in
169 1306 278 1361 manibus,
290 1306 400 1368 illumque
417 1304 522 1351 letissime
538 1305 579 1351 sibi
597 1305 699 1362 offerens,
710 1304 797 1352 dicebat

34 1370 122 1415 eidem:
156 1370 246 1430 Accipe,
269 1371 367 1425 domina,
390 1385 486 1428 puerum
513 1370 588 1423 istum,
612 1386 680 1431 quem
707 1379 797 1414 sanctus

35 1432 165 1477 Franciscus
192 1433 232 1477 tibi
259 1432 401 1478 transmittit.
449 1433 481 1478 At
505 1432 549 1488 illa,
574 1433 636 1496 quasi
661 1433 738 1479 nolens
763 1449 796 1478 re-

36 1498 107 1560 cipere
129 1514 197 1560 quern
218 1498 294 1544 statim
316 1498 407 1559 perdere
430 1507 550 1558 oporteret,
570 1496 685 1543 recusabat
704 1497 891 1548 dicens:F01.60vo

37 1563 114 1612 Quare
136 1578 232 1622 puerum
255 1563 324 1607 istum
346 1562 403 1619 volo,
422 1579 490 1625 quem
508 1563 584 1607 statim
596 1573 622 1608 ut
639 1573 723 1608 ceteros
740 1564 797 1608 mori

37 1627 99 1672 scio?
133 1627 179 1672 Cui
190 1627 243 1671 illa:
260 1627 334 1683 Tolle,
352 1629 390 1683 ait,
408 1627 461 1689 quia
479 1642 547 1690 quem
565 1626 605 1672 tibi
621 1627 692 1673 mictit
708 1636 797 1673 sanctus

37 1691 174 1748 Franciscus,
185 1692 232 1738 vita
243 1693 310 1738 vivet.
345 1691 409 1737 Talia
426 1707 478 1737 cum
495 1692 552 1736 inter
564 1708 587 1736 se
598 1691 641 1736 iam
652 1692 720 1736 tertio
731 1691 798 1752 repli-

38 1765 130 1812 cassent,
153 1755 254 1802 oblatum
282 1771 379 1818 puerum
407 1755 499 1802 (lomina
525 1755 622 1818 suscepit
644 1756 667 1801 in
688 1756 798 1802 manibus.

37 1821 138 1883 Evigilat
159 1821 235 1866 statim
258 1837 270 1866 a
291 1837 387 1882 sompno
408 1830 431 1866 et
453 1821 501 1866 viro
521 1838 562 1866 suo
584 1822 660 1866 recitat
682 1822 798 1867 visionem.

38 1886 165 1931 Exilaratur
182 1896 279 1946 uterque
290 1885 373 1947 gaudio
389 1902 471 1946 magno
486 1896 509 1929 et
526 1901 567 1945 pro
582 1886 723 1945 suscipienda
737 1886 800 1945 prole

38 1949 190 2009 multiplicant
200 1959 254 1993 vota
264 1965 310 1994 sua.
347 1948 458 2008 Impletur
469 1949 566 2010 denique
580 1958 668 2009 tempus
685 1949 799 2010 pariendi;

39 2023 61 2059 et
77 2014 164 2075 peperit
180 2012 263 2058 femina
279 2012 411 2070 masculum,
424 2013 463 2075 qui
480 2013 587 2059 vitalibus
599 2013 680 2058 florens
696 2013 798 2069 entibus,

39 2089 182 2123 mortuorum
193 2077 273 2123 funera
283 2079 441 2139 compensavit,

86 2143 156 2205 Apud
173 2141 302 2188 Viterbium
319 2143 394 2204 partui
411 2142 536 2205 propinqua
552 2142 641 2200 mulier,
658 2142 727 2188 morti
746 2158 799 2203 pro-

39 2208 152 2268 pinquior,
163 2207 306 2252 visceralibus
317 2217 453 2252 tormentata
463 2207 578 2251 doloribus
587 2216 609 2250 et
618 2216 665 2250 tota
674 2207 801 2250 calamitosa

39 2269 168 2317 infortuniis
179 2271 307 2317 mulierum.
337 2271 495 2316 Consuluntur
507 2269 594 2326 medici,
605 2269 710 2316 mulieres
721 2270 801 2316 edocte

39 2347 166 2393 vocantur;
192 2337 230 2382 sed
250 2336 281 2381 nil
297 2337 471 2399 proficientibus,
489 2336 613 2399 desperatio
631 2336 679 2382 sola
696 2334 798 2382 restabat.

40 2401 132 2448 invocat
143 2402 224 2447 afflicta
232 2401 323 2447 beatum
335 2402 491 2456 Franciscum.;
504 2411 526 2446 et
537 2402 595 2445 inter
606 2401 647 2445 alia
658 2402 742 2446 festum
754 2401 801 2446 eius

41 2465 201 2510 celebraturam
228 2482 258 2522 se,
283 2466 391 2526 quamdiu
418 2466 506 2520 vixerit,
529 2463 652 2524 pollicetur.
697 2464 802 2509 Liberata

41 2527 159 2576 confestim
172 2529 253 2576 mulier
269 2539 360 2590 partum
377 2544 428 2574 cum
444 2529 527 2591 gaudio
542 2527 655 2574 terminat.
690 2528 733 2573 Sed
744 2545 802 2572 asse-

41 2603 92 2639 cuta
103 2594 165 2657 quod
177 2594 257 2651 voluit,
267 2593 406 2640 obliviscitur
419 2594 480 2656 quod
492 2592 599 2654 promisit.
629 2593 668 2638 Ad
678 2592 801 2639 lavandum

41 2658 101 2704 enim
119 2676 204 2721 pannos
221 2659 257 2705 die
274 2659 345 2704 sancti
363 2658 475 2704 Francisei
494 2659 562 2712 vadit,
574 2658 672 2703 hesterni
689 2658 738 2704 voti
756 2674 801 2703 non

41 2722 160 2770 immernor
182 2725 221 2770 sed
244 2723 401 2783 contemptrix.
434 2724 513 2768 Statim
535 2738 589 2767 vero
610 2722 676 2767 dolor
698 2722 801 2767 insolitus

41 2786 107 2833 irruit
126 2804 193 2849 super
212 2803 260 2832 eam
280 2797 302 2832 et
322 2803 378 2849 pena
400 2787 537 2831 commonita
555 2785 650 2830 domum
671 2786 801 2832 revertitur.

42 2850 84 2899 Sed
96 2863 193 2899 cessante
210 2852 295 2909 dolore,
307 2851 397 2915 quiade
409 2850 451 2897 illis
463 2862 516 2906 erat,
528 2867 571 2913 que
586 2867 625 2912 per
639 2851 718 2897 horam
729 2850 803 2897 decies

41 2915 196 2974 immutantur,
219 2918 275 2964 dum
303 2917 372 2963 cernit
394 2917 477 2962 vicinas
504 2915 609 2978 operibus
636 2917 706 2974 datas,
728 2915 802 2961 emula
