1919 3169
122 103 150 149 68
339 101 498 149 LEGENDA
514 102 669 165 ANTIQUA

121 203 189 250 Tunc
206 200 349 265 potissimum
367 198 452 247 exultat
469 198 588 263 dyabolus,
600 215 652 247 cum
670 200 780 262 gaudium
797 201 889 263 spiritus

121 285 187 313 servo
198 267 233 314 dei
250 276 324 328 potest
341 266 464 326 subripere.
497 266 618 312 Pulverem
635 275 719 326 portat,
731 282 799 327 quem
817 282 890 328 quan-

121 332 227 379 tumlibet
238 330 311 390 parvis
322 329 419 375 aditibus
430 330 564 375 conscientie
575 329 645 391 possit
656 329 750 386 iniicere,
763 332 889 393 mentisque

122 396 243 441 candorem
254 404 277 439 et
294 394 340 439 vite
358 393 494 438 munditiam
511 393 633 451 sordidare,
651 393 690 438 sed
706 393 783 448 letitia,
802 394 889 456 inquid,

122 460 231 523 spirituali
243 459 310 504 corda
326 458 434 520 replente,
446 459 469 503 in
486 475 570 504 vanum
588 457 685 504 effundit
701 473 792 520 serpens
809 457 890 505 lethale

123 540 242 572 venenum,
270 524 326 569 Non
334 533 429 584 possunt
436 523 542 569 demones
553 522 668 569 offendere
676 522 760 568 Christi
771 522 890 580 famulum,

123 591 161 634 ubi
172 606 225 633 eum
236 588 334 632 viderint
345 598 420 632 saneta
430 588 569 633 iucunditate
582 588 694 648 repletum
705 605 709 630 :
727 588 818 648 quando
835 604 890 632 vero

123 654 202 700 flebilis
213 660 253 708 est,
265 652 360 709 animus,
372 650 485 698 desolatus
496 662 518 698 et
530 667 625 707 merem,
636 649 700 696 facile
711 649 747 696 vel
757 650 890 698 absorbetur

122 718 219 775 tristitia,
230 715 266 763 vel
277 715 305 763 ad
316 716 398 779 gaudia
408 732 465 762 vana
474 716 642 763 transmittitur.
676 715 784 763 Studebat
795 717 890 778 proinde

122 794 211 830 sanctus
225 782 248 827 in
265 781 335 828 iubilo
352 781 426 827 cordis
442 798 529 843 semper
546 782 646 836 existere,
657 798 744 827 servare
761 781 890 829 unctionem

122 848 214 910 spiritus
246 846 368 908 oleumque
397 846 473 893 letitie.
519 845 631 894 Morbum
658 846 740 893 accidie
768 847 890 909 pessimum

123 928 211 958 summa
221 928 274 956 cura
283 910 376 968 vitabat,
387 911 418 956 ita
434 921 466 965 ut,
483 927 535 955 cum
551 911 587 956 vel
603 927 684 971 parum
700 912 770 956 menti
788 911 891 973 illapsum

123 976 223 1031 sentiret,
239 975 267 1021 ad
285 975 409 1019 orationem
427 974 531 1020 citissime
549 984 654 1021 curreret.
687 974 782 1021 Dicebat
799 985 891 1022 autem:

123 1042 205 1087 Servus
216 1039 251 1086 dei
263 1055 304 1101 pro
319 1039 403 1100 aliquo,
415 1049 441 1085 ut
459 1038 545 1095 assolet,
557 1038 704 1086 conturbatus
722 1039 782 1086 illico
799 1056 892 1103 surgere

124 1108 151 1153 ad
162 1106 288 1152 orationem
299 1104 366 1151 debet
377 1114 399 1149 et
410 1103 497 1149 tamdiu
509 1120 582 1149 coram
594 1120 684 1150 summo
695 1115 758 1165 patre
766 1104 892 1166 persistere,

49 1172 196 1226 Fol.64d0nec
207 1169 286 1216 reddat
303 1170 323 1214 ei
341 1169 375 1214 sui
393 1167 495 1215 salutaris
513 1168 624 1225 letitiam;
640 1170 658 1214 si
676 1169 736 1214 enim
754 1169 777 1214 in
795 1170 893 1216 mestitia

125 1234 202 1281 fecerit
218 1249 312 1290 moram,
329 1233 439 1278 adolescet
459 1232 618 1278 babillonicum
632 1233 701 1290 illud,
721 1235 783 1296 quod
801 1235 892 1280 tandem

127 1300 168 1345 nisi
179 1315 218 1361 per
230 1297 337 1360 lacrymas
353 1306 498 1360 expurgetur,
510 1313 639 1343 mansuram
656 1297 770 1360 generabit
786 1298 809 1343 in
826 1297 894 1344 corde

126 1365 260 1427 rubiginem.

75 1579 121 1622 [Q-J]
171 1534 293 1620 Diebus
305 1561 388 1626 quibus
399 1577 441 1623 pro
452 1578 505 1607 cura
516 1561 633 1607 oculorum
643 1562 702 1624 apud
712 1572 772 1608 reate
783 1562 894 1623 manebat,

126 1632 214 1679 vocavit
225 1644 297 1676 unum
309 1629 337 1675 de
348 1627 418 1684 sotiis,
426 1627 466 1690 qui
477 1625 552 1673 fuerat
560 1627 584 1671 in
592 1626 667 1672 seculo
676 1627 796 1686 citharista,
805 1628 893 1675 dicens:

125 1699 209 1755 Frater,
221 1694 261 1740 filii
278 1693 345 1739 seculi
362 1692 430 1738 huius
447 1692 523 1737 divina
540 1708 585 1737 non
602 1692 734 1754 intelligunt
750 1703 892 1741 sacramenta.

123 1763 275 1808 Instrumenta
302 1758 386 1820 quippe
413 1756 498 1802 musica
525 1756 607 1802 divinis
640 1757 754 1819 quondam
787 1758 893 1805 laudibus

122 1828 228 1887 deputata
244 1824 267 1867 in
287 1823 377 1867 aurium
397 1822 538 1880 voluptatem
557 1820 627 1865 libido
646 1822 745 1866 humana
764 1824 892 1869 convertit:

121 1891 203 1936 vellem
222 1903 283 1951 ergo,
296 1884 372 1942 frater,
384 1895 411 1930 ut
429 1893 514 1930 secreto
531 1885 644 1947 cytharam
662 1893 779 1931 mutuatus
797 1885 893 1944 afferres,

121 1973 166 2020 qua
176 1970 268 2002 versum
280 1952 400 1996 honestum
411 1948 493 1996 faciens
505 1949 569 1995 fratri
585 1950 674 2012 corpori
691 1949 809 1998 doloribus
826 1951 894 2013 pleno

121 2021 226 2067 solatium
238 2017 330 2079 aliquod
345 2017 416 2061 dares.
451 2014 495 2060 Cui
511 2016 628 2076 respondit
644 2015 729 2063 frater:
746 2016 893 2064 Verecundor

122 2102 169 2131 non
191 2082 316 2137 modicum,
335 2090 405 2140 pater,
425 2080 506 2123 timens
528 2094 555 2123 ne
577 2080 667 2125 levitate
689 2079 729 2124 hac
750 2082 893 2141 suspicentur

122 2149 224 2195 homines
246 2161 283 2191 me
304 2160 351 2190 esse
373 2152 514 2203 temptatum.
549 2142 592 2189 Cui
614 2152 717 2190 sanctus:
743 2144 894 2192 Dimittamus

122 2231 183 2277 ergo,
195 2212 270 2258 frater.
304 2210 397 2255 Bonum
409 2217 442 2253 est
453 2207 525 2253 multa
535 2207 656 2264 dimittere,
670 2224 697 2253 ne
708 2208 796 2255 ledatur
808 2210 893 2272 opinio.

169 2277 244 2325 Nocte
255 2273 365 2337 sequenti,
372 2271 479 2335 vigilante
488 2282 563 2318 sancto
574 2272 624 2318 viro
635 2283 657 2319 et
668 2272 791 2319 meditante
802 2274 830 2321 de
841 2275 893 2334 deo,

122 2355 212 2407 repente
230 2342 318 2386 insonat
336 2339 428 2400 cythara
445 2338 542 2400 quedam
560 2338 659 2384 armonie
678 2338 784 2385 mirabilis
802 2349 824 2385 et
843 2357 894 2387 sua-

122 2409 213 2454 vissime
232 2404 336 2450 melodia.
369 2403 425 2447 Non
446 2400 564 2447 videbatur
583 2401 669 2463 aliquis,
689 2403 728 2448 sed
747 2404 853 2450 transitus
872 2417 894 2452 et

123 2473 209 2519 reditus
220 2468 334 2531 cytharedi
346 2467 393 2528 ipsa
403 2466 455 2510 hinc
466 2466 519 2511 inde
530 2465 620 2511 auditus
634 2466 762 2512 volubilitas
779 2468 893 2515 innuebat.

125 2536 209 2600 Spiritu
220 2533 318 2595 denique
335 2531 358 2577 in
376 2530 445 2576 deum
463 2529 556 2588 directo,
568 2540 658 2576 tantum
676 2531 699 2576 in
717 2530 756 2577 illo
774 2532 894 2581 dulcisono

124 2602 220 2648 carmine
231 2608 319 2644 sanctus
330 2606 393 2657 pater
404 2595 513 2641 suavitate
525 2594 656 2656 perfruitur,
670 2605 696 2641 ut
710 2595 771 2643 aliud
789 2614 812 2642 se
829 2609 894 2660 putet

124 2665 227 2711 seculum
238 2671 393 2707 commutasse.

174 2730 244 2775 Mane
255 2741 350 2787 surgens
361 2732 451 2768 sanctus
462 2733 528 2768 vocat
536 2722 628 2768 fratrem
638 2722 763 2784 predictum
772 2734 794 2769 et
803 2742 894 2772 narrans

127 2797 147 2842 ei
158 2802 239 2841 cuncta
256 2807 295 2854 per
312 2788 416 2836 ordinem
434 2786 549 2834 subdidit:
573 2788 695 2843 Dominus,
713 2789 752 2852 qui
765 2791 895 2837 consolatur

129 2861 229 2917 afflictos,
241 2871 366 2920 numquam
378 2853 471 2899 mesine
483 2853 634 2902 consolatione
645 2853 735 2901 dimisit.
765 2855 824 2916 Ecce
834 2857 894 2903 enim
