1919 3169
242 102 440 151 TRACTATUS
457 103 632 175 SECUNDUS
786 117 815 162 29

54 208 77 253 in
89 221 132 268 qua
144 203 222 250 beatus
234 202 252 248 F
253 200 363 249 ranciscus
375 197 451 246 orabat
462 200 572 246 accedere.
607 199 677 245 Cuius
694 198 817 245 adventum

55 268 121 317 simul
133 278 154 315 et
165 264 266 314 animum
277 266 312 313 vir
323 265 359 313 dei
371 280 506 328 cognoscens
518 264 537 311 ei
554 263 649 328 benigne
666 263 693 310 ad
705 273 818 310 sevocato

56 336 87 382 sic
103 334 140 380 ait.
174 333 268 379 Nullius
284 342 307 378 te
323 331 392 376 timor
407 329 435 375 de
451 340 524 376 cetero
541 329 602 376 nulla
618 340 640 376 te
657 329 688 375 tili
700 327 819 376 conturbet

56 398 174 459 temptatio
182 398 289 461 quoniam
301 393 422 442 karissimis
433 394 488 440 mihi
499 411 522 440 es
533 405 555 441 et
567 396 624 440 inter
633 394 737 455 precipue
746 395 819 448 karos,

56 462 143 524 speciali
155 461 250 506 karitate
260 470 283 505 te
294 459 371 519 diligo.
404 458 498 503 Securus
509 458 537 503 ad
548 473 584 502 me
597 473 650 503 cum
661 456 701 503 tibi
713 455 821 520 placuerit

56 526 133 573 venias
149 535 172 570 et
182 542 195 571 a
205 541 242 570 me
253 523 321 569 libere
332 539 374 585 pro
385 532 425 568 tua
435 522 552 568 voluntate
563 523 659 568 recedas.
693 522 821 584 Obstupuit

58 609 103 637 non
120 589 236 636 modicum
252 599 274 635 et
290 589 372 634 letatus
389 598 422 632 est
433 586 470 633 ille
481 586 548 633 frater
560 589 583 635 in
595 587 736 634 sermonibus
752 588 822 632 sancti

58 656 142 720 patris3
159 664 184 700 et
195 655 306 715 deinceps,
316 653 343 699 de
355 652 424 715 ipsius
435 651 554 699 dilectione
566 668 658 699 securus
669 652 739 699 crevit
755 651 822 697 etiam

59 722 116 766 sicut
127 718 252 765 crediderat
262 719 286 763 in
297 717 371 779 gratia
381 717 505 762 salvatoris.

100 871 134 913 De
156 869 246 912 duobus
263 869 377 921 fratribus,
392 881 455 921 quos,
470 870 551 911 exiens
573 870 602 912 de
624 869 680 913 cella
699 869 934 925 benedicitur-xm]

61 935 157 976 quorum
170 923 308 965 desiderium
322 934 362 973 per
375 923 480 973 spiritum
493 922 605 974 cognovit.

107 1017 190 1097 fflox
211 1055 257 1091 erat
278 1054 355 1091 sancto
382 1043 489 1092 francisco
510 1044 624 1108 integrum
649 1045 709 1091 diem
730 1044 829 1091 solitaria

63 1113 85 1158 in
108 1110 162 1157 cella
183 1109 311 1173 transigere,
335 1125 375 1155 nec
396 1109 424 1155 ad
448 1109 526 1156 fratres
549 1109 638 1166 reverti,
664 1109 705 1156 nisi
724 1109 827 1156 sumendi

63 1176 105 1223 cibi
135 1175 252 1222 necessitas
279 1185 417 1238 perurgeret.
461 1175 515 1221 Non
542 1185 617 1220 tamen
647 1175 739 1238 signatis
768 1175 828 1220 horis

64 1252 181 1288 cenaturus
193 1257 215 1286 se
230 1238 310 1296 exibet,
322 1240 429 1302 quoniam
446 1240 533 1285 edacior
549 1240 743 1300 contemplationis
759 1239 829 1284 fames

64 1314 139 1351 totum
156 1304 198 1350 sibi
214 1303 355 1366 frequentius
371 1303 507 1350 vendicabat.
542 1303 644 1366 Contigit
663 1313 740 1350 autem
757 1319 830 1367 quan-

65 1370 139 1434 doque
166 1369 194 1415 ad
221 1369 297 1414 locum
322 1368 349 1414 de
373 1369 451 1431 gregio
475 1369 534 1414 duos
560 1367 646 1427 fratres,
668 1369 711 1416 deo
738 1368 829 1432 dignam

66 1435 256 1482 conversationem
289 1432 400 1491 habentes
434 1450 446 1480 a
477 1434 569 1480 remotis
597 1435 688 1480 venire:
725 1434 830 1480 veniendi

66 1509 140 1545 autem
159 1499 216 1543 ratio
235 1507 283 1543 tota
304 1497 381 1544 videre
402 1508 521 1554 sanctum3
540 1509 562 1543 et
585 1497 763 1544 benedictionem
782 1498 830 1543 eius

68 1564 107 1608 diu
118 1572 217 1623 optatam
228 1561 331 1622 recipere.
366 1562 486 1607 Venientes
500 1562 570 1623 igitur
584 1572 607 1607 et
620 1578 667 1608 non
684 1562 830 1618 invenientes,

68 1627 174 1689 quoniam
191 1626 298 1688 dupplico
315 1626 359 1671 iam
376 1626 403 1670 ad
423 1624 499 1671 cellam
517 1626 617 1682 redierat,
637 1626 761 1671 contristati
778 1637 831 1672 sunt

68 1692 125 1736 miro
148 1692 233 1748 modo3
255 1699 277 1735 et
299 1691 405 1754 quoniam
427 1690 500 1736 exitus
522 1691 606 1738 dubius
624 1692 715 1754 longam
737 1690 833 1738 dictabat

69 1771 161 1812 moram,
174 1755 220 1801 suis
231 1755 316 1801 meritis
326 1755 369 1801 hoc
379 1755 519 1812 ascribentes,
532 1755 623 1802 desolati
634 1756 748 1801 recedunt.

0 1863 2 1868 ,
116 1819 308 1883 Prosequentibus
323 1831 398 1866 autem
414 1820 458 1865 illis
468 1821 531 1865 sotiis
542 1821 600 1866 beati
618 1821 726 1866 Francisci
742 1830 764 1866 et
779 1836 834 1865 con-

69 1884 191 1928 solantibus
205 1883 322 1941 desolatos‚
335 1900 387 1928 cum
398 1884 442 1928 iam
453 1901 466 1929 a
478 1884 529 1929 loco
546 1884 608 1947 quasi
625 1884 685 1930 iactu
702 1884 781 1945 lapidis
795 1883 834 1929 ab·

1 1943 5 1995 i
71 1948 201 2005 scessissent‚
219 1958 310 2010 repente
327 1957 378 2011 post
395 1964 433 1995 eos
450 1959 537 1995 sanctus
554 1948 657 1995 inclamat
678 1948 777 2013 dicitque
794 1948 834 1995 uni

2 2006 5 2064 ζ
71 2013 98 2059 de
117 2014 194 2060 sotiis:
236 2014 280 2059 Dic
300 2013 407 2059 fratribus
428 2014 489 2069 meis,
511 2014 548 2076 qui
571 2014 750 2070 huc'venerunt
772 2014 835 2076 quod

71 2078 189 2139 respiciant
199 2079 227 2124 ad
238 2094 280 2125 me.
315 2078 422 2140 Cumque
435 2078 488 2124 dicti
503 2077 580 2124 fratres
596 2088 710 2124 verterent
726 2078 792 2124 facies
808 2079 836 2124 ad

1 2140 7 2173 l
72 2140 143 2198 illum,
156 2143 226 2187 crucis
237 2158 275 2187 eos
287 2142 351 2204 signo
364 2141 461 2204 signavit
477 2152 499 2187 et
517 2141 697 2188 affectuosissime
716 2141 834 2190 benedixit.

72 2205 105 2250 At
120 2206 152 2251 illi
169 2216 232 2252 tanto
247 2207 336 2253 letiores
353 2207 433 2262 effecti,
451 2216 537 2268 quanto
553 2216 575 2253 et
591 2207 733 2268 propositum
749 2216 772 2252 et
786 2207 836 2253 vin-

1 2287 8 2342 33}
74 2269 150 2316 culum
161 2269 238 2317 utilius
245 2271 364 2327 consecuti,
373 2271 455 2319 reversi
463 2281 522 2329 sunt,
530 2270 646 2319 laudantes
653 2282 675 2318 et
684 2270 838 2320 benedicentes

2 2354 9 2391 ir
74 2335 199 2382 dominum.

114 2461 148 2501 De
157 2461 251 2504 aviculis
264 2462 293 2504 ab
306 2461 357 2511 ipso
370 2461 469 2514 nutritis,
479 2472 575 2513 quorum
589 2473 649 2504 unus
663 2464 755 2515 propter
768 2464 944 2518 avari-[xxxxv]

75 2512 130 2555 tiam
139 2517 235 2557 mortem
244 2514 345 2557 incurrit.

122 2604 242 2693 Sedebat
272 2637 300 2684 ad
330 2653 429 2684 mensam
459 2639 496 2685 die
526 2638 623 2701 quadam
652 2654 705 2684 cum
735 2639 842 2686 fratribus

77 2699 155 2746 beatus
188 2702 352 2756 Francischus;
388 2701 472 2747 avicule
504 2704 600 2765 quedam
632 2718 678 2748 mas
707 2712 731 2749 et
760 2704 844 2750 femina

78 2764 187 2821 veniunt3
215 2777 237 2812 et
264 2782 376 2813 novorum
403 2767 533 2812 educatione
561 2777 666 2812 natorum
693 2767 792 2826 sollicite,
815 2768 843 2813 de

79 2842 154 2876 mensa
170 2830 238 2878 sancti
254 2830 356 2897 quotidie
372 2830 439 2877 micas
455 2848 496 2895 pro
512 2842 568 2879 voto
584 2831 715 2896 suscipiunt.
749 2833 843 2882 Exultat
