1919 3169
148 60 179 118 46
338 59 539 107 TRACTATUS
556 58 728 105 SECUNDUS

150 155 252 200 infirmus
263 155 325 200 venit
338 155 366 199 ad
379 156 471 208 locum;
489 156 551 200 cuius
567 154 651 215 duplex
667 154 837 199 incommodum
853 154 919 198 mise—

149 228 216 274 ratus,
238 218 337 279 inopiam
358 218 440 263 scilicet
458 228 480 264 et
502 219 640 281 languorem,
660 218 718 280 cepit
739 234 791 264 cum
813 218 871 262 sotio
890 216 919 262 de

150 293 281 347 paupertate
302 280 382 329 habere
404 298 536 340 sermonem,
556 298 652 346 cumque
671 283 764 344 patienti
783 281 919 345 compatiens

151 350 195 395 iam
212 350 236 395 in
253 347 359 394 affectum
378 347 452 394 cordis
468 347 529 394 illius
546 348 667 404 transisset,
685 347 741 394 dixit
761 348 830 393 sotius
848 348 919 393 sancti

151 414 180 458 ad
196 429 265 457 eum:
291 413 400 465 Fratrem,
416 428 496 458 verum
516 423 550 458 est
571 414 645 472 ipsum
670 428 790 472 pauperem
811 428 864 469 esse,
881 412 920 456 sed

151 476 247 523 forsitan
268 475 291 521 in
312 485 362 522 tota
382 476 494 537 provintia
516 491 561 522 non
582 485 616 522 est
637 474 705 521 ditior
724 476 846 523 voluntate,
881 475 919 519 In-

152 551 227 604 crepat
255 556 307 585 eum
337 539 396 587 illico
422 551 511 587 sanctus
534 550 556 586 et
581 541 669 602 culpam
691 541 772 587 dicenti
793 541 824 586 sic
845 539 918 587 dixit:

153 606 242 652 Festina
266 604 311 651 cito
335 615 357 651 et
381 621 437 650 exue
459 616 483 650 te
506 605 604 651 tunicam
631 615 693 650 tuam
717 616 740 651 et
765 605 792 650 ad
817 605 919 666 pauperis

152 671 220 731 pedes
236 669 355 730 proiectus,
367 669 499 730 culpabilem
513 680 536 714 te
550 669 680 729 proclamat,
691 686 730 715 nec
744 670 818 714 solum
830 669 919 715 veniam

152 749 235 794 poscas,
246 733 324 790 immo,
336 732 382 778 eius
395 733 520 778 orationem
536 732 636 796 efflagita.
671 733 750 778 Paruit
763 742 785 777 et
796 733 845 786 ivit,
857 733 921 776 satis-

152 797 206 845 fecit
224 807 247 844 et
262 796 345 854 rediit;
362 796 398 843 cui
414 797 471 844 dixit
487 807 591 843 sanctus:
609 797 668 842 Cum
684 813 805 859 pauperem
823 796 891 853 vides,
905 813 920 842 o

153 862 229 920 frater,
240 862 354 923 speculum
365 862 405 908 tibi
417 862 509 924 ponitur
522 862 607 908 domini
618 873 640 909 et
651 863 755 924 pauperis
767 863 844 908 matris
856 863 919 917 eius;

154 929 177 974 in
193 927 287 973 infirmis
303 926 404 972 similiter
420 927 568 983 infirmitates,
584 943 638 990 quas
654 943 696 989 pro
713 925 777 973 nobis
792 927 920 988 assumpsit,

154 991 275 1039 considera.

41 1122 151 1167 [ts-LXVIIJ]
281 1119 316 1161 De
328 1118 437 1161 mantello
450 1118 527 1161 vetule
540 1118 596 1160 date
609 1120 671 1170 apud
684 1118 795 1161 celarium.

65 1230 152 1268 Fol.16¹⁰
201 1195 328 1289 oHoeldlt
346 1228 406 1289 apud
424 1228 533 1273 Celanum
549 1237 651 1288 tempore
668 1228 772 1289 hyemali,
789 1237 816 1273 ut
833 1239 921 1275 sanctus

156 1291 301 1339 Francischus
318 1307 417 1353 pannum
434 1291 458 1337 in
475 1291 569 1337 modurn
585 1291 686 1337 mantelli
702 1291 792 1337 haberet
806 1292 922 1354 plicatum,

156 1373 223 1421 quem
233 1356 375 1419 Tyburtinus
387 1356 484 1420 quidam,
492 1355 587 1403 fratrum
598 1357 690 1414 amicus,
697 1358 878 1403 commodaverat
888 1359 921 1415 ei;

155 1433 240 1468 etcum
252 1432 308 1466 esset
319 1422 342 1466 in
353 1422 437 1483 palatio
450 1422 547 1483 episcopi
564 1422 687 1480 marsicani,
696 1423 794 1469 occurrit
811 1424 831 1468 ei
847 1424 923 1470 vetula

156 1486 253 1548 quedam
271 1485 449 1546 heleemosynam
465 1496 549 1547 petens.
596 1485 722 1530 Confestim
738 1502 838 1547 pannum
855 1488 923 1532 solvit

156 1568 168 1595 a
193 1549 250 1596 collo
273 1560 295 1596 et
319 1550 372 1597 licet
396 1549 503 1606 alienum,
523 1549 598 1596 vetule
623 1551 714 1612 pauperi
737 1550 806 1596 donat
828 1551 921 1598 dicens:

156 1615 227 1671 Vade,
239 1614 273 1660 fac
284 1614 324 1660 tibi
336 1615 440 1671 tunicam,
452 1615 560 1677 quoniam
573 1614 626 1660 satis
638 1632 696 1678 eges.
737 1616 830 1662 Arridet
846 1617 923 1663 vetula

156 1690 178 1726 et
197 1679 328 1742 stupefacta,
350 1681 423 1726 nescio
442 1680 523 1725 timore
542 1696 569 1725 an
591 1680 681 1741 gaudio,
701 1697 800 1742 pannum
822 1681 892 1726 sumit
911 1698 923 1726 e

156 1743 265 1799 manibuS,
277 1744 347 1789 currit
364 1743 463 1788 velocius
482 1754 504 1789 et
521 1761 549 1787 ne
565 1760 628 1787 mora
644 1744 769 1804 periculum
784 1746 923 1805 repetitionis

156 1808 236 1863 trahat,
249 1806 381 1853 forciscibus
396 1807 484 1853 subicit.
518 1808 578 1854 Cum
595 1816 670 1854 autem
685 1809 796 1854 inveniret
812 1808 923 1869 precisum

156 1888 255 1936 pannum
272 1888 318 1918 non
331 1872 430 1918 sufficere
441 1871 524 1929 tunice,
536 1871 650 1934 propriam
661 1872 823 1935 benignitatem
834 1883 923 1936 experta

156 1940 215 1985 redit
236 1939 263 1984 ad
285 1948 395 1996 sanctum,
418 1938 516 1984 indicans
537 1938 560 1983 in
585 1955 659 1999 panno
685 1937 804 1986 defectum.
848 1939 924 1985 Vertit

157 2012 247 2049 sanctus
263 2003 290 2049 ad
307 2002 390 2048 sotium
407 2002 491 2059 oculos,
504 2001 543 2065 qui
557 2002 697 2048 tandundem
708 2003 775 2064 panni
789 2003 879 2066 gerebat
896 2004 923 2050 ad

157 2067 249 2113 dorsum
262 2084 267 2113 :
287 2066 369 2122 Audis,
381 2067 469 2129 inquid,
482 2066 558 2122 frater,
570 2067 625 2129 quid
642 2067 682 2112 hec
698 2067 833 2129 paupercula
846 2069 924 2115 dedit?

157 2134 243 2180 Amore
254 2131 290 2178 dei
304 2131 424 2178 toleremus
440 2131 538 2194 algorem
556 2141 578 2178 et
595 2132 729 2194 paupercule
740 2133 768 2180 da
778 2149 885 2195 pannum,
897 2143 924 2180 ut

156 2198 257 2244 tunicam
268 2198 386 2258 compleat.
414 2198 514 2243 Dederat
522 2197 576 2258 ipse,
584 2197 653 2243 donat
664 2208 686 2244 et
697 2198 781 2254 sotius3
796 2208 818 2244 et
829 2208 924 2262 uterque

158 2263 231 2308 nudus
242 2272 348 2317 remanet,
359 2272 385 2306 ut
396 2263 472 2307 vetula
482 2261 597 2309 vestiatur.

64 2403 152 2448 [amm]
258 2387 292 2430 De
305 2386 350 2429 alio
364 2398 463 2440 paupere
476 2387 513 2429 cui
526 2388 595 2430 alium
609 2388 742 2431 mantellum
755 2388 824 2432 dedit·

206 2465 296 2555 ,Hlio
312 2509 420 2559 tempore,
436 2514 487 2544 cum
507 2509 654 2545 reverteretur
675 2499 703 2545 de
719 2499 789 2559 Senis,
805 2516 925 2562 pauperem

160 2565 280 2628 quemdam
296 2562 390 2608 obvium
406 2561 483 2608 habuit
499 2563 599 2626 dixitque
614 2563 673 2608 sotio
689 2573 795 2610 sanctus:
819 2565 924 2627 Oportet,

159 2629 236 2687 frater,
245 2639 271 2677 ut
282 2627 403 2675 reddamus
413 2626 545 2673 mantellum
557 2627 699 2691 pauperculo,
708 2627 771 2675 cuius
781 2638 829 2685 est,
844 2639 925 2676 mutuo

159 2695 284 2758 accepimus
311 2694 392 2754 ipsum,
422 2692 493 2740 donec
522 2695 676 2755 pauperiorem
704 2695 805 2740 invenire
838 2695 925 2740 contin-

159 2771 229 2824 geret.
255 2758 329 2805 Sotius
341 2756 481 2803 considerans
491 2757 522 2820 pii
533 2758 603 2820 patris
613 2758 773 2816 necessitatem,
784 2759 924 2820 pertinaciter
