<?xml version="1.0" encoding="UTF-8"?>
<!DOCTYPE html PUBLIC "-//W3C//DTD XHTML 1.0 Transitional//EN"
    "http://www.w3.org/TR/xhtml1/DTD/xhtml1-transitional.dtd">
<html xmlns="http://www.w3.org/1999/xhtml" xml:lang="en" lang="en">
 <head>
  <title>
</title>
<meta http-equiv="Content-Type" content="text/html;charset=utf-8" />
  <meta name='ocr-system' content='tesseract 3.04.00' />
  <meta name='ocr-capabilities' content='ocr_page ocr_carea ocr_par ocr_line ocrx_word'/>
</head>
<body>
  <div class='ocr_page' id='page_1' title='image "./MN5146ucmf_4_0343.png"; bbox 0 0 1919 3169; ppageno 0'>
   <div class='ocr_carea' id='block_1_1' title="bbox 258 77 831 138">
    <p class='ocr_par' dir='ltr' id='par_1_1' title="bbox 258 77 831 138">
     <span class='ocr_line' id='line_1_1' title="bbox 258 77 831 138; baseline 0.002 -16"><span class='ocrx_word' id='word_1_1' title='bbox 258 77 457 124; x_wconf 82' lang='lat' dir='ltr'><strong>TRACTATUS</strong></span> <span class='ocrx_word' id='word_1_2' title='bbox 477 77 650 124; x_wconf 88' lang='lat' dir='ltr'>SECUNDUS</span> <span class='ocrx_word' id='word_1_3' title='bbox 803 79 831 138; x_wconf 77' lang='lat'>65</span> 
     </span>
    </p>
   </div>
   <div class='ocr_carea' id='block_1_2' title="bbox 66 173 844 1186">
    <p class='ocr_par' dir='ltr' id='par_1_2' title="bbox 66 173 844 1186">
     <span class='ocr_line' id='line_1_2' title="bbox 67 173 831 237; baseline -0.001 -17"><span class='ocrx_word' id='word_1_4' title='bbox 67 190 148 236; x_wconf 85' lang='lat' dir='ltr'>magna</span> <span class='ocrx_word' id='word_1_5' title='bbox 165 174 235 219; x_wconf 89' lang='lat' dir='ltr'>carnis</span> <span class='ocrx_word' id='word_1_6' title='bbox 254 173 399 220; x_wconf 80' lang='lat' dir='ltr'>tribulatione</span> <span class='ocrx_word' id='word_1_7' title='bbox 417 174 518 233; x_wconf 83' lang='lat' dir='ltr'>afflictus,</span> <span class='ocrx_word' id='word_1_8' title='bbox 529 174 591 237; x_wconf 80' lang='lat' dir='ltr'>quasi</span> <span class='ocrx_word' id='word_1_9' title='bbox 607 173 764 235; x_wconf 83' lang='lat' dir='ltr'>desperationis</span> <span class='ocrx_word' id='word_1_10' title='bbox 781 189 831 234; x_wconf 93' lang='lat' dir='ltr'>pro-</span> 
     </span>
     <span class='ocr_line' id='line_1_3' title="bbox 66 237 830 300; baseline -0.004 -15"><span class='ocrx_word' id='word_1_11' title='bbox 66 238 139 285; x_wconf 84' lang='lat' dir='ltr'>fundo</span> <span class='ocrx_word' id='word_1_12' title='bbox 156 238 274 284; x_wconf 87' lang='lat' dir='ltr'>videbatur</span> <span class='ocrx_word' id='word_1_13' title='bbox 291 240 400 284; x_wconf 78' lang='lat' dir='ltr'>absortus.</span> <span class='ocrx_word' id='word_1_14' title='bbox 440 240 602 300; x_wconf 88' lang='lat' dir='ltr'>Duplicabatur</span> <span class='ocrx_word' id='word_1_15' title='bbox 620 238 640 283; x_wconf 90' lang='lat' dir='ltr'>ei</span> <span class='ocrx_word' id='word_1_16' title='bbox 660 237 742 283; x_wconf 82' lang='lat' dir='ltr'>cotidie</span> <span class='ocrx_word' id='word_1_17' title='bbox 759 237 830 292; x_wconf 85' lang='lat' dir='ltr'>dolor,</span> 
     </span>
     <span class='ocr_line' id='line_1_4' title="bbox 66 301 832 366; baseline -0.003 -18"><span class='ocrx_word' id='word_1_18' title='bbox 66 303 122 348; x_wconf 89' lang='lat' dir='ltr'>dum</span> <span class='ocrx_word' id='word_1_19' title='bbox 140 303 279 359; x_wconf 83' lang='lat' dir='ltr'>conscientia,</span> <span class='ocrx_word' id='word_1_20' title='bbox 293 303 363 365; x_wconf 87' lang='lat' dir='ltr'>magis</span> <span class='ocrx_word' id='word_1_21' title='bbox 379 312 454 347; x_wconf 84' lang='lat' dir='ltr'>tenera</span> <span class='ocrx_word' id='word_1_22' title='bbox 471 320 538 366; x_wconf 88' lang='lat' dir='ltr'>quam</span> <span class='ocrx_word' id='word_1_23' title='bbox 555 303 655 358; x_wconf 81' lang='lat' dir='ltr'>discreta,</span> <span class='ocrx_word' id='word_1_24' title='bbox 671 301 762 363; x_wconf 86' lang='lat' dir='ltr'>cogebat</span> <span class='ocrx_word' id='word_1_25' title='bbox 779 318 832 347; x_wconf 90' lang='lat' dir='ltr'>eurn</span> 
     </span>
     <span class='ocr_line' id='line_1_5' title="bbox 66 365 832 430; baseline -0.003 -17"><span class='ocrx_word' id='word_1_26' title='bbox 66 367 93 413; x_wconf 92' lang='lat' dir='ltr'>de</span> <span class='ocrx_word' id='word_1_27' title='bbox 106 365 188 413; x_wconf 89' lang='lat' dir='ltr'>nichilo</span> <span class='ocrx_word' id='word_1_28' title='bbox 205 367 313 424; x_wconf 88' lang='lat' dir='ltr'>confiteri,</span> <span class='ocrx_word' id='word_1_29' title='bbox 325 367 437 430; x_wconf 81' lang='lat' dir='ltr'>siquidem</span> <span class='ocrx_word' id='word_1_30' title='bbox 453 384 498 413; x_wconf 88' lang='lat' dir='ltr'>non</span> <span class='ocrx_word' id='word_1_31' title='bbox 512 367 684 430; x_wconf 81' lang='lat' dir='ltr'>temptationem</span> <span class='ocrx_word' id='word_1_32' title='bbox 695 365 782 424; x_wconf 89' lang='lat' dir='ltr'>habere,</span> <span class='ocrx_word' id='word_1_33' title='bbox 793 365 832 411; x_wconf 91' lang='lat' dir='ltr'>sed</span> 
     </span>
     <span class='ocr_line' id='line_1_6' title="bbox 66 432 832 491; baseline 0.001 -16"><span class='ocrx_word' id='word_1_34' title='bbox 66 432 208 491; x_wconf 81' lang='lat' dir='ltr'>temptationi</span> <span class='ocrx_word' id='word_1_35' title='bbox 219 434 307 477; x_wconf 85' lang='lat' dir='ltr'>cessisse</span> <span class='ocrx_word' id='word_1_36' title='bbox 317 434 353 477; x_wconf 87' lang='lat' dir='ltr'>vel</span> <span class='ocrx_word' id='word_1_37' title='bbox 370 432 486 477; x_wconf 91' lang='lat' dir='ltr'>modicum</span> <span class='ocrx_word' id='word_1_38' title='bbox 503 443 566 477; x_wconf 91' lang='lat' dir='ltr'>tanto</span> <span class='ocrx_word' id='word_1_39' title='bbox 585 433 661 486; x_wconf 88' lang='lat' dir='ltr'>studio</span> <span class='ocrx_word' id='word_1_40' title='bbox 678 432 832 477; x_wconf 87' lang='lat' dir='ltr'>confitendum</span> 
     </span>
     <span class='ocr_line' id='line_1_7' title="bbox 66 495 844 557; baseline -0.003 -18"><span class='ocrx_word' id='word_1_41' title='bbox 66 504 129 539; x_wconf 90' lang='lat' dir='ltr'>esset.</span> <span class='ocrx_word' id='word_1_42' title='bbox 172 496 222 555; x_wconf 87' lang='lat' dir='ltr'>lpse</span> <span class='ocrx_word' id='word_1_43' title='bbox 244 511 297 541; x_wconf 89' lang='lat' dir='ltr'>vero</span> <span class='ocrx_word' id='word_1_44' title='bbox 318 504 408 540; x_wconf 88' lang='lat' dir='ltr'>tantum</span> <span class='ocrx_word' id='word_1_45' title='bbox 429 496 521 555; x_wconf 90' lang='lat' dir='ltr'>pudoris</span> <span class='ocrx_word' id='word_1_46' title='bbox 543 496 644 552; x_wconf 87' lang='lat' dir='ltr'>habebat,</span> <span class='ocrx_word' id='word_1_47' title='bbox 666 496 729 557; x_wconf 88' lang='lat' dir='ltr'>quod</span> <span class='ocrx_word' id='word_1_48' title='bbox 751 495 844 539; x_wconf 88' lang='lat' dir='ltr'>timens</span> 
     </span>
     <span class='ocr_line' id='line_1_8' title="bbox 66 558 832 622; baseline -0.001 -18"><span class='ocrx_word' id='word_1_49' title='bbox 66 569 142 604; x_wconf 89' lang='lat' dir='ltr'>totum</span> <span class='ocrx_word' id='word_1_50' title='bbox 165 558 204 604; x_wconf 93' lang='lat' dir='ltr'>uni</span> <span class='ocrx_word' id='word_1_51' title='bbox 226 558 334 606; x_wconf 88' lang='lat' dir='ltr'>sacerdoti</span> <span class='ocrx_word' id='word_1_52' title='bbox 357 559 469 621; x_wconf 83' lang='lat' dir='ltr'>detegere,</span> <span class='ocrx_word' id='word_1_53' title='bbox 491 560 574 622; x_wconf 90' lang='lat' dir='ltr'>quippe</span> <span class='ocrx_word' id='word_1_54' title='bbox 598 576 650 606; x_wconf 87' lang='lat' dir='ltr'>cum</span> <span class='ocrx_word' id='word_1_55' title='bbox 678 558 747 606; x_wconf 85' lang='lat' dir='ltr'>nichil</span> <span class='ocrx_word' id='word_1_56' title='bbox 768 568 832 614; x_wconf 87' lang='lat' dir='ltr'>esset,</span> 
     </span>
     <span class='ocr_line' id='line_1_9' title="bbox 66 623 833 686; baseline -0.001 -17"><span class='ocrx_word' id='word_1_57' title='bbox 66 623 212 686; x_wconf 83' lang='lat' dir='ltr'>cogitationes</span> <span class='ocrx_word' id='word_1_58' title='bbox 226 624 284 685; x_wconf 91' lang='lat' dir='ltr'>ipsas</span> <span class='ocrx_word' id='word_1_59' title='bbox 297 625 405 679; x_wconf 83' lang='lat' dir='ltr'>dividens,</span> <span class='ocrx_word' id='word_1_60' title='bbox 418 624 515 670; x_wconf 90' lang='lat' dir='ltr'>diversas</span> <span class='ocrx_word' id='word_1_61' title='bbox 533 625 625 670; x_wconf 90' lang='lat' dir='ltr'>diversis</span> <span class='ocrx_word' id='word_1_62' title='bbox 642 624 762 686; x_wconf 89' lang='lat' dir='ltr'>particulas</span> <span class='ocrx_word' id='word_1_63' title='bbox 779 640 833 669; x_wconf 90' lang='lat' dir='ltr'>con-</span> 
     </span>
     <span class='ocr_line' id='line_1_10' title="bbox 66 687 833 748; baseline 0 -14"><span class='ocrx_word' id='word_1_64' title='bbox 66 687 172 737; x_wconf 89' lang='lat' dir='ltr'>nectabat.</span> <span class='ocrx_word' id='word_1_65' title='bbox 208 688 314 740; x_wconf 90' lang='lat' dir='ltr'>Quadam</span> <span class='ocrx_word' id='word_1_66' title='bbox 328 705 383 736; x_wconf 92' lang='lat' dir='ltr'>vero</span> <span class='ocrx_word' id='word_1_67' title='bbox 400 689 444 748; x_wconf 86' lang='lat' dir='ltr'>die,</span> <span class='ocrx_word' id='word_1_68' title='bbox 459 705 511 737; x_wconf 89' lang='lat' dir='ltr'>cum</span> <span class='ocrx_word' id='word_1_69' title='bbox 530 689 681 736; x_wconf 83' lang='lat' dir='ltr'>deambularet</span> <span class='ocrx_word' id='word_1_70' title='bbox 698 706 750 737; x_wconf 83' lang='lat' dir='ltr'>cunr</span> <span class='ocrx_word' id='word_1_71' title='bbox 768 687 833 735; x_wconf 89' lang='lat' dir='ltr'>beato</span> 
     </span>
     <span class='ocr_line' id='line_1_11' title="bbox 67 753 832 816; baseline 0.001 -20"><span class='ocrx_word' id='word_1_72' title='bbox 67 753 193 809; x_wconf 87' lang='lat' dir='ltr'>Francisco‚</span> <span class='ocrx_word' id='word_1_73' title='bbox 211 754 269 798; x_wconf 82' lang='lat' dir='ltr'>dixit</span> <span class='ocrx_word' id='word_1_74' title='bbox 285 755 305 798; x_wconf 91' lang='lat' dir='ltr'>ei</span> <span class='ocrx_word' id='word_1_75' title='bbox 323 765 428 798; x_wconf 86' lang='lat' dir='ltr'>sanctus:</span> <span class='ocrx_word' id='word_1_76' title='bbox 446 755 530 808; x_wconf 87' lang='lat' dir='ltr'>Frater,</span> <span class='ocrx_word' id='word_1_77' title='bbox 548 754 599 799; x_wconf 90' lang='lat' dir='ltr'>dico</span> <span class='ocrx_word' id='word_1_78' title='bbox 616 755 665 810; x_wconf 85' lang='lat' dir='ltr'>tibi,</span> <span class='ocrx_word' id='word_1_79' title='bbox 679 756 742 816; x_wconf 91' lang='lat' dir='ltr'>quod</span> <span class='ocrx_word' id='word_1_80' title='bbox 759 753 832 798; x_wconf 90' lang='lat' dir='ltr'>tribu-</span> 
     </span>
     <span class='ocr_line' id='line_1_12' title="bbox 66 815 832 874; baseline -0.003 -12"><span class='ocrx_word' id='word_1_81' title='bbox 66 816 172 862; x_wconf 86' lang='lat' dir='ltr'>lationem</span> <span class='ocrx_word' id='word_1_82' title='bbox 191 826 255 863; x_wconf 88' lang='lat' dir='ltr'>tuam</span> <span class='ocrx_word' id='word_1_83' title='bbox 277 817 334 864; x_wconf 88' lang='lat' dir='ltr'>nulli</span> <span class='ocrx_word' id='word_1_84' title='bbox 354 817 432 863; x_wconf 82' lang='lat' dir='ltr'>debeas</span> <span class='ocrx_word' id='word_1_85' title='bbox 454 817 481 863; x_wconf 89' lang='lat' dir='ltr'>de</span> <span class='ocrx_word' id='word_1_86' title='bbox 504 828 576 863; x_wconf 89' lang='lat' dir='ltr'>cetero</span> <span class='ocrx_word' id='word_1_87' title='bbox 599 818 716 874; x_wconf 88' lang='lat' dir='ltr'>confiteri;</span> <span class='ocrx_word' id='word_1_88' title='bbox 741 827 763 862; x_wconf 87' lang='lat' dir='ltr'>et</span> <span class='ocrx_word' id='word_1_89' title='bbox 785 815 832 862; x_wconf 85' lang='lat' dir='ltr'>noii</span> 
     </span>
     <span class='ocr_line' id='line_1_13' title="bbox 66 880 831 945; baseline 0 -18"><span class='ocrx_word' id='word_1_90' title='bbox 66 880 152 937; x_wconf 87' lang='lat' dir='ltr'>timere,</span> <span class='ocrx_word' id='word_1_91' title='bbox 163 880 217 943; x_wconf 88' lang='lat' dir='ltr'>quia</span> <span class='ocrx_word' id='word_1_92' title='bbox 228 882 291 945; x_wconf 90' lang='lat' dir='ltr'>quod</span> <span class='ocrx_word' id='word_1_93' title='bbox 302 899 357 929; x_wconf 92' lang='lat' dir='ltr'>curo</span> <span class='ocrx_word' id='word_1_94' title='bbox 374 892 395 929; x_wconf 92' lang='lat' dir='ltr'>te</span> <span class='ocrx_word' id='word_1_95' title='bbox 407 882 443 940; x_wconf 87' lang='lat' dir='ltr'>sit,</span> <span class='ocrx_word' id='word_1_96' title='bbox 455 899 494 928; x_wconf 91' lang='lat' dir='ltr'>nec</span> <span class='ocrx_word' id='word_1_97' title='bbox 508 892 533 929; x_wconf 88' lang='lat' dir='ltr'>tu</span> <span class='ocrx_word' id='word_1_98' title='bbox 550 881 613 938; x_wconf 84' lang='lat' dir='ltr'>facis,</span> <span class='ocrx_word' id='word_1_99' title='bbox 625 883 652 930; x_wconf 90' lang='lat' dir='ltr'>ad</span> <span class='ocrx_word' id='word_1_100' title='bbox 668 898 773 929; x_wconf 90' lang='lat' dir='ltr'>coronam</span> <span class='ocrx_word' id='word_1_101' title='bbox 790 881 831 928; x_wconf 90' lang='lat' dir='ltr'>tibi</span> 
     </span>
     <span class='ocr_line' id='line_1_14' title="bbox 66 945 831 1009; baseline 0.001 -19"><span class='ocrx_word' id='word_1_102' title='bbox 66 945 181 1007; x_wconf 86' lang='lat' dir='ltr'>perveniet</span> <span class='ocrx_word' id='word_1_103' title='bbox 193 962 238 992; x_wconf 92' lang='lat' dir='ltr'>non</span> <span class='ocrx_word' id='word_1_104' title='bbox 249 947 277 992; x_wconf 90' lang='lat' dir='ltr'>ad</span> <span class='ocrx_word' id='word_1_105' title='bbox 288 946 382 1009; x_wconf 90' lang='lat' dir='ltr'>culpam.</span> <span class='ocrx_word' id='word_1_106' title='bbox 418 947 532 999; x_wconf 88' lang='lat' dir='ltr'>Quotiens</span> <span class='ocrx_word' id='word_1_107' title='bbox 540 959 616 992; x_wconf 89' lang='lat' dir='ltr'>autem</span> <span class='ocrx_word' id='word_1_108' title='bbox 625 946 693 993; x_wconf 90' lang='lat' dir='ltr'>fueris</span> <span class='ocrx_word' id='word_1_109' title='bbox 703 947 831 1001; x_wconf 88' lang='lat' dir='ltr'>tribulatus,</span> 
     </span>
     <span class='ocr_line' id='line_1_15' title="bbox 66 1010 832 1072; baseline 0 -17"><span class='ocrx_word' id='word_1_110' title='bbox 66 1021 152 1072; x_wconf 88' lang='lat' dir='ltr'>septem</span> <span class='ocrx_word' id='word_1_111' title='bbox 168 1011 234 1067; x_wconf 84' lang='lat' dir='ltr'>Pater</span> <span class='ocrx_word' id='word_1_112' title='bbox 251 1021 325 1057; x_wconf 90' lang='lat' dir='ltr'>noster</span> <span class='ocrx_word' id='word_1_113' title='bbox 341 1012 369 1057; x_wconf 90' lang='lat' dir='ltr'>de</span> <span class='ocrx_word' id='word_1_114' title='bbox 386 1028 434 1056; x_wconf 88' lang='lat' dir='ltr'>mea</span> <span class='ocrx_word' id='word_1_115' title='bbox 450 1012 538 1057; x_wconf 90' lang='lat' dir='ltr'>licentia</span> <span class='ocrx_word' id='word_1_116' title='bbox 556 1013 623 1057; x_wconf 88' lang='lat' dir='ltr'>dicas.</span> <span class='ocrx_word' id='word_1_117' title='bbox 655 1013 753 1057; x_wconf 84' lang='lat' dir='ltr'>Miratus</span> <span class='ocrx_word' id='word_1_118' title='bbox 771 1010 832 1057; x_wconf 86' lang='lat' dir='ltr'>unde</span> 
     </span>
     <span class='ocr_line' id='line_1_16' title="bbox 67 1075 832 1137; baseline 0 -18"><span class='ocrx_word' id='word_1_119' title='bbox 67 1075 109 1120; x_wconf 89' lang='lat' dir='ltr'>hoc</span> <span class='ocrx_word' id='word_1_120' title='bbox 133 1085 221 1120; x_wconf 89' lang='lat' dir='ltr'>sanctus</span> <span class='ocrx_word' id='word_1_121' title='bbox 247 1076 352 1131; x_wconf 83' lang='lat' dir='ltr'>novisset,</span> <span class='ocrx_word' id='word_1_122' title='bbox 377 1075 475 1136; x_wconf 91' lang='lat' dir='ltr'>plurimo</span> <span class='ocrx_word' id='word_1_123' title='bbox 500 1076 640 1137; x_wconf 86' lang='lat' dir='ltr'>exhylaratus</span> <span class='ocrx_word' id='word_1_124' title='bbox 665 1076 756 1137; x_wconf 81' lang='lat' dir='ltr'>gaudi0,</span> <span class='ocrx_word' id='word_1_125' title='bbox 780 1084 832 1136; x_wconf 90' lang='lat' dir='ltr'>post</span> 
     </span>
     <span class='ocr_line' id='line_1_17' title="bbox 67 1138 570 1186; baseline 0.002 -3"><span class='ocrx_word' id='word_1_126' title='bbox 67 1138 182 1184; x_wconf 89' lang='lat' dir='ltr'>modicum</span> <span class='ocrx_word' id='word_1_127' title='bbox 199 1155 290 1185; x_wconf 90' lang='lat' dir='ltr'>omnem</span> <span class='ocrx_word' id='word_1_128' title='bbox 307 1139 477 1186; x_wconf 87' lang='lat' dir='ltr'>tribulationem</span> <span class='ocrx_word' id='word_1_129' title='bbox 493 1140 570 1186; x_wconf 83' lang='lat' dir='ltr'>evasit.</span> 
     </span>
    </p>
   </div>
   <div class='ocr_carea' id='block_1_3' title="bbox 119 1362 915 1415">
    <p class='ocr_par' dir='ltr' id='par_1_3' title="bbox 119 1362 915 1415">
     <span class='ocr_line' id='line_1_18' title="bbox 119 1362 915 1415; baseline -0.001 -11"><span class='ocrx_word' id='word_1_130' title='bbox 119 1362 153 1404; x_wconf 90' lang='lat' dir='ltr'>De</span> <span class='ocrx_word' id='word_1_131' title='bbox 166 1363 277 1415; x_wconf 83' lang='lat' dir='ltr'>spirituali</span> <span class='ocrx_word' id='word_1_132' title='bbox 291 1363 364 1407; x_wconf 83' lang='lat' dir='ltr'>letitia</span> <span class='ocrx_word' id='word_1_133' title='bbox 377 1368 400 1406; x_wconf 89' lang='lat' dir='ltr'>et</span> <span class='ocrx_word' id='word_1_134' title='bbox 413 1364 464 1405; x_wconf 85' lang='lat' dir='ltr'>laus</span> <span class='ocrx_word' id='word_1_135' title='bbox 478 1364 527 1406; x_wconf 83' lang='lat' dir='ltr'>eius</span> <span class='ocrx_word' id='word_1_136' title='bbox 541 1367 564 1406; x_wconf 88' lang='lat' dir='ltr'>et</span> <span class='ocrx_word' id='word_1_137' title='bbox 577 1364 606 1405; x_wconf 86' lang='lat' dir='ltr'>de</span> <span class='ocrx_word' id='word_1_138' title='bbox 619 1364 679 1406; x_wconf 85' lang='lat' dir='ltr'>malo</span> <span class='ocrx_word' id='word_1_139' title='bbox 692 1364 783 1407; x_wconf 86' lang='lat' dir='ltr'>accidie.</span> <span class='ocrx_word' id='word_1_140' title='bbox 837 1372 915 1415; x_wconf 79' lang='lat' dir='ltr'>[n-qu]</span> 
     </span>
    </p>
   </div>
   <div class='ocr_carea' id='block_1_4' title="bbox 112 1482 834 1563">
    <p class='ocr_par' dir='ltr' id='par_1_4' title="bbox 112 1482 834 1563">
     <span class='ocr_line' id='line_1_19' title="bbox 112 1482 834 1563; baseline 0 -2"><span class='ocrx_word' id='word_1_141' title='bbox 112 1482 286 1562; x_wconf 48' lang='lat' dir='ltr'>&amp;ratissimum</span> <span class='ocrx_word' id='word_1_142' title='bbox 301 1516 426 1562; x_wconf 91' lang='lat' dir='ltr'>remedium</span> <span class='ocrx_word' id='word_1_143' title='bbox 440 1525 517 1561; x_wconf 88' lang='lat' dir='ltr'>contra</span> <span class='ocrx_word' id='word_1_144' title='bbox 530 1516 591 1561; x_wconf 87' lang='lat' dir='ltr'>mille</span> <span class='ocrx_word' id='word_1_145' title='bbox 603 1517 685 1562; x_wconf 89' lang='lat' dir='ltr'>inimici</span> <span class='ocrx_word' id='word_1_146' title='bbox 696 1517 787 1563; x_wconf 87' lang='lat' dir='ltr'>insidias</span> <span class='ocrx_word' id='word_1_147' title='bbox 798 1516 834 1563; x_wconf 89' lang='lat' dir='ltr'>vel</span> 
     </span>
    </p>
   </div>
   <div class='ocr_carea' id='block_1_5' title="bbox 66 1581 925 2920">
    <p class='ocr_par' dir='ltr' id='par_1_5' title="bbox 66 1581 925 2920">
     <span class='ocr_line' id='line_1_20' title="bbox 67 1581 834 1643; baseline 0.003 -17"><span class='ocrx_word' id='word_1_148' title='bbox 67 1582 164 1639; x_wconf 87' lang='lat' dir='ltr'>astutias,</span> <span class='ocrx_word' id='word_1_149' title='bbox 176 1581 270 1627; x_wconf 89' lang='lat' dir='ltr'>letitiam</span> <span class='ocrx_word' id='word_1_150' title='bbox 285 1582 423 1643; x_wconf 90' lang='lat' dir='ltr'>spiritualem</span> <span class='ocrx_word' id='word_1_151' title='bbox 438 1590 528 1627; x_wconf 87' lang='lat' dir='ltr'>sanctus</span> <span class='ocrx_word' id='word_1_152' title='bbox 543 1581 584 1627; x_wconf 87' lang='lat' dir='ltr'>iste</span> <span class='ocrx_word' id='word_1_153' title='bbox 599 1581 707 1627; x_wconf 87' lang='lat' dir='ltr'>firmabat.</span> <span class='ocrx_word' id='word_1_154' title='bbox 740 1582 834 1628; x_wconf 86' lang='lat' dir='ltr'>Dicebat</span> 
     </span>
     <span class='ocr_line' id='line_1_21' title="bbox 67 1645 834 1708; baseline 0 -18"><span class='ocrx_word' id='word_1_155' title='bbox 67 1647 144 1691; x_wconf 89' lang='lat' dir='ltr'>enim:</span> <span class='ocrx_word' id='word_1_156' title='bbox 174 1647 241 1692; x_wconf 90' lang='lat' dir='ltr'>Tunc</span> <span class='ocrx_word' id='word_1_157' title='bbox 263 1646 378 1708; x_wconf 79' lang='lat' dir='ltr'>petissime</span> <span class='ocrx_word' id='word_1_158' title='bbox 399 1645 485 1690; x_wconf 89' lang='lat' dir='ltr'>exultat</span> <span class='ocrx_word' id='word_1_159' title='bbox 506 1645 624 1706; x_wconf 89' lang='lat' dir='ltr'>dyabolus,</span> <span class='ocrx_word' id='word_1_160' title='bbox 647 1662 699 1692; x_wconf 88' lang='lat' dir='ltr'>cum</span> <span class='ocrx_word' id='word_1_161' title='bbox 723 1648 834 1708; x_wconf 88' lang='lat' dir='ltr'>gaudium</span> 
     </span>
     <span class='ocr_line' id='line_1_22' title="bbox 68 1710 834 1774; baseline 0.003 -19"><span class='ocrx_word' id='word_1_162' title='bbox 68 1712 159 1772; x_wconf 88' lang='lat' dir='ltr'>spiritus</span> <span class='ocrx_word' id='word_1_163' title='bbox 175 1727 240 1757; x_wconf 88' lang='lat' dir='ltr'>servo</span> <span class='ocrx_word' id='word_1_164' title='bbox 250 1711 286 1757; x_wconf 90' lang='lat' dir='ltr'>dei</span> <span class='ocrx_word' id='word_1_165' title='bbox 298 1720 372 1772; x_wconf 90' lang='lat' dir='ltr'>potest</span> <span class='ocrx_word' id='word_1_166' title='bbox 385 1710 507 1772; x_wconf 90' lang='lat' dir='ltr'>subripere.</span> <span class='ocrx_word' id='word_1_167' title='bbox 539 1710 660 1757; x_wconf 84' lang='lat' dir='ltr'>Pulverem</span> <span class='ocrx_word' id='word_1_168' title='bbox 671 1722 834 1774; x_wconf 60' lang='lat' dir='ltr'>portatquem</span> 
     </span>
     <span class='ocr_line' id='line_1_23' title="bbox 68 1774 834 1838; baseline 0 -15"><span class='ocrx_word' id='word_1_169' title='bbox 68 1775 235 1837; x_wconf 87' lang='lat' dir='ltr'>quantumlibet</span> <span class='ocrx_word' id='word_1_170' title='bbox 246 1777 319 1838; x_wconf 87' lang='lat' dir='ltr'>parvis</span> <span class='ocrx_word' id='word_1_171' title='bbox 329 1774 427 1822; x_wconf 88' lang='lat' dir='ltr'>aditibus</span> <span class='ocrx_word' id='word_1_172' title='bbox 438 1775 571 1823; x_wconf 84' lang='lat' dir='ltr'>conscientie</span> <span class='ocrx_word' id='word_1_173' title='bbox 582 1775 651 1838; x_wconf 88' lang='lat' dir='ltr'>possit</span> <span class='ocrx_word' id='word_1_174' title='bbox 664 1776 758 1835; x_wconf 90' lang='lat' dir='ltr'>iniicere,</span> <span class='ocrx_word' id='word_1_175' title='bbox 771 1793 834 1823; x_wconf 92' lang='lat' dir='ltr'>men-</span> 
     </span>
     <span class='ocr_line' id='line_1_24' title="bbox 68 1840 831 1903; baseline 0.003 -19"><span class='ocrx_word' id='word_1_176' title='bbox 68 1840 140 1903; x_wconf 88' lang='lat' dir='ltr'>tisque</span> <span class='ocrx_word' id='word_1_177' title='bbox 162 1841 282 1886; x_wconf 86' lang='lat' dir='ltr'>eandorem</span> <span class='ocrx_word' id='word_1_178' title='bbox 301 1851 324 1885; x_wconf 93' lang='lat' dir='ltr'>et</span> <span class='ocrx_word' id='word_1_179' title='bbox 342 1840 388 1885; x_wconf 89' lang='lat' dir='ltr'>vite</span> <span class='ocrx_word' id='word_1_180' title='bbox 407 1840 543 1885; x_wconf 86' lang='lat' dir='ltr'>munditiam</span> <span class='ocrx_word' id='word_1_181' title='bbox 561 1841 682 1898; x_wconf 89' lang='lat' dir='ltr'>sordidare,</span> <span class='ocrx_word' id='word_1_182' title='bbox 699 1842 738 1887; x_wconf 91' lang='lat' dir='ltr'>sed</span> <span class='ocrx_word' id='word_1_183' title='bbox 755 1842 831 1896; x_wconf 88' lang='lat' dir='ltr'>letitia,</span> 
     </span>
     <span class='ocr_line' id='line_1_25' title="bbox 68 1903 834 1968; baseline 0.003 -19"><span class='ocrx_word' id='word_1_184' title='bbox 68 1904 155 1968; x_wconf 87' lang='lat' dir='ltr'>inquid,</span> <span class='ocrx_word' id='word_1_185' title='bbox 166 1904 275 1967; x_wconf 87' lang='lat' dir='ltr'>spirituali</span> <span class='ocrx_word' id='word_1_186' title='bbox 291 1903 357 1950; x_wconf 90' lang='lat' dir='ltr'>eorda</span> <span class='ocrx_word' id='word_1_187' title='bbox 371 1903 478 1966; x_wconf 91' lang='lat' dir='ltr'>replente,</span> <span class='ocrx_word' id='word_1_188' title='bbox 490 1904 513 1949; x_wconf 91' lang='lat' dir='ltr'>in</span> <span class='ocrx_word' id='word_1_189' title='bbox 530 1920 613 1950; x_wconf 90' lang='lat' dir='ltr'>vanum</span> <span class='ocrx_word' id='word_1_190' title='bbox 630 1904 727 1950; x_wconf 88' lang='lat' dir='ltr'>effundit</span> <span class='ocrx_word' id='word_1_191' title='bbox 743 1921 834 1968; x_wconf 88' lang='lat' dir='ltr'>serpens</span> 
     </span>
     <span class='ocr_line' id='line_1_26' title="bbox 70 1969 834 2031; baseline 0 -14"><span class='ocrx_word' id='word_1_192' title='bbox 70 1971 113 2018; x_wconf 87' lang='lat' dir='ltr'>tale</span> <span class='ocrx_word' id='word_1_193' title='bbox 134 1987 253 2019; x_wconf 87' lang='lat' dir='ltr'>venenum.</span> <span class='ocrx_word' id='word_1_194' title='bbox 293 1969 348 2017; x_wconf 86' lang='lat' dir='ltr'>Non</span> <span class='ocrx_word' id='word_1_195' title='bbox 372 1979 466 2031; x_wconf 88' lang='lat' dir='ltr'>possunt</span> <span class='ocrx_word' id='word_1_196' title='bbox 488 1970 594 2016; x_wconf 89' lang='lat' dir='ltr'>demones</span> <span class='ocrx_word' id='word_1_197' title='bbox 614 1970 729 2016; x_wconf 85' lang='lat' dir='ltr'>offendere</span> <span class='ocrx_word' id='word_1_198' title='bbox 750 1971 834 2018; x_wconf 89' lang='lat' dir='ltr'>Christi</span> 
     </span>
     <span class='ocr_line' id='line_1_27' title="bbox 70 2035 832 2098; baseline 0.004 -19"><span class='ocrx_word' id='word_1_199' title='bbox 70 2035 188 2093; x_wconf 86' lang='lat' dir='ltr'>famulum,</span> <span class='ocrx_word' id='word_1_200' title='bbox 205 2036 243 2081; x_wconf 90' lang='lat' dir='ltr'>ubi</span> <span class='ocrx_word' id='word_1_201' title='bbox 262 2052 314 2080; x_wconf 87' lang='lat' dir='ltr'>eum</span> <span class='ocrx_word' id='word_1_202' title='bbox 333 2035 431 2080; x_wconf 87' lang='lat' dir='ltr'>viderint</span> <span class='ocrx_word' id='word_1_203' title='bbox 452 2046 526 2080; x_wconf 85' lang='lat' dir='ltr'>sancta</span> <span class='ocrx_word' id='word_1_204' title='bbox 547 2035 684 2081; x_wconf 88' lang='lat' dir='ltr'>iucunditate</span> <span class='ocrx_word' id='word_1_205' title='bbox 704 2037 832 2098; x_wconf 88' lang='lat' dir='ltr'>repletum:</span> 
     </span>
     <span class='ocr_line' id='line_1_28' title="bbox 69 2099 833 2161; baseline 0.001 -15"><span class='ocrx_word' id='word_1_206' title='bbox 69 2101 159 2161; x_wconf 89' lang='lat' dir='ltr'>quando</span> <span class='ocrx_word' id='word_1_207' title='bbox 176 2117 230 2146; x_wconf 87' lang='lat' dir='ltr'>vero</span> <span class='ocrx_word' id='word_1_208' title='bbox 245 2099 324 2144; x_wconf 90' lang='lat' dir='ltr'>flebilis</span> <span class='ocrx_word' id='word_1_209' title='bbox 340 2110 380 2156; x_wconf 87' lang='lat' dir='ltr'>est,</span> <span class='ocrx_word' id='word_1_210' title='bbox 392 2100 486 2156; x_wconf 90' lang='lat' dir='ltr'>animus,</span> <span class='ocrx_word' id='word_1_211' title='bbox 498 2099 609 2145; x_wconf 90' lang='lat' dir='ltr'>desolatus</span> <span class='ocrx_word' id='word_1_212' title='bbox 626 2111 648 2146; x_wconf 89' lang='lat' dir='ltr'>et</span> <span class='ocrx_word' id='word_1_213' title='bbox 664 2116 758 2156; x_wconf 80' lang='lat' dir='ltr'>mercna,</span> <span class='ocrx_word' id='word_1_214' title='bbox 770 2101 833 2147; x_wconf 83' lang='lat' dir='ltr'>facile</span> 
     </span>
     <span class='ocr_line' id='line_1_29' title="bbox 70 2162 832 2223; baseline 0.004 -15"><span class='ocrx_word' id='word_1_215' title='bbox 70 2164 106 2209; x_wconf 85' lang='lat' dir='ltr'>vel</span> <span class='ocrx_word' id='word_1_216' title='bbox 124 2164 255 2210; x_wconf 90' lang='lat' dir='ltr'>absorbetur</span> <span class='ocrx_word' id='word_1_217' title='bbox 274 2163 371 2218; x_wconf 86' lang='lat' dir='ltr'>tristitia,</span> <span class='ocrx_word' id='word_1_218' title='bbox 390 2162 425 2209; x_wconf 88' lang='lat' dir='ltr'>vel</span> <span class='ocrx_word' id='word_1_219' title='bbox 444 2163 473 2209; x_wconf 85' lang='lat' dir='ltr'>ad</span> <span class='ocrx_word' id='word_1_220' title='bbox 491 2163 573 2223; x_wconf 86' lang='lat' dir='ltr'>gaudia</span> <span class='ocrx_word' id='word_1_221' title='bbox 590 2180 647 2208; x_wconf 79' lang='lat' dir='ltr'>vana</span> <span class='ocrx_word' id='word_1_222' title='bbox 664 2164 832 2211; x_wconf 88' lang='lat' dir='ltr'>transmittitur.</span> 
     </span>
     <span class='ocr_line' id='line_1_30' title="bbox 68 2226 833 2291; baseline 0.001 -16"><span class='ocrx_word' id='word_1_223' title='bbox 68 2229 176 2277; x_wconf 88' lang='lat' dir='ltr'>Studebat</span> <span class='ocrx_word' id='word_1_224' title='bbox 195 2228 289 2291; x_wconf 88' lang='lat' dir='ltr'>proinde</span> <span class='ocrx_word' id='word_1_225' title='bbox 308 2237 395 2274; x_wconf 89' lang='lat' dir='ltr'>sanetus</span> <span class='ocrx_word' id='word_1_226' title='bbox 414 2227 436 2273; x_wconf 93' lang='lat' dir='ltr'>in</span> <span class='ocrx_word' id='word_1_227' title='bbox 454 2226 525 2274; x_wconf 89' lang='lat' dir='ltr'>iubilo</span> <span class='ocrx_word' id='word_1_228' title='bbox 542 2228 614 2275; x_wconf 91' lang='lat' dir='ltr'>cordis</span> <span class='ocrx_word' id='word_1_229' title='bbox 630 2244 717 2290; x_wconf 88' lang='lat' dir='ltr'>semper</span> <span class='ocrx_word' id='word_1_230' title='bbox 733 2229 833 2286; x_wconf 85' lang='lat' dir='ltr'>existere,</span> 
     </span>
     <span class='ocr_line' id='line_1_31' title="bbox 69 2291 834 2356; baseline 0.004 -17"><span class='ocrx_word' id='word_1_231' title='bbox 69 2311 155 2341; x_wconf 87' lang='lat' dir='ltr'>servare</span> <span class='ocrx_word' id='word_1_232' title='bbox 166 2295 295 2342; x_wconf 89' lang='lat' dir='ltr'>unctionem</span> <span class='ocrx_word' id='word_1_233' title='bbox 306 2292 397 2356; x_wconf 88' lang='lat' dir='ltr'>spiritus</span> <span class='ocrx_word' id='word_1_234' title='bbox 408 2291 508 2356; x_wconf 90' lang='lat' dir='ltr'>olimque</span> <span class='ocrx_word' id='word_1_235' title='bbox 518 2292 594 2341; x_wconf 90' lang='lat' dir='ltr'>letitie.</span> <span class='ocrx_word' id='word_1_236' title='bbox 629 2293 741 2341; x_wconf 87' lang='lat' dir='ltr'>Morbum</span> <span class='ocrx_word' id='word_1_237' title='bbox 752 2296 834 2343; x_wconf 84' lang='lat' dir='ltr'>accidie</span> 
     </span>
     <span class='ocr_line' id='line_1_32' title="bbox 69 2358 832 2419; baseline 0.003 -16"><span class='ocrx_word' id='word_1_238' title='bbox 69 2361 190 2418; x_wconf 89' lang='lat' dir='ltr'>pessimum</span> <span class='ocrx_word' id='word_1_239' title='bbox 213 2375 300 2404; x_wconf 89' lang='lat' dir='ltr'>summa</span> <span class='ocrx_word' id='word_1_240' title='bbox 322 2373 373 2401; x_wconf 85' lang='lat' dir='ltr'>cura</span> <span class='ocrx_word' id='word_1_241' title='bbox 394 2358 486 2414; x_wconf 88' lang='lat' dir='ltr'>vitabat,</span> <span class='ocrx_word' id='word_1_242' title='bbox 508 2359 539 2402; x_wconf 89' lang='lat' dir='ltr'>ita</span> <span class='ocrx_word' id='word_1_243' title='bbox 562 2370 593 2413; x_wconf 84' lang='lat' dir='ltr'>ut,</span> <span class='ocrx_word' id='word_1_244' title='bbox 617 2374 668 2402; x_wconf 89' lang='lat' dir='ltr'>cum</span> <span class='ocrx_word' id='word_1_245' title='bbox 692 2362 728 2403; x_wconf 88' lang='lat' dir='ltr'>vel</span> <span class='ocrx_word' id='word_1_246' title='bbox 752 2376 832 2419; x_wconf 91' lang='lat' dir='ltr'>parum</span> 
     </span>
     <span class='ocr_line' id='line_1_33' title="bbox 69 2421 831 2486; baseline 0.003 -18"><span class='ocrx_word' id='word_1_247' title='bbox 69 2424 139 2469; x_wconf 89' lang='lat' dir='ltr'>menti</span> <span class='ocrx_word' id='word_1_248' title='bbox 161 2423 263 2486; x_wconf 87' lang='lat' dir='ltr'>illapsum</span> <span class='ocrx_word' id='word_1_249' title='bbox 285 2422 383 2476; x_wconf 88' lang='lat' dir='ltr'>sentiret,</span> <span class='ocrx_word' id='word_1_250' title='bbox 405 2421 433 2467; x_wconf 88' lang='lat' dir='ltr'>ad</span> <span class='ocrx_word' id='word_1_251' title='bbox 455 2422 579 2468; x_wconf 90' lang='lat' dir='ltr'>orationem</span> <span class='ocrx_word' id='word_1_252' title='bbox 600 2422 704 2468; x_wconf 89' lang='lat' dir='ltr'>citissime</span> <span class='ocrx_word' id='word_1_253' title='bbox 727 2434 831 2470; x_wconf 89' lang='lat' dir='ltr'>curreret.</span> 
     </span>
     <span class='ocr_line' id='line_1_34' title="bbox 68 2485 832 2549; baseline 0.001 -15"><span class='ocrx_word' id='word_1_254' title='bbox 68 2488 163 2536; x_wconf 89' lang='lat' dir='ltr'>Dicebat</span> <span class='ocrx_word' id='word_1_255' title='bbox 183 2498 275 2536; x_wconf 88' lang='lat' dir='ltr'>autem:</span> <span class='ocrx_word' id='word_1_256' title='bbox 300 2488 381 2534; x_wconf 84' lang='lat' dir='ltr'>Servus</span> <span class='ocrx_word' id='word_1_257' title='bbox 400 2485 436 2532; x_wconf 89' lang='lat' dir='ltr'>dei</span> <span class='ocrx_word' id='word_1_258' title='bbox 457 2503 499 2549; x_wconf 91' lang='lat' dir='ltr'>pro</span> <span class='ocrx_word' id='word_1_259' title='bbox 520 2486 603 2549; x_wconf 87' lang='lat' dir='ltr'>aliquo,</span> <span class='ocrx_word' id='word_1_260' title='bbox 623 2498 650 2533; x_wconf 90' lang='lat' dir='ltr'>ut</span> <span class='ocrx_word' id='word_1_261' title='bbox 671 2486 756 2546; x_wconf 88' lang='lat' dir='ltr'>assolet,</span> <span class='ocrx_word' id='word_1_262' title='bbox 778 2506 832 2535; x_wconf 89' lang='lat' dir='ltr'>con-</span> 
     </span>
     <span class='ocr_line' id='line_1_35' title="bbox 68 2552 831 2614; baseline 0.003 -16"><span class='ocrx_word' id='word_1_263' title='bbox 68 2555 172 2600; x_wconf 89' lang='lat' dir='ltr'>turbatus</span> <span class='ocrx_word' id='word_1_264' title='bbox 198 2554 258 2599; x_wconf 91' lang='lat' dir='ltr'>illico</span> <span class='ocrx_word' id='word_1_265' title='bbox 282 2568 373 2614; x_wconf 85' lang='lat' dir='ltr'>surgere</span> <span class='ocrx_word' id='word_1_266' title='bbox 397 2552 424 2596; x_wconf 91' lang='lat' dir='ltr'>ad</span> <span class='ocrx_word' id='word_1_267' title='bbox 451 2553 575 2598; x_wconf 86' lang='lat' dir='ltr'>orationem</span> <span class='ocrx_word' id='word_1_268' title='bbox 602 2552 668 2598; x_wconf 90' lang='lat' dir='ltr'>debet</span> <span class='ocrx_word' id='word_1_269' title='bbox 696 2563 718 2598; x_wconf 91' lang='lat' dir='ltr'>et</span> <span class='ocrx_word' id='word_1_270' title='bbox 744 2555 831 2600; x_wconf 90' lang='lat' dir='ltr'>tamdiu</span> 
     </span>
     <span class='ocr_line' id='line_1_36' title="bbox 68 2615 925 2678; baseline -0.001 -17"><span class='ocrx_word' id='word_1_271' title='bbox 68 2632 142 2663; x_wconf 88' lang='lat' dir='ltr'>coram</span> <span class='ocrx_word' id='word_1_272' title='bbox 153 2634 243 2664; x_wconf 89' lang='lat' dir='ltr'>summo</span> <span class='ocrx_word' id='word_1_273' title='bbox 253 2627 316 2678; x_wconf 84' lang='lat' dir='ltr'>patre</span> <span class='ocrx_word' id='word_1_274' title='bbox 328 2615 453 2677; x_wconf 85' lang='lat' dir='ltr'>persistere,</span> <span class='ocrx_word' id='word_1_275' title='bbox 465 2617 536 2661; x_wconf 87' lang='lat' dir='ltr'>donec</span> <span class='ocrx_word' id='word_1_276' title='bbox 551 2617 629 2661; x_wconf 89' lang='lat' dir='ltr'>reddat</span> <span class='ocrx_word' id='word_1_277' title='bbox 644 2626 666 2660; x_wconf 84' lang='lat' dir='ltr'>et</span> <span class='ocrx_word' id='word_1_278' title='bbox 681 2618 715 2661; x_wconf 92' lang='lat' dir='ltr'>sui</span> <span class='ocrx_word' id='word_1_279' title='bbox 730 2618 875 2663; x_wconf 84' lang='lat' dir='ltr'>salutarisFol.</span> <span class='ocrx_word' id='word_1_280' title='bbox 885 2629 925 2672; x_wconf 83' lang='lat'><strong>23&#39;‘&#39;</strong></span> 
     </span>
     <span class='ocr_line' id='line_1_37' title="bbox 66 2678 831 2740; baseline 0.003 -14"><span class='ocrx_word' id='word_1_281' title='bbox 66 2679 160 2728; x_wconf 85' lang='lat' dir='ltr'>letitiam</span> <span class='ocrx_word' id='word_1_282' title='bbox 170 2701 177 2740; x_wconf 79' lang='lat'><em>3</em></span> <span class='ocrx_word' id='word_1_283' title='bbox 193 2682 211 2727; x_wconf 92' lang='lat' dir='ltr'>si</span> <span class='ocrx_word' id='word_1_284' title='bbox 222 2682 282 2727; x_wconf 88' lang='lat' dir='ltr'>enim</span> <span class='ocrx_word' id='word_1_285' title='bbox 293 2681 315 2726; x_wconf 92' lang='lat' dir='ltr'>in</span> <span class='ocrx_word' id='word_1_286' title='bbox 329 2679 426 2725; x_wconf 88' lang='lat' dir='ltr'>mestitia</span> <span class='ocrx_word' id='word_1_287' title='bbox 437 2678 514 2726; x_wconf 85' lang='lat' dir='ltr'>fecerit</span> <span class='ocrx_word' id='word_1_288' title='bbox 530 2696 623 2737; x_wconf 86' lang='lat' dir='ltr'>moram,</span> <span class='ocrx_word' id='word_1_289' title='bbox 634 2680 744 2727; x_wconf 91' lang='lat' dir='ltr'>adolescet</span> <span class='ocrx_word' id='word_1_290' title='bbox 760 2681 831 2729; x_wconf 92' lang='lat' dir='ltr'>babil-</span> 
     </span>
     <span class='ocr_line' id='line_1_38' title="bbox 67 2744 829 2811; baseline 0.001 -20"><span class='ocrx_word' id='word_1_291' title='bbox 67 2745 167 2807; x_wconf 87' lang='lat' dir='ltr'>lonicum</span> <span class='ocrx_word' id='word_1_292' title='bbox 184 2748 249 2806; x_wconf 81' lang='lat' dir='ltr'>illud,</span> <span class='ocrx_word' id='word_1_293' title='bbox 264 2746 326 2810; x_wconf 90' lang='lat' dir='ltr'>quod</span> <span class='ocrx_word' id='word_1_294' title='bbox 342 2745 434 2791; x_wconf 87' lang='lat' dir='ltr'>tandem</span> <span class='ocrx_word' id='word_1_295' title='bbox 451 2745 493 2790; x_wconf 93' lang='lat' dir='ltr'>nisi</span> <span class='ocrx_word' id='word_1_296' title='bbox 509 2762 548 2807; x_wconf 90' lang='lat' dir='ltr'>per</span> <span class='ocrx_word' id='word_1_297' title='bbox 563 2744 669 2808; x_wconf 86' lang='lat' dir='ltr'>lacrymas</span> <span class='ocrx_word' id='word_1_298' title='bbox 685 2758 829 2811; x_wconf 81' lang='lat' dir='ltr'>expurgetur,</span> 
     </span>
     <span class='ocr_line' id='line_1_39' title="bbox 67 2809 588 2877; baseline -0.002 -19"><span class='ocrx_word' id='word_1_299' title='bbox 67 2813 187 2860; x_wconf 87' lang='lat' dir='ltr'>maximam</span> <span class='ocrx_word' id='word_1_300' title='bbox 203 2811 317 2877; x_wconf 86' lang='lat' dir='ltr'>generabit</span> <span class='ocrx_word' id='word_1_301' title='bbox 332 2811 355 2857; x_wconf 96' lang='lat' dir='ltr'>in</span> <span class='ocrx_word' id='word_1_302' title='bbox 372 2809 439 2857; x_wconf 91' lang='lat' dir='ltr'>corde</span> <span class='ocrx_word' id='word_1_303' title='bbox 455 2809 588 2874; x_wconf 83' lang='lat' dir='ltr'>rubiginem.</span> 
     </span>
     <span class='ocr_line' id='line_1_40' title="bbox 442 2891 454 2920; baseline 0 0"><span class='ocrx_word' id='word_1_304' title='bbox 442 2891 454 2920; x_wconf 85' lang='lat' dir='ltr'>u</span> 
     </span>
    </p>
   </div>
   <div class='ocr_carea' id='block_1_6' title="bbox 0 0 965 3169">
    <p class='ocr_par' dir='ltr' id='par_1_6' title="bbox 0 0 965 3169">
     <span class='ocr_line' id='line_1_41' title="bbox 0 0 965 3169; baseline 0 0"><span class='ocrx_word' id='word_1_305' title='bbox 0 0 965 3169; x_wconf 95' lang='lat' dir='ltr'> </span> 
     </span>
    </p>
   </div>
  </div>
 </body>
</html>
