1919 3169
228 136 457 187 TRACTATUS
474 135 686 186 SECUNDUS

122 264 233 317 [Qualiter
240 265 328 306 ‘beatus
337 264 475 304 Franciscus
483 268 578 305 vocatus
591 265 634 305 fuit
645 265 724 304 Primo
737 264 895 312 joannestA-J]

85 317 119 357 De
139 317 229 358 nomine
250 316 371 357 Francisci.
399 315 466 367 Quod
483 319 556 358 mater
576 316 719 367 prophetavit
738 314 767 355 de
787 315 844 365 ipso.

83 368 150 422 Quod
168 369 237 411 etiam
255 370 304 420 ipse
321 368 350 409 de
365 369 416 419 ipso
431 369 508 410 futura
523 368 629 420 predixit.
658 368 692 410 De
706 367 807 419 patienta
822 370 846 408 et

83 422 175 473 gaudio,
189 422 250 472 quod
263 422 286 463 in
299 421 395 463 vinculis
408 421 498 471 positus
510 420 605 474 habuit]

129 520 289 609 Eranciscus
312 567 398 608 servus,
419 562 442 597 et
465 553 549 598 amicus
572 552 692 608 Aldssimi,
714 552 750 596 cui
771 551 847 597 divina

84 617 224 678 providentia
235 618 277 662 hoc
288 616 424 664 vocabulum
434 617 526 672 indidit,
535 627 561 663 ut
569 633 597 662 ex
608 616 712 679 singulari
724 626 747 662 et
755 617 847 661 insueto

84 680 174 728 nomine
190 681 267 744 opinio
284 680 402 727 ministerii
415 681 462 727 eius
472 682 515 728 toti
525 683 675 728 innotesceret
686 680 743 738 orbi,
754 698 766 726 a
776 691 847 727 matre

84 746 176 806 propria
192 747 286 791 loannes
303 756 396 791 vocatus
412 745 465 802 fuit,
482 762 534 792 cum
551 750 579 793 de
596 747 643 793 filio
660 747 699 803 ire,
710 763 737 791 ex
753 762 809 807 aqua
825 755 847 791 et

85 808 169 870 Spiritu
180 819 258 855 sancto
265 825 387 865 renascens,
397 810 467 871 gratie
475 809 533 855 filius
542 820 576 856 est
584 810 680 856 effectus
708 810 759 870 Qua
767 808 847 854 mulier

85 874 155 921 totius
171 873 293 920 honestatis
309 874 379 920 amica
393 873 507 938 quoddam
517 874 609 922 virtutis
620 874 706 937 insigne
722 871 847 936 preferebat

84 939 108 986 in
125 938 232 995 moribus,
244 950 319 985 sancte
335 939 395 986 illius
410 939 525 991 Elisabeth
540 951 586 985 tam
597 940 740 1002 impositione
750 939 848 985 nominis

85 1005 113 1051 ad
132 1002 211 1060 filium,
231 1020 299 1067 quam
317 1013 340 1050 et
359 1003 441 1067 spiritu
460 1004 584 1067 prophetali
601 1004 676 1068 aliquo
695 1003 848 1050 similitudinis

85 1067 204 1130 privilegio
225 1068 332 1130 gaudens.
376 1069 435 1115 Nam
457 1070 571 1119 ,Francisci
595 1070 799 1132 magnanimitatem
825 1079 848 1115 et

86 1148 175 1178 morum
196 1142 336 1178 venustatem
357 1132 519 1178 admirantibus
540 1133 669 1189 convicinis
689 1132 752 1196 quasi
770 1132 848 1177 divino

85 1197 194 1243 instructa
208 1197 299 1243 oraculo
314 1197 345 1242 sic
361 1196 448 1243 aiebat:
476 1198 539 1258 Quid
555 1199 638 1259 putatis
654 1198 694 1244 iste
710 1197 769 1243 filius
785 1213 848 1244 meus

86 1262 144 1307 erit?
196 1262 334 1308 Meritorum
362 1262 433 1325 gratia
461 1264 506 1309 Dei
535 1262 608 1308 filium
637 1263 711 1324 ipsunt
741 1261 849 1310 noveritis

84 1326 214 1371 affuturum.

135 1389 188 1434 Hec
203 1406 280 1435 revera
291 1406 336 1434 non
348 1386 463 1435 nullorum
476 1399 524 1435 erat
540 1389 624 1451 opini0,
636 1388 717 1452 quibus
733 1389 849 1452 grandius-

87 1455 150 1500 culus
160 1454 231 1500 factus
239 1455 319 1501 studiis
328 1454 392 1501 valde
401 1453 464 1501 bonis
473 1454 571 1516 placebat
578 1454 705 1502 franciscus.
729 1454 849 1517 Relegabat

86 1535 173 1580 semper
189 1536 202 1565 a
217 1535 240 1565 se
256 1536 330 1577 omne,
342 1519 405 1581 quod
421 1520 481 1582 apud
494 1520 590 1583 aliquem
607 1530 696 1566 sonaret
706 1519 811 1565 iniuriam
827 1530 850 1565 et

87 1582 177 1629 urbanis
193 1583 320 1630 adolescens
336 1583 444 1643 moribus,
455 1584 559 1629 omnibus
573 1584 692 1631 videbatur
702 1600 747 1629 non
757 1585 849 1629 illorum

87 1657 213 1708 parentum,
233 1647 271 1711 qui
290 1647 422 1695 dicebantur
440 1648 487 1694 eius
505 1649 613 1710 prosapia,
631 1648 726 1710 genitus.
758 1649 850 1707 Joannis

88 1711 185 1773 proinde
204 1729 286 1763 nomen
308 1713 336 1758 ad
351 1728 407 1775 opus
424 1713 540 1759 ministerii
557 1713 653 1775 pertinet
669 1712 730 1775 quod
747 1712 849 1774 suscepit.

87 1776 198 1836 Francisci
215 1794 269 1824 vero
285 1778 312 1824 ad
330 1776 482 1824 dilatationem
498 1777 556 1824 farne
572 1794 618 1836 sue,
635 1795 678 1841 que
697 1778 725 1824 de
741 1777 790 1841 ipso
805 1777 849 1823 iam

89 1842 154 1901 plene
161 1842 189 1886 ad
195 1843 272 1887 Deum
279 1858 393 1896 converso,
401 1842 484 1904 ubique
492 1844 537 1887 cito
546 1844 654 1902 pervenit.
672 1842 849 1887 Celeberrimuni

89 1905 141 1952 ideo
153 1921 219 1967 super
232 1904 334 1952 omnium
349 1904 405 1952 festa
416 1915 547 1952 sanctorum
558 1905 641 1951 festum
651 1905 744 1964 Joannis
755 1905 850 1967 baptiste

89 1968 181 2028 dicebat,
195 1969 258 2018 cuius
269 1969 366 2033 dignitas
377 1970 474 2017 nominis
485 1971 571 2017 mistice
583 1970 672 2017 virtutis
682 1970 796 2033 impressit
808 1970 849 2016 sibi

88 2035 216 2097 vestigium.
253 2035 296 2082 lllo
311 2035 369 2081 inter
387 2045 450 2081 natos
466 2037 587 2082 mulierum
604 2052 649 2081 non
661 2036 758 2081 surrexit
769 2035 849 2098 major,

88 2099 132 2146 isto
153 2101 212 2147 inter
232 2099 362 2146 fundatores
382 2100 518 2164 religionum
540 2117 585 2146 non
606 2101 702 2147 surrexit
720 2099 849 2162 perfectior.

89 2165 223 2211 Observatio
237 2176 298 2210 certa
308 2166 376 2225 digna
386 2166 498 2225 preconio.
533 2164 680 2225 Prophetavit
691 2166 782 2211 ioannes
793 2164 850 2210 inter

89 2238 172 2274 secreta
179 2229 273 2274 materni
280 2228 338 2274 uteri
347 2229 439 2286 clausus,
448 2229 578 2275 Franciscus
585 2229 608 2273 in
618 2244 702 2274 carcere
713 2228 780 2274 seculi
791 2228 851 2290 posi-

89 2301 126 2350 tus
136 2292 208 2341 divini
216 2293 288 2340 adhuc
296 2293 386 2356 ignarus
397 2293 482 2339 consilii
493 2294 570 2340 futura
580 2294 682 2355 predixit.
716 2294 749 2340 Et
759 2294 850 2356 quidem

89 2374 142 2403 cum
149 2359 207 2403 inter
214 2358 329 2419 perusinos
336 2358 394 2403 cives
401 2369 423 2403 et
429 2358 558 2413 assisinates,
566 2370 674 2419 tempore,
679 2358 785 2421 quodam,
790 2358 852 2403 fieret

90 2437 135 2465 non
150 2423 238 2467 modica
253 2432 337 2483 strages
352 2438 379 2465 ex
397 2422 440 2466 bell
450 2423 562 2476 conflictu,
573 2432 649 2481 captus
659 2421 790 2467 Franciscus
800 2437 852 2466 curn

90 2485 191 2544 pluribus
201 2496 224 2531 et
235 2486 361 2531 vinculatus
373 2501 424 2532 cum
436 2487 513 2532 ceteris
526 2486 637 2548 squalores
652 2485 743 2531 carceris
758 2485 852 2547 patitur.

90 2549 245 2597 Absorbentur
255 2549 346 2598 tristitia
356 2550 489 2613 concaptivi,
501 2548 652 2596 miserabiliter
665 2550 798 2613 captivitatis
814 2566 852 2595 sue

90 2615 204 2674 plorantes
219 2625 344 2671 eventum
361 2615 447 2662 exultat
463 2616 591 2662 Franciscus
606 2615 628 2660 in
644 2616 752 2671 Domino,
765 2615 853 2662 vincula

90 2680 148 2726 ridet
159 2691 182 2728 et
192 2682 285 2743 spernit.
317 2682 426 2726 Dolentes
436 2691 534 2743 arguunt
544 2681 704 2728 iocundantem
716 2681 738 2726 in
747 2679 851 2734 vinculis,

90 2743 192 2791 insanum
203 2755 309 2808 reputant
319 2762 343 2790 ac
354 2746 488 2791 dementem.
521 2745 652 2808 Respondet
660 2745 791 2791 Franciscus
799 2761 852 2805 pro-

91 2804 190 2870 phetice:
223 2810 564 2874 lnquoexultaremecreditis?
594 2808 720 2857 Meditatio
728 2809 770 2857 alia
778 2808 853 2855 subest

465 2886 476 2922 7
