1919 3169
127 151 153 183 12
335 136 496 183 LEGENDA
513 137 673 184 GREGORH

123 230 243 277 dicebant&
271 230 374 277 Uxorem
399 247 426 276 ne
450 231 531 277 ducere
556 232 590 278 vis
616 230 741 277 francisce?
782 232 831 284 Qui
854 248 890 276 re-

123 297 235 356 spondens
251 296 283 340 eis
300 294 384 339 aiebat:
407 295 550 340 Nobiliorem
566 306 589 341 et
605 295 756 357 pulchriorem
775 311 888 357 sponsam,

124 376 192 422 quarn
203 376 303 423 unquam
314 358 423 417 videritis
434 358 524 418 ducam,
535 377 579 423 que
592 361 669 406 ceteris
679 358 754 405 forma
764 360 888 422 promineat

122 434 145 470 et
157 426 263 486 sapientia
274 435 363 471 cunctas
374 423 471 470 excellat.

170 490 202 538 Et
220 489 325 553 equidem
344 489 486 536 immaculata
505 488 541 535 dei
561 505 641 551 sponsa
657 500 690 535 est
708 505 762 536 vera
769 490 784 515 ¹³
801 489 889 552 religio,

123 572 191 617 quarn
202 554 299 617 suscepit
309 565 332 601 et
343 554 459 601 thesaurus
474 554 617 602 absconditus
628 565 661 601 est
672 570 767 618 regnum
782 555 890 613 celorum,

123 620 185 681 quod
206 630 270 664 tanto
297 619 408 663 desiderio
435 619 560 680 exquisivit.
604 619 665 668 Quia
692 620 815 663 necessario
843 630 889 663 erat

123 683 217 728 omnino
224 690 239 716 ¹⁹
255 682 345 729 vocatio
361 681 510 744 evangelica²⁰
526 682 549 727 in
562 697 589 728 eo
600 681 716 743 explenda,
728 682 768 745 qui
779 681 889 745 evangelii

123 759 170 796 erat
182 748 284 795 minister
295 747 318 793 in
329 747 373 794 fide
384 757 407 793 et
418 747 511 794 veritate
521 745 637 794 futurus.²¹

5 937 7 939 ·
62 929 118 973 [n-v]
124 926 226 976 Qualiter
235 925 335 968 venditis
344 924 455 976 omnibus,
466 927 585 977 pecuniam
595 931 727 978 susceptam
737 928 881 979 contempsit.

171 1027 248 1118 &ir
271 1052 301 1099 sic
323 1051 415 1098 affectus
437 1051 514 1113 beatus
536 1067 613 1099 servus
640 1051 742 1099 altissimi
767 1062 790 1099 et
814 1062 890 1101 sancto

124 1120 204 1182 spiritu
220 1118 373 1175 confirmatus,
390 1117 498 1180 quoniam
514 1118 589 1164 aderat
606 1127 696 1181 tempus
712 1128 840 1174 statutum,²
856 1137 889 1165 se-

124 1185 202 1246 quitur
213 1184 278 1229 illurn
289 1182 379 1227 beatum
390 1182 501 1243 impetum
510 1183 578 1227 animi
587 1183 629 1239 sui,
636 1184 721 1246 quoad
730 1185 815 1244 optima
823 1184 889 1241 bona,

123 1247 210 1293 calcatis
231 1245 374 1304 secularibus,
396 1245 449 1290 itur.
492 1245 547 1289 Non
571 1245 650 1290 licebat
671 1246 699 1291 de
721 1255 795 1292 cetero
817 1246 888 1294 facere

122 1328 217 1370 moram,
229 1312 282 1375 quia
296 1309 368 1356 letalis
384 1310 476 1355 morbus
492 1308 576 1373 ubique
591 1310 635 1355 iam
652 1310 675 1355 in
692 1321 796 1357 tantum³
813 1328 889 1358 excre-

123 1386 201 1433 verat3
224 1386 247 1423 et
275 1375 400 1421 multorum
431 1374 462 1419 sic
490 1389 569 1420 omnes
596 1385 743 1437 occupaverat
766 1386 836 1432 artus,
862 1387 889 1422 ut

124 1441 243 1505 aliquantis
257 1456 297 1503 per
315 1440 403 1486 medico
425 1439 558 1496 retardante,
581 1438 692 1501 abriperet
714 1441 790 1499 vitam,
812 1441 890 1487 vitali4

123 1507 204 1569 spiritu
215 1503 341 1551 intercluso.

172 1571 249 1634 Surgit
259 1569 353 1632 proinde
365 1568 445 1630 signo⁵
462 1577 536 1613 sancte
550 1568 621 1614 crucis
633 1584 655 1613 se
667 1568 771 1615 muniens
782 1587 788 1626 ;
805 1580 827 1615 et
838 1586 888 1631 pre-

124 1645 201 1696 parato
220 1651 286 1697 equo,
308 1649 375 1693 super
396 1648 449 1677 eum
471 1632 577 1688 ascendit,
596 1634 775 1694 assumptisque⁶
797 1645 888 1680 secum⁷

124 1699 203 1762 pannis
233 1695 368 1744 scarulaticis
401 1696 429 1742 ad
463 1695 615 1754 vendendum,
642 1696 670 1741 ad
697 1696 817 1756 civitatem,
845 1716 889 1760 que
940 1747 941 1752 ,

123 1764 252 1828 fulgineum
263 1773 364 1819 vocatur,
377 1759 473 1807 festinus
490 1760 597 1807 devenit.S
631 1759 666 1806 lbi
678 1777 705 1808 ex
716 1779 779 1808 more
791 1763 889 1809 venditis

124 1830 236 1887 omnibus,
247 1844 292 1891 que
309 1825 418 1889 portabat,
435 1824 551 1882 caballum,
562 1825 598 1871 cui
616 1835 683 1872 tunc9
699 1826 817 1886 insederat,
835 1826 889 1875 felix

125 1904 234 1940 mercator
258 1901 373 1953 assumpto
401 1891 481 1951 preti0,
509 1889 654 1951 dereliquit.¹⁰
698 1892 889 1954 Regressusque1¹

125 1958 185 2013 inde,
203 1956 333 2017 depositis¹²
350 1954 447 2011 sarcinis,
459 1953 514 2015 quid
532 1964 606 2015 ageret
624 1954 652 1998 de
668 1955 768 2015 pecunia,
786 1956 890 2017 religiosa

125 2033 200 2068 mente
210 2019 323 2068 tractabat.
357 2018 447 2063 Mirum
459 2018 482 2062 in
494 2018 590 2063 modum
601 2034 654 2062 mox
665 2028 727 2063 totus
738 2018 762 2063 in
773 2019 809 2065 dei
821 2038 888 2083 opere

125 2104 252 2145 conversus,
264 2094 382 2150 gravatum
393 2083 460 2130 valde
476 2100 499 2129 se
513 2083 617 2139 sentiens,
628 2084 746 2145 pecuniam
756 2084 818 2131 illam
829 2086 866 2133 vel
875 2096 890 2119 ¹³

125 2170 169 2199 una
180 2153 235 2199 hora
245 2160 333 2214 portare
343 2165 349 2205 3
366 2156 412 2194 ac¹⁴
423 2148 493 2196 velud
509 2164 598 2194 arenam
605 2155 620 2179 ²⁵
638 2159 744 2210 reputans
755 2165 822 2197 omne
833 2152 889 2199 illud

123 2217 310 2269 emolumentum,
321 2214 349 2259 ad
360 2213 516 2274 deponendam
527 2212 589 2258 illam
601 2213 646 2258 cito
657 2213 772 2259 festinant

165 2346 180 2369 ¹³
189 2347 227 2383 Ox.
237 2358 282 2381 narn.
386 2345 401 2370 19
411 2340 444 2377 Os.
455 2342 512 2378 omits.
616 2344 632 2363 ²⁰
641 2340 675 2378 Os.
685 2342 746 2379 inserts
755 2344 839 2392 predicta.

165 2401 179 2421 ²¹
190 2398 229 2435 Ox.
239 2396 327 2433 affuturus.

164 2454 171 2472 ¹
181 2451 205 2487 E.
215 2451 260 2500 quia.

163 2507 171 2525 ²
181 2502 220 2540 Bol.
230 2504 290 2538 inserts
300 2498 363 2536 Statuit
372 2496 420 2534 illum
429 2497 498 2533 beatum
507 2496 590 2546 impetum
600 2497 652 2534 animi
661 2498 686 2534 sui
695 2510 730 2548 quo
739 2498 762 2535 ad
771 2501 836 2549 optima
844 2501 888 2538 bona

126 2555 188 2593 calculi
197 2552 300 2591 secularibus
308 2553 341 2588 itur
350 2563 385 2587 non
393 2549 445 2586 licere
454 2548 477 2585 de
486 2549 547 2585 ceteris
556 2548 612 2586 facere
621 2562 693 2587 moram.
721 2549 755 2586 Os.
765 2552 795 2588 the
803 2566 850 2589 same
858 2553 889 2589 but

125 2609 177 2645 alters
186 2606 239 2643 licere
248 2614 266 2641 to
275 2602 343 2640 licebat.

164 2663 172 2687 ³
182 2659 206 2695 E.
216 2666 292 2694 tamtam.
344 2658 352 2683 4
361 2652 394 2691 Os.
407 2653 424 2689 in
433 2651 470 2688 tali.
514 2654 522 2679 5
531 2651 560 2688 M.
570 2653 642 2699 signum.
695 2651 741 2689 ⁶M.
752 2665 888 2705 assumptusque.

164 2712 172 2738 ⁷
181 2709 210 2747 H.
222 2708 256 2747 and
265 2706 293 2744 Μ.
304 2707 351 2744 omit.
454 2701 462 2725 ⁸
472 2701 505 2738 Os.
515 2703 590 2740 advenit.
694 2708 702 2733 9
712 2702 745 2741 05,
754 2707 811 2742 omits.

165 2766 180 2786 ¹⁰
190 2762 218 2800 M.
228 2760 336 2810 derelinquit.
415 2759 429 2778 ¹¹
439 2755 472 2792 Os.
483 2755 608 2807 Egressusque.
687 2760 702 2778 1²
711 2755 750 2794 Ox.
760 2760 825 2808 positis,

165 2818 180 2844 1³
189 2815 221 2853 W.
230 2823 254 2851 ut.
409 2812 424 2838 ¹4
434 2807 467 2845 Os.
477 2808 534 2845 omits.
690 2811 704 2837 15
714 2808 747 2847 03,
757 2810 846 2849 bavenaffl'

166 2866 181 2891 1⁶
191 2869 217 2905 H.
227 2864 324 2904 festinabat.
