1919 3169
309 46 471 95 aroanna
487 46 644 108 nunqua
829 50 857 109 85

142 146 251 192 Oratione
267 148 337 201 finita,
349 145 419 192 crucis
430 145 495 208 signo
505 146 581 207 ignem
593 146 708 207 consignat
719 158 741 192 et
754 147 858 208 deinceps

93 210 218 273 intrepidus
235 221 326 273 perstat.
360 209 459 257 Sumitur
476 210 499 256 in
517 208 627 267 manibus,
647 210 742 257 candens
761 221 784 256 et
802 212 859 257 orri-

93 275 148 318 dum
157 274 249 331 ferrum,
261 276 353 338 fugiunt
363 274 444 319 fratres
459 275 597 320 humanitate
614 274 676 330 victi,
687 275 745 320 letus
755 285 778 320 et
789 276 859 321 alacer

92 338 153 383 ferro
175 354 198 384 se
225 339 294 386 obicit
326 348 420 394 sanctus³
449 338 600 398 profundatur
632 339 741 399 crepitans
772 338 859 384 ferrum

93 401 116 447 in
134 412 210 448 tenera
228 420 293 450 carne
312 413 334 449 et
353 402 380 448 ab
400 418 451 447 aure
470 419 542 464 usque
560 405 588 449 ad
607 402 751 464 supercilium
770 403 859 449 tractim

93 479 183 514 coctura
191 469 335 530 protrahitur.
364 467 481 528 Quantum
490 468 623 530 irrogaverit
634 468 692 529 ignis
703 467 740 513 ille
749 469 859 526 dolorem,

93 532 146 587 eius,
159 533 198 594 qui
209 533 289 578 melius
304 532 374 588 novit,
387 532 456 576 sancti
473 531 540 576 verba
556 541 680 586 testantur;
697 548 749 576 nam
765 533 860 578 reversis

93 595 131 656 qui
145 595 250 656 fugerant
266 594 383 647 fratribus,
400 594 517 639 subridens
534 595 591 639 dixit
608 603 682 657 pater:
705 594 860 640 Pusillanimes

93 669 116 704 et
133 659 216 705 modici
234 660 314 714 cordis,
332 675 400 721 quare
417 658 522 720 fugistis?
564 659 591 704 ln
607 660 701 705 veritate
718 661 770 706 dico
787 661 859 716 vobis,

94 723 211 786 nec'ignis
232 724 334 770 ardorem
357 724 421 779 sensi,
441 741 481 769 nec
502 722 573 769 ullum
596 725 666 769 carnis
684 725 794 770 dolorem.
828 725 860 770 Et

94 803 214 834 conversus
247 789 275 835 ad
309 788 438 835 medicum:
480 788 502 835 Si
536 806 589 846 non,
617 789 704 851 inquid,
732 790 787 835 bene
820 790 860 836 de-

94 862 162 911 cocta,
194 852 300 915 imprime
334 852 424 899 iterum.
465 852 579 913 Expertus
612 854 711 899 medicus
743 854 860 900 dissimiles

94 932 157 962 casus
193 916 216 962 in
245 917 312 963 simili
345 915 413 973 facto,
447 916 550 965 divinum
586 917 629 964 hoc
665 918 796 965 miraculum
832 935 860 965 ex

94 980 153 1037 tulit,
176 982 267 1028 dicens:
295 982 355 1028 Dico
377 982 449 1037 vobis,
470 981 557 1039 fratres,
581 983 629 1029 vidi
654 982 763 1030 mirabilia
784 984 858 1030 hodie.

95 1046 169 1091 Credo
186 1048 213 1092 ad
232 1047 382 1093 innocentiam
400 1047 495 1109 primam
512 1047 614 1104 redierat,
633 1048 676 1105 cui,
694 1063 745 1110 cum
762 1048 903 1105 volebat,Fol.
913 1066 937 1106 79

94 1110 268 1157 mansuebantur
278 1111 380 1157 immitia.

140 1245 212 1330 Per
223 1281 297 1326 lacum
308 1278 420 1326 reatinum
429 1278 506 1324 beatus
518 1278 662 1324 Francischus
671 1279 698 1326 ad
706 1279 824 1327 heremum
833 1280 920 1333 de[r-1J]

94 1345 167 1407 gretio
184 1346 284 1399 tendens,
302 1344 326 1389 in
345 1343 441 1406 quadam
459 1343 559 1388 navicula
576 1343 693 1400 residebat,
712 1346 747 1390 cui
764 1346 861 1405 piscator

95 1410 208 1470 quandam
220 1423 288 1453 unam
299 1407 409 1452 aviculam
421 1405 505 1452 obtulit
516 1406 635 1459 fiuvialem,
648 1417 674 1452 ut
685 1408 713 1453 de
724 1408 771 1469 ipsa
782 1409 861 1455 iocun-

95 1473 186 1518 daretur
197 1472 220 1517 in
231 1471 332 1527 domino,
345 1488 413 1534 quam
424 1471 501 1516 beatus
512 1482 575 1532 pater
591 1471 715 1533 gaudenter
731 1474 860 1534 suspiciens,

94 1538 177 1600 apertis
193 1536 304 1592 manibus,
320 1546 347 1581 ut
362 1534 431 1580 libere
450 1534 528 1592 abiret,
544 1536 604 1580 illam
622 1553 673 1582 cum
691 1539 861 1584 mansuetudine

95 1602 207 1649 invitavit.
241 1601 295 1653 Que
307 1616 358 1646 cum
370 1600 402 1645 ire
413 1600 490 1657 nollet,
502 1600 541 1645 scd
552 1601 620 1646 velud
631 1601 654 1646 in
671 1602 752 1647 nidulo
767 1602 790 1647 in
802 1603 861 1649 illius

94 1684 117 1713 se
131 1666 232 1713 manibus
245 1665 356 1721 reclinare,
368 1675 456 1711 sanctus
471 1665 551 1710 erectis
566 1665 635 1710 oculis
653 1666 676 1711 in
693 1667 793 1713 oratione
810 1685 861 1729 per-

95 1732 183 1777 mansit.
217 1731 248 1775 Et
259 1729 322 1792 quasi
333 1729 422 1774 aliunde
431 1739 482 1789 post
490 1729 581 1790 longam
590 1744 677 1776 moram
685 1730 713 1776 ad
721 1747 744 1775 se
752 1747 860 1788 reversus,

95 1796 192 1842 dulciter
202 1794 302 1856 precepit
312 1791 405 1850 avicule,
417 1804 444 1838 ut
456 1792 540 1855 absque
556 1793 638 1839 timore
655 1796 747 1855 pristine
763 1795 861 1841 libertati

94 1878 117 1908 se
138 1860 250 1908 redderet.
294 1859 399 1920 Suscepta
419 1858 495 1921 itaque
517 1874 568 1904 curn
591 1857 744 1906 benedictione
766 1861 861 1919 licentia,

95 1926 195 1987 corporis
206 1923 293 1987 [gestu]
304 1923 421 1986 quoddam
431 1923 567 1985 pretendens
577 1924 686 1986 gaudium
698 1925 802 1972 avolavit.

143 2053 226 2141 Qum
253 2082 330 2129 beatus
358 2082 505 2128 Francischus
531 2093 644 2143 aspectum
670 2094 692 2129 et
722 2085 934 2147 colloquium-HJ}

95 2151 215 2197 hominum
224 2164 287 2195 more
295 2147 362 2193 solito
371 2145 459 2210 fugiens
468 2147 491 2193 in
500 2148 596 2210 quadam
604 2147 695 2194 heremo
704 2162 861 2208 commaneret,

95 2216 153 2262 falco
164 2217 187 2261 in
198 2215 248 2260 loco
260 2212 376 2258 nidificans
387 2227 469 2275 magno
478 2229 500 2258 se
509 2212 540 2257 illi
549 2212 645 2258 amicitie
653 2213 728 2260 federe
737 2217 862 2276 copulavit3

96 2297 147 2325 nam
166 2294 252 2339 semper
270 2278 347 2321 horam
367 2287 479 2321 nocturno
497 2286 606 2337 tempore,
624 2277 647 2321 in
666 2294 710 2339 qua
728 2290 817 2324 sanctus
834 2282 862 2326 ad

96 2344 173 2390 divina
184 2341 290 2404 obsequia
306 2355 396 2401 surgere
414 2339 495 2386 solitus
512 2350 566 2398 erat,
578 2351 644 2386 cantu
661 2356 702 2387 suo
720 2343 862 2404 preveniebat

96 2418 118 2454 et
136 2424 199 2465 sono,
211 2405 273 2471 quod
290 2414 365 2451 sancto
383 2404 419 2450 dei
437 2404 588 2467 gratissimum
605 2415 658 2462 erat,
675 2422 702 2452 co
720 2410 783 2470 quod
801 2420 863 2455 tanta

96 2473 253 2528 sollicitudine,
263 2486 331 2533 quam
343 2484 394 2531 erga
405 2485 458 2514 eum
476 2471 573 2532 gerebat,
585 2470 612 2516 ab
629 2485 656 2515 eo
673 2471 758 2518 desidie
776 2490 868 2521 moramv

96 2547 226 2591 excuteret3
244 2552 295 2580 cum
311 2550 364 2580 vero
381 2543 471 2578 sanctus
489 2534 563 2595 aliqua
580 2534 711 2582 infirmitate
728 2537 778 2597 plus
795 2539 862 2584 solito

96 2610 233 2662 gravaretur,
253 2597 355 2660 parcebat
374 2594 438 2653 falco,
458 2614 498 2642 nec
520 2607 565 2642 tam
587 2599 731 2658 tempestivas
753 2601 863 2648 indicebat

97 2664 191 2725 vigilias.
224 2663 340 2726 Siquidem
351 2661 418 2707 velud
434 2660 559 2707 instructus
577 2678 589 2707 a
606 2663 655 2718 deo,
667 2664 722 2709 circa
739 2664 861 2712 diluculum

97 2729 158 2791 vocis
164 2746 204 2775 sue
211 2743 340 2790 campanam
346 2725 390 2772 levi
398 2734 458 2772 tactu
467 2725 576 2788 pulsabat.
609 2727 721 2775 Creatoris
730 2731 863 2792 precipuum

97 2804 218 2839 amatorem
230 2809 275 2838 non
287 2792 370 2837 mirum
382 2791 400 2834 si
411 2801 546 2837 venerantur
556 2790 640 2852 relique
651 2803 757 2840 creature.
