1919 3169
123 67 138 111 4
443 44 550 92 runuic

850 131 889 151 PAGE

85 170 116 213 [K]
123 166 251 203 Pnnncnuruo
277 190 281 200 .
371 160 450 209 Qualiter
468 160 520 198 frater
538 160 629 211 quemdam
647 161 670 196 de
685 173 758 209 paupere
773 159 822 196 oblo-

62 216 119 262 Fotis
393 222 474 261 quentum
488 214 565 250 correxit
584 238 821 249 .....

367 263 397 300 De
407 263 496 308 mantello,
506 277 557 313 quem
567 262 623 300 vetule
632 263 676 312 apud
691 262 768 299 celarium
775 262 824 297 dedit

190 345 202 363 ‚‚
301 342 305 351 .
368 314 430 351 Simile
438 315 481 350 fecit
489 317 507 351 in
516 329 588 365 paupere
597 314 647 351 alio.
702 328 705 337 ·
818 341 822 349 .

191 399 204 415 ,,
314 396 318 404 .
369 367 449 415 Qualiter
458 366 507 404 alteri
516 367 603 404 humiliter
613 366 661 403 dedit
670 364 770 403 mantellum
818 393 822 401 .

191 450 203 468 ‚,
288 448 292 456 .
370 419 428 456 Dedit
437 419 505 457 cuidam
518 419 624 462 mantellum,
633 432 654 455 ue
667 418 723 454 odiret
735 418 824 454 dominum

288 523 305 571 J.
370 520 446 559 Cuidam
455 523 524 572 pauperi
533 523 601 570 gaidam
610 522 667 559 tunice
676 521 724 558 dedit
761 549 765 558 .
819 548 823 557 .

192 604 204 622 „
290 574 316 623 IJ.
375 574 430 611 Matri
452 575 522 624 pauperi
544 574 617 611 duorum
639 573 711 610 fratrum
728 572 765 609 dari
783 571 825 609 fecit

396 640 460 664 novum
473 635 593 663 testamentum
646 656 650 663 .
704 652 708 660 .
762 652 765 660 .
820 651 823 660 .

193 707 205 725 „
270 677 328 728 VHJ.
374 677 448 715 Cuidam
465 679 535 728 pauperi
557 678 624 715 mulieri
645 678 716 728 patienti
732 678 750 713 in
772 675 825 713 oculis

398 731 447 767 dedit
456 730 555 767 mantellum
589 756 825 768 .....

193 811 205 828 ,,
270 783 306 831 ]Χ.
370 783 401 818 De
415 783 488 819 denariis
505 796 538 831 que
552 782 589 819 dari
603 782 645 818 fecit
660 783 713 817 tribus
729 781 827 817 mulieribus

398 833 429 869 sibi
436 834 453 868 in
462 833 490 869 via
499 834 618 882 apparentibus
627 842 644 868 et
654 835 688 869 cito
697 832 820 880 disparentibus

221 887 255 927 De
262 885 338 926 studio
346 885 455 926 orationis
462 885 537 926 sancti
545 883 667 926 Francisci.
693 883 729 919 Sub
736 886 770 920 hoc
777 881 827 919 titulo

399 947 465 986 tempus
474 936 523 974 locus
532 946 549 973 et
558 937 629 973 affectus
638 938 702 974 orantis
711 938 819 973 continentur

195 1019 207 1038 ‚‚
272 991 288 1039 J.
372 988 403 1026 De
413 990 459 1026 horis
469 989 555 1027 canonicis
564 989 627 1027 devote
635 988 728 1027 reddendis
763 1016 768 1025 .
822 1015 826 1024 .

196 1072 208 1089 ,‚
274 1042 300 1091 lJ.
375 1041 454 1089 Qualiter
463 1055 512 1079 orans
522 1042 601 1089 abigebat
609 1042 727 1091 phantasmata
736 1042 826 1078 cordis.

196 1123 209 1140 „
274 1094 312 1142 HJ.
376 1093 406 1129 De
415 1095 476 1129 mentis
485 1107 559 1130 excessu
591 1120 827 1130 .....

195 1173 207 1191 ‚,
272 1144 322 1194 IHJ.
374 1144 452 1191 Qualiter
461 1155 500 1193 post
509 1159 526 1180 se
536 1147 631 1181 orationem
640 1146 721 1192 prebebat
765 1170 769 1178 .
823 1170 826 1179 .

196 1228 208 1244 ‚,
273 1196 298 1234 V.
376 1196 471 1245 Quomodo
485 1199 574 1246 episcopus
587 1197 673 1235 inveniens
686 1198 741 1246 ipsum
752 1204 829 1234 orantem

400 1248 468 1299 loquela
476 1250 550 1299 privatus
559 1258 585 1286 est
592 1276 828 1286 .....

197 1331 209 1348 „
275 1301 310 1350 VJ.
375 1301 830 1352 Quomodoquidamabbassensitvirtutemorationis

401 1367 437 1390 erus

224 1406 259 1445 De
280 1405 396 1444 intellectu
416 1407 490 1444 sancti
510 1406 533 1444 in
553 1406 625 1445 sacris
645 1406 739 1454 litteris3
759 1408 782 1444 et
802 1404 830 1444 de

401 1457 485 1497 virtute
493 1455 612 1496 verborum
624 1455 679 1496 eius.
695 1456 730 1490 Sub
738 1456 772 1491 hoc
781 1453 831 1491 titulo

403 1509 511 1545 continentur
521 1508 574 1558 qualis
584 1510 654 1545 scientie
663 1518 680 1544 et
689 1509 771 1544 memorie
780 1506 831 1543 fuerit

275 1563 292 1610 J.
378 1560 408 1597 De
417 1561 470 1597 verbo
477 1561 585 1610 prophetico,
591 1561 637 1610 quod
646 1561 668 1598 ad
677 1574 736 1610 preces
743 1559 831 1597 cuiusdam

402 1613 454 1662 patris
464 1612 486 1649 de
495 1613 555 1649 ordine
564 1613 691 1662 predicatorum
700 1613 780 1661 exposuit
825 1638 830 1648 .

276 1665 303 1714 tJ.
378 1664 409 1701 De
422 1666 460 1708 hiis,
475 1678 514 1714 que,
527 1665 643 1713 interrogante
656 1664 731 1715 quodam
744 1663 832 1701 Cardinali

403 1717 484 1763 exposuit

380 1766 429 1813 Quid
438 1780 455 1803 se
465 1768 508 1803 scire
517 1766 586 1804 cuidam
594 1767 643 1804 fratri
652 1767 740 1816 respondit
770 1794 773 1802 .
827 1795 831 1803 .

323 1846 328 1856 .
379 1818 409 1855 De
427 1819 492 1855 visione
509 1819 565 1856 fratris
579 1818 653 1870 pacifici,
672 1820 700 1870 qui
714 1819 758 1855 vidit
771 1819 789 1855 in
803 1832 832 1856 ore

405 1872 459 1909 sancti
471 1872 515 1908 duos
527 1870 612 1920 fulgentes
625 1871 715 1920 gladios.
769 1899 773 1907 .
828 1898 831 1906 .

209 1952 214 1968 ‚
279 1923 304 1959 V.
382 1923 413 1959 De
435 1923 508 1960 efficatia
530 1938 627 1961 sermonum
645 1926 681 1961 eius
701 1934 718 1960 et
736 1924 833 1960 testimonio

406 1974 493 2010 cuiusdam
507 1974 604 2023 presbiteri.
654 2002 658 2010 .
712 2003 716 2010 .
770 2001 774 2009 .
828 2000 832 2008 .

280 2024 315 2074 VJ.
382 2023 461 2074 Qualiter
473 2026 521 2062 verbi
534 2026 596 2063 virtute
611 2039 641 2075 per
654 2026 725 2062 fratrem
738 2024 834 2062 silvestrum

407 2078 429 2114 de
438 2078 506 2114 civitate
515 2079 564 2127 aretiJ
573 2079 653 2115 demonia
661 2077 742 2126 effugavit
771 2107 775 2115 .
829 2103 833 2113 .

280 2129 327 2180 VIJ.
379 2128 411 2166 De
420 2131 530 2167 conversione
539 2131 590 2180 ipsius
598 2130 655 2167 fratris
664 2130 737 2168 silvestri
746 2139 763 2167 et
770 2130 835 2167 visione

406 2182 480 2232 quadam

280 2233 338 2283 VHJ.
382 2232 501 2322 ququodam
514 2234 566 2271 fratre
581 2235 603 2272 ab
618 2236 744 2286 impugnatione
757 2235 836 2271 demonis

414 2300 419 2323 r
442 2296 479 2323 rato

211 2365 216 2381 ,
280 2338 316 2385 JX.
383 2337 414 2373 De
422 2351 474 2385 porca
487 2339 508 2374 ab
521 2341 558 2386 ipso
571 2339 669 2382 maledicta,
681 2352 715 2387 que
727 2339 836 2375 manducavit

408 2402 469 2438 agnum
481 2416 834 2426 .......

232 2443 266 2484 De
273 2441 383 2492 fugienda
396 2441 549 2483 familiaritate
562 2443 688 2484 mulierum.
706 2443 779 2479 sithoc
787 2441 837 2478 titulo

408 2495 503 2531 continetur
517 2493 588 2544 qualiter
604 2505 671 2531 sanctus
687 2496 762 2531 cumeis
776 2494 836 2544 loque-

409 2546 457 2582 batur
466 2559 561 2596 proponens
571 2560 588 2583 se
598 2547 676 2584 omnibus
685 2547 702 2583 in
711 2546 808 2596 exemplum
832 2574 836 2583 .

206 2625 219 2644 ‚,
283 2599 299 2647 J.
384 2597 460 2646 Enigma
473 2599 539 2647 ponitur
550 2608 609 2636 contra
618 2608 705 2649 aspectum
714 2598 804 2636 mulierum
833 2628 836 2636 .

206 2676 218 2693 ,‚
284 2650 310 2697 IJ.
386 2650 493 2697 Exemplum
502 2651 556 2686 sancti
600 2677 836 2686 .....

233 2701 267 2742 De
280 2700 445 2752 tentationibus
459 2702 532 2742 sancti
548 2702 626 2752 petris.
648 2702 683 2738 Sub
692 2702 726 2737 hoc
735 2701 785 2738 tituto
795 2715 837 2737 con-

410 2754 472 2790 tinetur
481 2753 553 2804 qualiter
560 2763 627 2792 sauctus
634 2755 745 2791 tentationem
754 2755 839 2804 superavit

206 2833 218 2852 ‚,
282 2807 298 2855 J.
386 2806 439 2855 Quod
457 2806 540 2855 dyabolus
557 2807 625 2844 vocavit
641 2820 679 2844 eum
697 2816 715 2843 et
732 2807 754 2844 de
771 2807 839 2844 luxuria
