1919 3169
141 112 171 170 76
326 107 528 157 TRACTATUS
547 107 722 155 SECUNDUS

139 205 266 253 dulcissime
276 207 340 253 fiunt.
374 205 439 252 Dixit
448 214 524 252 autem
532 214 621 251 sanctus
632 215 723 252 sancto:
738 204 832 261 Vellem,
839 204 908 252 frater

140 273 262 329 Francisce,
273 288 341 316 onam
352 271 399 316 fieri
409 270 541 331 religionem
554 281 616 316 tuam
628 280 650 314 et
661 287 734 315 meam
745 281 768 316 et
783 271 807 316 in
817 270 907 316 ccclesia

140 336 187 397 pari
206 335 279 380 forma
300 352 342 379 nos
363 334 446 380 vivere.
479 335 579 379 Demum
601 350 652 378 cum
674 334 829 390 discesserunt,
850 334 907 379 dixit

140 408 229 446 sanctus
245 399 379 446 Dominicus
395 398 501 461 pluribus,
521 400 560 461 qui
577 408 630 443 tunc
647 398 752 445 aderant:
772 399 908 445 inveritate

140 464 192 511 dico
202 464 273 521 vobis,
284 464 344 510 hunc
355 474 458 510 sanctum
469 464 544 510 virum
555 463 715 510 Francischum
732 464 798 510 ceteri
809 464 907 527 religiosi

139 530 201 592 sequi
213 529 319 576 deberent
329 545 335 585 ;
352 539 414 591 tanta
424 539 458 575 est
468 545 507 575 sue
518 529 640 575 sanctitatis
650 528 764 591 perfectio.

29 674 136 717 [Α-ὒΧΧῊ]
157 672 224 725 Quod
237 683 328 723 semper
342 672 371 713 ob
383 682 461 714 veram
475 671 627 714 obedientiam
640 671 719 714 habuit
732 673 890 723 guardianum.

183 748 243 827 Uir
253 780 354 843 pluribus
361 782 486 826 lucraretur
494 781 567 826 modis
578 782 705 844 negotiator
714 781 756 827 iste
766 782 907 833 cautissimus

139 864 164 892 ac
185 856 260 892 totum
281 861 371 908 presens
396 854 497 905 tempore
523 845 629 890 conflaret
654 846 676 890 in
702 846 815 901 meritum,
838 846 906 891 frenis

139 911 266 957 obedientie
282 909 317 971 agi
336 908 408 954 voluit
427 919 449 954 et
468 908 540 954 alieno
556 908 660 971 regimini
677 908 809 955 submittere
825 917 907 956 semet-

138 978 218 1038 ipsum.
253 975 367 1038 Siquidem
378 990 424 1019 non
436 972 508 1020 solum
522 974 618 1036 generali
632 974 704 1020 officio
720 974 847 1038 resignavit,
860 976 905 1031 sed,

139 1051 231 1103 propter
258 1039 330 1084 maius
354 1038 485 1094 obedientie,
511 1039 597 1083 bonurn
621 1039 769 1100 guardianum
794 1040 905 1103 singulare

139 1105 238 1166 expetiit,
255 1120 321 1166 quern
338 1102 460 1163 specialiter
477 1102 559 1149 coleret
577 1103 600 1148 in
619 1103 747 1164 prelatum3
770 1104 827 1150 dixit
845 1106 906 1150 enirn

139 1169 202 1214 fratri
216 1170 285 1213 Petro
298 1166 408 1230 Cathanij,
420 1166 454 1211 cui
470 1166 559 1227 pridem
575 1166 724 1212 obedientiam
740 1178 837 1213 sanctam
853 1185 907 1229 pro-

139 1234 242 1280 miserat:
257 1234 323 1294 Rogo
333 1241 356 1277 te
367 1241 459 1293 propter
466 1231 593 1288 dominum,
602 1241 628 1278 ut
635 1233 707 1278 vicem
716 1241 778 1278 tuam
786 1233 814 1279 de
822 1249 859 1279 me
867 1233 906 1279 uni

140 1299 168 1345 de
177 1299 239 1345 sotiis
250 1297 305 1343 meis
316 1296 453 1353 commictas,
466 1296 517 1360 quia
527 1297 584 1342 sicut
597 1295 637 1342 tibi
649 1296 744 1343 devotus
757 1298 904 1346 obedientam.

139 1365 195 1420 Scio,
202 1363 287 1425 inquid,
295 1361 385 1406 obedire
396 1361 496 1406 fructum
508 1371 530 1405 et
541 1362 603 1423 quod
614 1361 682 1406 nichil
693 1373 788 1408 transeat
799 1364 907 1425 temporis

139 1428 186 1472 sine
196 1427 260 1472 lucro
272 1426 310 1489 qui
321 1425 411 1469 alterius
421 1425 478 1486 iugo
489 1424 545 1470 colla
555 1425 689 1471 submiserit.
723 1426 828 1471 Admissa
836 1428 906 1489 igitur

138 1508 179 1538 sua
191 1491 303 1547 instantia,
315 1505 386 1551 usque
402 1488 430 1534 ad
447 1498 544 1534 mortem
560 1489 663 1535 subditus
679 1489 761 1553 ubique
777 1492 905 1552 permansit,

138 1556 261 1619 guardiano
279 1554 372 1615 proprio
390 1570 478 1615 semper
496 1564 622 1599 reverenter
640 1554 801 1616 obtemperans.
841 1557 906 1603 Dixit

139 1631 215 1667 autem
234 1619 331 1682 quadam
350 1618 398 1663 vice
413 1618 478 1663 sotiis
496 1619 556 1664 suis:
579 1620 641 1664 lnter
659 1618 708 1677 alia,
726 1636 768 1682 que
787 1621 906 1682 dignanter

139 1685 210 1746 pietas
220 1684 276 1728 mihi
287 1683 363 1727 divina
371 1683 489 1737 concessit,
499 1682 555 1726 hanc
572 1683 666 1744 gratiam
683 1684 784 1738 contulit,
798 1686 860 1747 quod
877 1687 908 1731 ita

51 1746 258 1810 F⁰l·27'‘'diligenter
275 1746 362 1791 novitio
378 1746 444 1790 unius
460 1744 514 1790 hore
531 1745 652 1801 obedirem,
666 1746 684 1791 si
701 1748 756 1792 mihi
772 1749 907 1809 guardianus

140 1813 237 1870 daretur,
249 1812 306 1858 sicut
320 1810 483 1874 antiquissim0‚
497 1808 530 1855 vel
540 1810 695 1874 antiquissimo
706 1812 817 1875 cuiquam.
850 1813 905 1860 Sub-

140 1880 201 1926 ditus
214 1878 293 1942 inquid
305 1875 416 1938 prelatum
429 1892 497 1921 suum
507 1876 622 1922 hominem
633 1877 772 1923 considerare
783 1878 855 1937 debet,
867 1881 906 1927 sed

140 1944 212 1997 illum,
228 1960 270 2003 pro
287 1942 349 1985 cuius
366 1951 399 1985 est
416 1941 532 1986 subiectus.
568 1942 662 1992 Quanto
679 1953 754 1987 autem
772 1945 906 2005 contempti-

141 2006 206 2054 bilior
222 2004 327 2068 presidet,
338 2013 402 2051 tanto
419 2002 542 2050 obedientis
557 2004 670 2050 humilitas
686 2006 756 2070 magis
771 2006 848 2069 placet.

23 2173 137 2215 [merirum]
155 2157 298 2253 bignorpodo
320 2167 399 2198 verum
418 2155 559 2197 obedientem
582 2156 715 2208 descripsit;
736 2161 760 2199 et
782 2158 810 2200 de
831 2160 905 2204 tribus

141 2222 281 2254 oerenns.

187 2289 278 2378 6filio
289 2331 391 2383 ternpore
402 2320 479 2367 sedens
490 2335 542 2367 cum
554 2321 616 2367 sotiis
624 2319 701 2367 beatus
710 2322 856 2370 Francischus
864 2323 907 2369 tale

141 2390 240 2453 quodam
251 2386 325 2432 emisit
337 2386 474 2446 suspirium:
492 2386 536 2429 Vix
548 2385 628 2449 aliquis
639 2386 757 2450 religiosus
771 2398 805 2433 est
821 2389 844 2433 in
857 2398 907 2434 toto

141 2455 235 2509 mundo,
255 2451 293 2513 qui
312 2448 410 2511 perfecte
431 2448 519 2495 obediat
541 2450 626 2510 prelato
646 2467 693 2496 suo.
735 2452 835 2498 Permoti
856 2454 907 2498 sotii

141 2518 245 2565 dixerunt
262 2514 297 2560 ei:
322 2513 366 2560 Dic
385 2510 455 2571 nobis,
472 2523 541 2576 pater,
560 2530 602 2577 que
618 2514 647 2558 sit
663 2513 759 2576 perfecta
777 2525 800 2561 et
819 2533 907 2562 summa

140 2582 272 2629 obedientia.
306 2579 338 2625 At
349 2578 386 2624 ille
397 2593 477 2624 verum
488 2579 612 2624 describens
627 2579 768 2626 obedientem
781 2581 822 2627 sub
835 2583 907 2644 figura

140 2648 239 2709 corporis
257 2643 349 2697 mortui,
366 2643 496 2703 respondit:
529 2644 596 2688 Tolle
613 2660 695 2706 corpus
711 2647 811 2691 exanime
827 2656 850 2692 et
867 2647 906 2692 ubi

140 2712 254 2773 placuerit,
265 2724 342 2771 pone;
360 2705 447 2754 videbis
464 2723 509 2753 non
526 2723 649 2771 repugnare
667 2719 762 2767 motum,
781 2726 826 2756 non
844 2727 907 2756 mur-

140 2791 229 2822 murare
245 2775 321 2826 situm‚
335 2788 381 2816 non
397 2772 515 2816 reclamare
531 2772 665 2827 dimissum;
685 2776 747 2835 quod
763 2775 780 2818 si
796 2784 908 2820 statuatur

140 2842 163 2888 in
182 2839 293 2895 cathedra,
312 2853 357 2883 non
376 2835 426 2892 alta,
445 2836 483 2883 sed
503 2852 554 2899 yma
572 2836 689 2899 respiciet3
709 2839 727 2883 si
746 2837 868 2887 collocetur
884 2840 907 2886 in
