1919 3169
277 106 437 154 LEGENDA
453 106 608 166 ANTIQUA
787 122 830 167 109

115 235 225 328 ,Hlteri
245 268 309 314 fratri
330 268 378 314 vite
398 266 514 313 laudabilis
533 277 589 313 tunc
607 269 716 329 temporis
738 270 910 320 orationiuiu-rj]

70 350 177 396 suspenso
194 343 259 378 nocte
276 332 314 378 illa
331 343 354 376 et
371 331 427 375 hora
444 332 557 392 gloriosus
574 339 637 392 pater
655 347 769 393 purpurea
785 333 832 377 dal-

70 399 150 444 matica
167 397 262 444 vestitus
282 395 391 457 apparuit,
409 411 478 457 quem
496 394 562 441 turba
579 394 698 441 hominum
715 397 833 442 innumera

70 462 212 526 sequebatur,
239 478 251 505 a
277 477 323 523 qua
349 476 372 505 se
405 458 497 520 plurimi
530 470 694 522 sequestrantes
726 460 832 507 dixerunt

70 529 98 574 ad
114 526 223 573 fratrem:
240 524 324 570 Nonne
340 524 376 569 hic
386 533 420 569 est
432 524 534 579 christus,
544 540 558 569 o
567 524 650 570 frater?
683 525 715 571 Et
726 525 762 571 ille
773 525 832 572 dice-
837 533 875 571 Fol.
888 544 923 570 roo

71 592 124 635 bat:
149 591 199 651 lpse
218 598 257 633 est.
298 588 343 650 Alij
364 604 419 632 vero
437 588 520 632 iterum
539 588 697 649 perquirebant
717 590 830 634 dicentes:

71 655 155 700 Nonne
173 653 209 697 hic
228 661 261 696 est
279 661 369 696 sanctus
391 651 551 696 Francischus?
595 652 672 697 Frater
694 653 768 713 ipsum
786 670 833 698 esse

71 716 172 764 similiter
189 714 343 778 respondebat.
376 714 500 762 Videbatur
519 730 595 761 revera
610 715 674 763 fratri
690 726 713 763 et
730 717 832 764 omnium

72 781 227 831 comitantium
248 779 323 837 turbe,
345 780 408 844 quod
432 780 507 827 christi
528 790 551 827 et
573 779 631 828 beati
654 782 766 830 Francisci
789 800 834 830 una

72 863 164 909 persona
185 845 261 901 foret3
289 846 352 908 quod
373 862 386 890 a
406 861 458 891 sane
485 845 663 907 intelligentibus
691 865 833 910 nequaquam

72 910 217 956 temerarium
234 908 354 964 iudicatur,
369 924 421 953 cum
439 911 478 970 qui
496 909 587 953 adheret
603 910 654 966 deo,
666 927 725 957 unus
742 913 834 972 spiritus

72 976 101 1021 sit
123 991 174 1021 cum
190 974 239 1035 ipso
256 983 278 1018 et
296 974 343 1035 ipse
360 973 415 1020 deus
433 972 507 1019 omnia
524 974 547 1019 in
565 973 670 1022 omnibus
687 976 716 1022 sit
732 974 833 1023 futurus.

73 1039 179 1086 Pervenit
195 1037 286 1084 tandem
302 1038 380 1084 beatus
398 1047 460 1098 pater
479 1054 531 1084 cum
551 1037 588 1083 illa
606 1039 674 1086 turba
692 1040 787 1086 mirabili
806 1040 834 1086 ad

73 1103 212 1149 amenissima
232 1101 287 1159 loca,
310 1119 354 1165 que
375 1103 438 1164 aquis
459 1102 550 1164 irrigata
577 1102 708 1166 perliquidis
730 1105 834 1151 omnium

73 1167 158 1213 virebat
179 1166 308 1228 graminum
333 1175 449 1211 venustate
470 1175 493 1210 et
515 1166 597 1211 florum
619 1167 699 1213 decore
721 1169 836 1214 vernantia

74 1230 180 1277 arborum
199 1230 301 1275 omnium
321 1230 424 1275 delitiose
443 1238 524 1293 genere
541 1230 691 1292 replebantur.
731 1233 786 1278 Erat
805 1233 835 1278 ibi

73 1296 181 1358 palatium
190 1294 351 1358 magnitudinis
360 1295 414 1340 mire
422 1313 446 1341 ac
455 1295 630 1357 pulchritudinis
637 1297 763 1360 singularis,
772 1299 836 1360 quod

73 1361 173 1405 alacriter
184 1359 269 1404 intrans
280 1376 354 1405 novus
365 1359 438 1405 accola
449 1359 495 1415 celi,
505 1376 556 1405 curn
568 1360 591 1404 in
602 1377 629 1405 eo
640 1361 718 1407 fratres
727 1362 836 1423 plurimos

74 1425 198 1487 reperisset,
210 1440 277 1485 super
288 1440 388 1469 mensam
399 1422 577 1485 splendidissime
588 1436 726 1487 preparatam
737 1438 760 1473 et
771 1427 837 1474 variis

74 1489 180 1535 refertam
187 1489 270 1535 deliciis
282 1489 340 1550 cepit
351 1506 403 1534 cum
415 1489 460 1534 suis
471 1488 631 1535 delectabiliter
642 1492 733 1553 epulari.

121 1582 270 1677 &piscopus
297 1614 406 1660 Assisinas
439 1614 466 1660 ad
499 1613 612 1660 ecclesiam
646 1617 750 1663 Michelis
784 1629 927 1674 runcum-ru]

75 1683 181 1743 temporis
203 1697 267 1725 causa
289 1680 471 1742 peregrinationis
493 1691 627 1742 perrexerat,
647 1683 690 1740 cui,
713 1700 765 1729 cum
787 1684 839 1729 inde

75 1747 161 1793 rediens
183 1745 305 1791 Beneventi
327 1745 453 1806 hospitatus
475 1743 559 1802 fuisset,
582 1745 659 1793 beatus
684 1757 747 1809 pater
769 1748 839 1794 Fran-

76 1812 146 1857 ciscus
157 1819 222 1855 nocte
233 1810 268 1855 sui
279 1810 385 1855 transitus
396 1826 436 1870 per
447 1810 557 1856 visionem
572 1812 681 1871 apparuit,
693 1812 795 1874 dixitque
812 1814 839 1859 ad

76 1891 146 1920 eum:
165 1874 230 1928 Ecce,
243 1882 312 1932 pater,
329 1873 442 1918 mundum
458 1873 586 1934 relinquens
603 1874 630 1918 ad
647 1876 756 1921 christum
773 1877 838 1922 vado.

77 1939 147 1985 Mane
164 1954 257 2000 surgens
273 1937 390 2000 episcopus
409 1937 471 1983 sotiis
488 1937 585 1985 narravit
602 1955 647 2001 que
658 1939 715 1987 vidit
732 1951 755 1988 et
771 1941 840 1988 accito

18 2050 20 2055 ,
77 2005 170 2059 notario,
187 2004 247 2048 diem
263 2003 369 2047 transitus
385 2003 472 2048 notavit
488 2013 510 2047 et
526 2003 610 2058 horam,
628 2004 773 2068 multumque
789 2006 840 2052 inde

77 2069 147 2113 tristis
158 2068 260 2120 effectus
272 2067 376 2126 irrigatus
389 2066 493 2126 lacrymis
504 2067 600 2123 dolebat,
612 2085 634 2112 se
645 2080 732 2129 patrem
744 2072 841 2115 amisisse

77 2131 229 2192 precipuum;
246 2129 321 2192 sicque
332 2129 360 2175 ad
371 2139 453 2174 terram
465 2146 528 2175 suam
546 2146 647 2177 reversus
664 2142 687 2177 et
705 2144 785 2179 cuncta
802 2150 841 2195 per

78 2197 178 2241 ordinem
190 2193 287 2240 referens
298 2210 364 2255 super
375 2194 434 2239 dona
444 2211 484 2240 sua
497 2195 590 2240 domino
601 2197 681 2257 gratias
699 2199 842 2260 inexplebiles

78 2259 137 2306 fecit.

235 2403 313 2446 Oratio
327 2404 439 2445 sociorum
454 2405 527 2446 sancti
541 2404 570 2446 ad
583 2406 687 2448 eumdem

128 2489 214 2576 Gcce,
236 2520 299 2565 beate
320 2529 383 2580 pater
402 2530 484 2575 noster,
506 2521 650 2583 simplicitatis
672 2525 746 2570 studia
765 2539 878 2583 conatam]

81 2598 134 2634 sunt
145 2586 260 2649 magnifica
271 2595 310 2630 tua
321 2582 377 2629 facta
389 2595 513 2647 utcumque
529 2586 619 2632 laudare
635 2604 659 2632 ac
676 2590 703 2634 de
720 2592 844 2638 innumeris

81 2653 202 2699 sanctitatis
212 2661 252 2697 tue
262 2648 385 2696 virtutibus
396 2650 432 2695 vel
444 2666 514 2711 pauca
525 2666 567 2712 pro
578 2662 618 2697 tua
634 2653 706 2714 gloria
722 2654 804 2702 referre
821 2659 843 2703 in

20 2726 21 2729 ’
81 2718 188 2763 medium.
232 2715 323 2769 Scimus,
348 2713 393 2758 tuis
415 2714 540 2777 insignibus
562 2726 637 2761 nostra
659 2719 725 2765 verba
744 2722 843 2768 multum

81 2782 187 2825 ademisse
207 2779 338 2840 splendoris,
358 2778 414 2823 dum
433 2779 461 2823 ad
481 2789 541 2824 tante
560 2780 704 2839 perfectionis
723 2787 845 2844 promenda

81 2845 190 2908 magnalia
201 2843 292 2905 imparia
304 2851 356 2888 sunt
370 2841 467 2889 inventa.
501 2842 602 2890 Petimus
620 2861 632 2889 a
649 2855 678 2902 te,
691 2863 702 2893 a
719 2848 844 2911 legentibus
