1919 3169
107 111 135 168 98
292 109 495 158 TRACTATUS
515 111 690 159 SECUNDUS

5 249 103 291 A-CLXHJ]
108 243 142 286 De
156 244 275 289 devotione
289 246 318 289 ad
327 258 418 289 crucem
431 251 455 290 et
464 247 493 291 de
507 248 605 300 quodam
619 248 709 293 occulto
721 250 872 292 sacramento.

155 332 285 418 Denique
304 358 422 416 quomodo
443 357 484 402 sibi
503 357 587 412 aberat,
605 358 647 404 nisi
666 358 689 404 in
707 375 771 404 cruce
788 356 875 403 domini

108 421 205 486 gloriari,
218 420 268 484 quis
278 435 389 482 promere,
400 420 451 485 quis
465 437 541 485 capere
558 422 648 484 posset?
683 422 728 467 Soli
745 422 825 467 datum
842 430 876 465 est

109 504 180 544 nosse,
202 486 238 533 eui
260 485 301 532 soli
323 486 403 533 datum
424 496 458 533 est
479 488 588 549 experiri:
617 486 725 534 nimirum
746 486 788 533 etsi
809 503 875 531 sensu

109 552 209 615 quodam
220 550 257 596 illa
268 551 432 612 perciperemus
446 552 469 597 in
486 552 557 607 nobis,
568 567 710 615 nequaquam
726 553 794 597 tantis
810 551 876 596 mira-

109 616 191 664 bilibus
213 615 363 677 exprimendis
381 616 449 663 verba
467 627 612 679 suppeterent
631 616 697 664 rebus
717 616 833 663 cotidianis
854 624 876 661 et

109 681 188 726 vilibet
206 680 335 734 sordidata3
360 689 383 724 et
401 679 500 726 fortassis
522 682 573 727 ideo
594 698 658 727 carne
680 681 758 727 debuit
779 682 877 742 asperiri,

110 746 163 809 quia
179 761 225 790 non
242 744 352 807 potuisset
368 743 509 791 sermonibus
525 744 634 807 explicari.
667 752 668 755 ’

4 883 108 924 [AfflXV]
152 881 186 922 De
204 880 343 941 pauperibus
361 880 496 922 dominabus
515 884 538 923 et
556 882 670 931 quomodo
688 881 779 924 volebat
797 881 878 923 fratres

112 942 241 974 conversari
254 942 306 974 cum
320 942 359 974 ers.

163 1007 311 1103 Spiritualis
321 1040 415 1104 hedifitij
431 1040 562 1086 memoriam
576 1041 650 1087 multo
664 1040 796 1087 nobiliorem
807 1040 834 1087 ab
846 1040 882 1087 illa

23 1112 209 1163 Fot.36¹⁰terrena,
228 1122 297 1169 quam
319 1106 395 1152 beatus
418 1115 479 1168 pater
501 1116 552 1168 post
573 1106 634 1153 illius
655 1106 772 1152 materialis
793 1105 882 1152 ecclesie

114 1174 276 1234 reparationem
287 1171 310 1215 in
321 1181 470 1230 augmentum
484 1171 579 1216 ciuitatis
594 1187 696 1232 superne,
709 1173 790 1233 spiritu
806 1181 882 1216 sancto

116 1237 217 1293 ductore,
228 1234 268 1279 illo
281 1234 304 1277 in
314 1232 365 1278 loco
379 1234 485 1292 instituit,
498 1250 543 1278 non
561 1235 650 1295 expedit
667 1234 755 1280 silentio
770 1236 881 1295 preterire.

117 1302 171 1348 Non
192 1308 226 1346 est
247 1298 391 1355 credendum,
408 1300 471 1360 quod
489 1315 531 1360 pro
550 1300 649 1361 perituro
668 1309 690 1345 et
711 1298 794 1345 labenti
816 1314 883 1361 opere

116 1367 239 1428 reparando
250 1365 277 1411 de
288 1364 350 1425 ligno
367 1364 438 1409 crucis
454 1362 495 1409 sibi
511 1364 601 1409 locutus
617 1363 685 1410 fuerit
702 1364 797 1411 christus
814 1362 884 1409 modo

116 1432 197 1492 utique
213 1430 243 1474 sic
260 1427 380 1488 stupendo,
397 1429 460 1488 quod
479 1427 622 1473 audientibus
640 1430 746 1473 timorem
763 1429 844 1474 incutit
861 1438 884 1474 et

120 1495 222 1541 dolorem
244 1491 363 1546 immittit3
387 1491 433 1549 sed,
453 1490 507 1536 olim
528 1491 654 1553 predixerat
676 1491 771 1554 Spiritus
792 1501 887 1547 sanctus,

121 1559 179 1605 ordo
205 1568 331 1604 sanctarum
358 1556 472 1618 virginum
499 1556 529 1601 ibi
557 1556 651 1603 debebat
676 1557 772 1612 institui,
794 1556 834 1618 qui
861 1556 889 1602 ad

120 1623 308 1670 restaurationem
335 1621 420 1666 celestis
448 1621 530 1667 domus
558 1620 627 1667 velud
654 1621 762 1668 vivorum
788 1620 889 1683 lapidum

121 1687 219 1750 expolita
235 1685 349 1746 congeries
366 1694 413 1729 erat
429 1685 549 1747 aliquando
566 1685 738 1730 transferendus.

169 1751 257 1796 Verum
268 1757 389 1810 postquam
400 1750 424 1794 in
434 1749 485 1794 loco
496 1750 535 1795 illo
547 1750 664 1797 convenire
676 1759 783 1811 ceperunt
793 1748 891 1811 virgines

122 1816 198 1863 christi
216 1825 239 1861 et
257 1813 286 1859 de
305 1812 398 1859 diversis
417 1813 497 1861 mundi
514 1811 615 1875 partibus
636 1814 759 1877 aggregari,
778 1829 891 1860 summam

123 1882 253 1943 profitentes
264 1876 425 1940 professionem
440 1878 464 1923 in
479 1877 619 1925 observantia
634 1879 770 1941 paupertatis
786 1879 891 1924 altissime

124 1962 148 1991 ac
161 1946 263 1989 omnium
277 1942 391 1987 virtutum
402 1943 488 1996 decore,
499 1943 550 1988 licet
566 1954 629 2003 pater
645 1944 688 1988 illis
704 1944 811 2003 paulatim
827 1959 891 1989 suam

124 2009 258 2073 presentiam
269 2006 407 2068 corporalem
418 2004 556 2063 subduxerit,
568 2005 674 2054 affectum
687 2015 761 2052 tamen
777 2007 800 2051 in
811 2007 892 2069 spiritu

125 2084 201 2121 sancto
220 2074 248 2120 ad
266 2073 364 2133 ipsarum
383 2087 460 2118 curam
479 2071 585 2118 extendit.
619 2072 680 2118 Nam
698 2088 751 2119 curn
770 2088 809 2134 per
828 2071 893 2133 plura

125 2155 213 2185 summe
232 2135 373 2200 perfectionis
395 2146 526 2198 argumenta
548 2136 651 2197 probatas
671 2146 761 2183 sanctus
782 2153 817 2182 eas
839 2152 892 2198 cog-

125 2203 213 2249 noverit
225 2216 271 2247 esse
282 2215 323 2260 pro
335 2199 418 2244 christo
429 2211 514 2261 paratas
530 2200 652 2246 substinere
667 2201 775 2246 iacturam
786 2211 809 2245 et
820 2199 893 2244 subire

125 2267 232 2322 laborem,
252 2280 292 2310 nec
311 2280 323 2309 a
342 2264 411 2309 sancti
432 2264 542 2311 mandatis
560 2265 617 2310 velle
636 2265 756 2327 aliquando
776 2264 893 2319 declinare,

126 2330 229 2396 promisit
254 2329 284 2374 eis
309 2338 332 2373 et
359 2326 405 2372 aliis
426 2339 580 2391 paupertatem
598 2330 621 2374 in
640 2330 706 2375 simili
725 2330 894 2376 conversatione

127 2394 285 2459 profitentibus
296 2393 415 2439 infirmites
426 2410 494 2440 suum
506 2404 528 2440 et
539 2393 635 2440 fratrum
647 2411 741 2440 suorum
753 2393 861 2440 auxilium
872 2403 894 2439 et

127 2461 246 2506 consilium
270 2466 381 2517 perpetuo
405 2457 514 2502 exhibere.
558 2458 613 2502 Hoc
635 2474 729 2518 semper,
752 2459 808 2503 dum
829 2459 893 2513 vixit,

127 2524 244 2588 diligenter
257 2520 352 2566 exsolvit
363 2528 385 2566 et
396 2520 442 2566 fieri
454 2536 547 2583 semper,
559 2536 612 2568 cum
623 2522 691 2567 morti
703 2522 819 2583 proximus
830 2532 893 2580 esset,

127 2607 173 2637 non
196 2587 333 2650 negligenter
352 2585 472 2644 mandavit,
494 2604 567 2634 unum
586 2597 654 2650 atque
673 2585 771 2634 eundem
790 2587 895 2649 spiritum

128 2655 203 2701 dicens
220 2653 299 2699 fratres
318 2660 341 2696 et
360 2651 462 2696 dominas
481 2651 527 2697 illas
546 2653 692 2714 pauperculas
711 2653 739 2698 de
758 2653 800 2698 hoc
820 2651 896 2698 seculo

127 2719 236 2766 eduxisse.
597 2740 598 2743 =

177 2778 315 2828 Mirantibus
345 2778 481 2842 quandoque
508 2779 620 2835 fratribus
650 2781 713 2841 quod
740 2790 785 2825 tarn
813 2790 897 2826 sanctas

128 2847 204 2895 christi
218 2845 313 2892 famulas
328 2860 366 2889 sua
384 2845 493 2905 presentia
511 2845 619 2906 corporali
637 2861 682 2891 non
700 2844 774 2907 sepius
791 2844 896 2900 visitaret,
