1919 3169
147 104 173 148 18
356 100 517 147 LEGENDA
533 99 694 147 GREGORII

144 213 199 243 vero
216 212 239 243 se
250 197 294 243 huc
310 206 378 259 atque
394 195 448 241 illuc
465 196 590 253 revolvens,
606 197 659 242 nive
675 212 687 241 a
704 212 727 242 se
743 195 850 253 discussa,
862 196 907 242 illis

145 262 308 318 recedentibus,
318 262 347 308 de
358 259 422 308 fovea
428 269 445 287 ¹⁰
461 260 548 308 exilivit
564 272 586 308 et
599 276 682 323 magno
694 260 812 308 exilaratus
822 261 906 324 gaudio

146 328 204 390 cepit
230 328 274 374 alta
300 343 363 384 voce,
385 343 424 388 per
455 324 553 384 nemora,
575 326 652 372 laudes
682 326 775 372 creatori
802 327 906 374 omniurn

145 408 270 454 personare.

192 457 296 501 Tandem
307 456 335 499 ad
348 455 462 515 quoddam
479 455 602 500 claustrum
613 455 774 500 monachorum
792 455 908 513 veniens‚¹¹

146 536 185 580 per
196 519 271 580 plures
283 518 330 563 dies
346 518 370 563 in
388 517 434 563 sola
450 517 491 564 vili
507 518 596 564 camisia
612 518 675 580 quasi
683 533 684 536 ’
692 517 766 580 garcio
778 517 801 563 in
813 519 909 581 coquina

146 584 242 630 existens
264 581 367 645 cupiebat
388 581 424 629 vel
451 582 479 629 de
506 581 586 629 brodio
608 583 706 630 saturari.
740 582 826 629 Verum
848 598 908 641 cum,

145 650 208 695 omni
230 647 372 695 miseratione
393 647 512 704 subtracta,
530 647 619 694 nullum
641 658 716 710 posset
734 646 770 694 vel
792 658 908 695 vetustum

146 714 258 775 acquirere
286 712 453 770 indumentum,
476 729 523 756 non
551 722 628 757 motus
649 714 688 766 ira,
711 714 750 758 sed
780 715 909 758 necessitate

146 787 234 824 coactus
246 777 298 824 inde
309 775 455 838 progrediens
472 776 534 822 venit
542 783 558 800 ¹²
574 775 602 823 ad
613 775 705 839 eugubii
717 775 837 832 civitatem,
849 776 887 822 ubi
898 793 910 822 a

146 841 244 905 quodam
255 842 311 888 olim
322 840 394 886 amico
405 840 454 886 eius
464 839 506 885 sibi
518 840 642 886 tuniculam
650 849 665 873 ¹³
675 840 799 904 acquisivit.

193 908 250 953 Post
266 908 306 952 hec
322 915 406 962 autem,
418 906 508 951 modico
524 915 626 967 ternpore
643 906 687 951 iarn
704 906 786 967 elapso,
798 923 850 953 cum
867 907 910 953 viri

147 972 182 1018 dei
194 971 278 1035 ubique
289 969 348 1016 fama
363 968 510 1016 crebresceret
521 980 544 1016 et
561 985 644 1016 nomen
656 970 704 1016 eius
715 968 870 1033 divulgaretur
887 971 911 1016 in

146 1036 244 1097 populis,
260 1035 322 1097 prior
339 1035 468 1080 monasterii
486 1034 606 1095 supradicti
623 1035 686 1095 quod
702 1033 786 1080 factum
803 1035 877 1081 fuerat
887 1036 911 1080 in

147 1101 221 1144 virum
238 1100 275 1145 dei
292 1097 393 1144 recolens
411 1108 433 1142 et
455 1097 589 1159 intelligens,
606 1098 670 1142 venit
687 1098 715 1143 ad
734 1115 804 1155 eum;
821 1107 865 1143 et¹4
882 1099 912 1143 ob

147 1164 294 1209 reverentiam
316 1160 434 1208 salvatoris
455 1160 482 1207 ab
505 1179 532 1208 eo
555 1161 685 1224 suppliciter
706 1178 748 1223 pro
770 1178 793 1208 se
820 1162 912 1225 suisque

148 1230 236 1275 veniam
253 1227 383 1290 postulavit.

412 1382 518 1411 HUMILIS
537 1382 650 1412 CARITAS.

196 1492 286 1540 Deinde
313 1505 369 1537 vero
396 1489 468 1536 totius
496 1487 627 1536 humilitatis
656 1499 747 1537 sanctus
774 1501 859 1539 amator
891 1510 914 1541 se

149 1558 264 1605 transtulit
271 1565 286 1588 ¹⁵
307 1556 336 1602 ad
352 1556 471 1617 leprosos;
494 1563 585 1616 eratque
602 1570 654 1599 cum
673 1555 705 1599 eis
722 1555 892 1619 diligentissime
900 1559 915 1584 ¹⁶

149 1624 248 1669 serviens
255 1631 270 1654 ¹⁷
287 1619 415 1666 omnibus¹⁷
432 1628 524 1678 propter
542 1619 611 1664 deum
633 1630 655 1664 et
677 1620 753 1665 lavans
772 1623 915 1681 putredinem

149 1702 241 1734 omnem
257 1684 284 1731 ab
306 1684 345 1742 eis,
363 1683 464 1729 ulcerum
486 1682 554 1727 etiam
577 1681 661 1727 saniem
669 1683 684 1707 ¹⁸
706 1685 840 1747 extergebat,
858 1687 916 1733 sicut

149 1753 197 1814 ipse
219 1752 242 1796 in
264 1758 399 1795 testamento
421 1763 462 1792 suo
483 1746 584 1808 loquitur
605 1748 698 1803 dicens3
726 1749 798 1799 Quia
819 1753 916 1797 cumin

150 1816 244 1879 peccatis
255 1830 326 1862 essem
334 1813 401 1858 nimis
412 1827 513 1857 amarum
524 1809 580 1856 mihi
587 1809 705 1858 videbatur
713 1813 791 1860 videre
798 1815 899 1878 leprosos
909 1832 915 1872 ;

151 1893 173 1929 et
192 1881 298 1928 dominus
315 1878 423 1925 conduxit
434 1893 470 1923 me
489 1877 546 1923 inter
563 1876 629 1932 illos;
645 1888 666 1923 et
683 1877 725 1924 feci
742 1880 916 1929 misericordiam

152 1946 265 1994 cumillis.

200 2011 227 2054 In
249 2018 338 2054 tantum
365 2022 468 2067 namque,
491 2017 516 2051 ut
535 2005 628 2059 dicebat,
650 2006 771 2068 aliquando
798 2026 871 2055 amara
897 2012 918 2057 ei

152 2076 294 2137 leprosorum
310 2071 369 2118 visio
386 2070 501 2126 existebat,
518 2080 551 2125 ut,
568 2085 620 2116 cum
637 2079 738 2132 tempore
754 2074 859 2120 vanitatis
879 2092 918 2123 sue

153 2155 192 2202 per
215 2138 262 2185 duo
283 2135 330 2182 fere
352 2134 453 2181 milliaria
472 2133 559 2179 eminus
576 2134 677 2195 ipsorum
697 2134 778 2181 domos
794 2138 918 2200 respiceret,

155 2220 218 2251 nares
229 2218 278 2249 suas
289 2198 390 2247 manibus
406 2198 502 2261 propriis
516 2197 637 2244 obturaret.
671 2199 713 2245 Sed
724 2216 776 2245 cum
787 2201 830 2248 iam
841 2204 919 2266 gratia,

155 2279 177 2315 et
188 2268 273 2314 virtute
286 2265 387 2311 altissimi
404 2273 485 2321 sancta,
497 2273 519 2308 et
536 2262 599 2308 utilia
606 2271 622 2287 ²⁰
637 2263 746 2326 inciperet
752 2273 767 2290 ²²
779 2268 884 2330 cogitare,
895 2270 918 2315 in

155 2332 246 2379 seculari
262 2330 335 2376 adhuc
352 2329 414 2374 abitu
436 2326 573 2373 constitutus
591 2327 706 2388 leprosum
733 2347 805 2376 unum
825 2332 919 2380 obvium

155 2397 234 2443 habuit
250 2396 286 2442 die
305 2393 417 2456 quadam3
435 2392 553 2452 semetipso
570 2390 650 2437 fortior
671 2392 771 2450 effectus,
791 2399 880 2443 accessit
897 2408 920 2444 et

157 2462 269 2509 osculatus
286 2469 319 2505 est
335 2476 395 2504 eum.
429 2455 517 2503 Exinde
534 2473 625 2519 quoque
632 2464 647 2483 ²²
658 2457 717 2519 cepit
733 2459 832 2521 seipsum
849 2463 920 2527 magis

197 2639 212 2659 ¹⁰
221 2634 254 2672 Os.
265 2633 306 2671 foss.
398 2633 412 2652 Η
423 2628 456 2666 Os.
466 2630 528 2666 inserts
537 2638 559 2666 et.
656 2634 670 2651 ¹²
681 2630 714 2668 05,
724 2632 799 2670 devenit,

196 2691 211 2717 ¹3
221 2687 254 2724 Os.
264 2685 345 2722 tunicam.
474 2684 488 2709 ¹4
499 2682 523 2718 L.
533 2683 590 2719 omits.
721 2686 736 2711 15
745 2682 774 2720 M,
784 2685 861 2725 contulit,

197 2739 212 2764 1⁶
221 2739 262 2776 Bol.
272 2736 390 2774 dilectissime.
470 2735 484 2759 ¹⁷
494 2733 520 2771 H.
530 2734 587 2771 omits.
666 2732 681 2756 1⁸
690 2733 721 2772 W,
732 2737 838 2784 sanguinem¹

197 2796 212 2821 ¹9
222 2792 246 2828 L.
257 2790 302 2839 quia.
405 2788 420 2807 ²⁰
430 2784 469 2821 Ox.
479 2785 538 2822 virilia.
642 2788 657 2808 ²¹
667 2784 700 2823 Os.
710 2787 771 2824 inserts
779 2789 821 2837 jam.

197 2847 213 2866 ²²
222 2843 253 2878 W.
264 2841 321 2878 omits.
349 2837 382 2876 Os.
392 2838 437 2885 cepit
446 2848 519 2886 quoque.
