1919 3169
259 88 422 136 LEGENDA
439 88 600 134 GREGORH
784 104 810 149 13

97 186 203 249 Cumque
214 202 292 232 versus
308 185 422 232 civitatem
438 183 508 231 assisii
525 195 639 242 remearet,
651 185 734 248 reperit
746 185 813 249 juxta

48 251 108 297 viam
119 251 239 312 quamdam
250 249 372 306 ecclesiam,
384 265 427 311 que
443 249 466 294 in
483 250 615 295 honorem¹⁷
632 251 699 296 sancti
717 250 813 297 damiani

49 314 122 361 fuerat
132 314 256 376 antiquitus
267 312 379 368 fabricata,
388 313 427 360 sed
438 328 513 360 casum
521 313 650 375 proximum
662 330 690 359 ex
701 323 813 361 vetustate

50 378 119 426 nimia
129 378 263 426 minabatur.
296 378 334 425 Ad
351 395 419 442 quam
436 393 509 424 novus
520 378 596 425 christi
608 378 673 424 miles
684 379 813 435 adveniens,

49 444 131 506 pietate
142 453 203 489 tante
214 443 351 490 necessitatis
359 452 495 498 commotus
507 458 560 489 cum
569 444 651 490 timore
660 460 683 490 ac
691 445 814 492 reverentia

50 509 162 556 introivit.
197 509 230 556 Et
251 509 344 556 invento
371 507 416 553 illic
443 506 542 571 quodam
570 524 666 571 paupere
693 508 814 565 sacerdote,

51 591 177 634 magnaque
187 590 239 619 cum
250 574 294 619 fide
310 572 413 619 osculatis
424 572 527 619 manibus
543 574 591 619 eius
607 574 680 629 sacris,
698 575 815 635 pecuniam

51 637 71 683 ei
83 635 173 696 obtulit,
184 653 252 700 qnam
264 635 366 699 portabat
376 645 398 680 et
410 636 552 697 propositum
563 651 628 681 suum
639 652 679 698 per
686 637 700 662 ¹³
712 638 815 683 ordinem

52 702 170 748 enarravit.

101 766 278 828 Obstupefactus
300 763 401 811 sacerdos
422 775 444 810 et
470 764 529 810 ultra
555 781 624 826 quam
652 767 712 812 credi
734 776 815 829 potest,

53 831 150 877 subitam
177 847 252 876 rerum
279 829 470 875 conversionem¹⁹
497 829 608 875 admirans
635 846 677 892 que
705 831 816 886 audiebat,

53 895 142 943 credere
153 895 270 943 recusavit.
304 894 336 940 Et
352 893 404 957 quia
419 892 512 955 putabat
528 893 593 940 illudi
610 893 659 953 sibi,
672 896 745 941 noluit
756 896 816 958 apud

54 975 77 1004 se
94 959 190 1005 oblatam
209 959 327 1021 pecuniam
345 958 450 1003 retinere.
484 958 577 1004 Viderat
593 961 652 1004 enim
669 975 729 1017 eum,
743 970 770 1004 ut
786 962 816 1005 ita

55 1024 135 1082 dicam,
147 1039 203 1086 pene
210 1032 226 1048 ²⁰
237 1024 273 1069 die
288 1021 356 1069 altera
371 1021 492 1068 enormiter
508 1022 585 1068 vivere
601 1023 659 1068 inter
676 1034 784 1088 cognatos
794 1035 816 1069 et

56 1100 122 1137 notos
137 1100 159 1136 et
172 1092 243 1152 'supra
259 1098 344 1134 ceteros
360 1103 423 1133 suam
434 1087 555 1134 stultitiam
572 1088 690 1135 exaltare²¹
723 1090 756 1136 At
770 1090 817 1152 ipse

55 1155 191 1216 pertinacius
212 1154 333 1215 persistens
355 1151 429 1197 verbis
451 1153 496 1198 suis
517 1153 585 1198 fidem
607 1152 677 1199 facere
699 1155 816 1210 nitebatur,

56 1234 121 1263 orans
142 1218 230 1262 enixius
252 1227 274 1262 et
296 1217 415 1277 deprecans
441 1216 585 1271 sacerdotem,
607 1227 634 1262 ut
661 1234 714 1263 eum
742 1235 817 1264 secum

56 1282 138 1329 morari
166 1289 230 1343 pro²²
259 1281 375 1327 domino²²
408 1289 528 1341 pateretur.
576 1280 698 1344 Acquievit
727 1281 818 1327 tandem

55 1348 157 1393 sacerdos
167 1346 196 1392 de
207 1361 270 1391 mora
280 1344 399 1408 illius,sed
412 1344 494 1389 timore
504 1353 623 1407 parentum
639 1347 756 1407 pecuniam
773 1363 819 1392 non

56 1412 145 1473 recepit.

106 1476 183 1527 Quam
210 1491 278 1522 verus
304 1473 450 1536 pecuniarum
480 1483 622 1535 contemptor
649 1474 672 1520 in
699 1476 820 1539 quamdam

57 1541 178 1588 fenestram
194 1539 321 1602 proiiciens,
338 1539 366 1585 de
373 1546 389 1569 ²³
405 1538 474 1599 ipsa²³
490 1538 581 1585 velud²³
597 1538 625 1584 de
641 1538 735 1601 pulvere
751 1550 819 1586 curat.

58 1605 169 1667 Cupiebat
188 1604 249 1650 enirn
268 1603 381 1666 possidere
404 1602 541 1664 sapientiam,
560 1618 605 1665 que
622 1604 777 1649 auro‘melior
799 1615 821 1650 et

58 1669 201 1731 prudentiam
218 1668 332 1730 acquirere
339 1675 355 1699 ²⁴
370 1682 416 1728 que
423 1675 438 1718 ²⁵
454 1667 575 1726 pretiosior
592 1677 625 1714 est
641 1679 741 1730 argento.

155 1873 258 1925 Qualiter
271 1875 336 1924 pater
350 1872 399 1913 eius
413 1874 565 1921 persequensI
579 1871 658 1922 ligavit
671 1884 730 1916 eum.
827 1891 893 1934 [ΜΠ

106 1966 221 2048 ffioram
230 1995 300 2059 igitur
307 1992 400 2039 faciente
407 1993 430 2038 in
437 1993 539 2055 predicto
546 2001 553 2019 ²
560 1994 611 2039 loco
619 2010 684 2042 servo
692 1996 728 2042 dei
735 1996 822 2054 excelsi,

59 2073 120 2127 pater
132 2062 179 2109 eius
191 2061 270 2107 circuit
286 2075 455 2122 usquequaque,
467 2068 572 2121 tanquam
589 2060 681 2107 sedulus
698 2060 823 2123 explorator

59 2131 115 2176 scire
126 2128 217 2190 cupiens
225 2125 282 2188 quid
290 2125 318 2171 de
329 2123 389 2169 filio³
400 2134 474 2170 actum
484 2124 519 2170 sit.
553 2124 584 2170 Et
591 2125 661 2171 dum4
672 2126 823 2186 intellexisset,

61 2211 112 2240 eurn
123 2194 147 2238 in
157 2192 208 2237 loco
219 2191 263 2236 iam
274 2190 334 2235 dicto
343 2189 417 2235 taliter
428 2190 570 2244 conversari‚⁵
581 2199 653 2235 tactus
664 2191 743 2236 dolore
750 2193 823 2238 cordis

60 2257 215 2303 *intrinsecus
226 2253 254 2299 ad
266 2252 368 2298 subitum
379 2268 455 2297 rerum
467 2262 574 2298 eventum
586 2253 703 2300 turbatus⁶
715 2265 748 2300 est
758 2256 823 2302 valde

62 2322 136 2379 nimis,
148 2317 321 2379 convocatisque
336 2316 413 2362 amicis
424 2326 446 2362 et
462 2316 549 2375 vicinis,
561 2317 669 2364 citissime
685 2319 784 2366 cucurrit
794 2321 822 2366 ad

61 2387 143 2433 locum.
153 2385 178 2431 in
189 2382 283 2446 quodsi
294 2380 395 2429 famulus
406 2381 542 2429 morabatur.
575 2384 609 2428 At
619 2382 674 2445 ipse,
686 2383 738 2446 quia
749 2400 823 2432 novus

60 2451 137 2497 christi
154 2449 238 2495 athleta
259 2455 312 2503 erat,
329 2461 380 2492 cum
398 2445 485 2492 audiret
507 2448 688 2509 persequentium
708 2448 780 2495 minas
798 2466 823 2495 ac

100 2584 115 2609 ³7
125 2581 152 2620 H.
162 2581 196 2618 and
205 2579 244 2617 Ox.
254 2580 325 2615 honore.
367 2576 382 2600 ¹⁸
391 2578 415 2614 E.
425 2578 447 2614 ei.
475 2576 508 2614 Os.
518 2586 542 2615 et.
581 2578 797 2619 19M.conversationem.

100 2637 116 2656 ²⁰
126 2634 150 2669 E.
163 2634 221 2669 omits.
272 2634 289 2653 ²¹
299 2630 327 2667 M.
337 2629 430 2667 exultasse.
481 2632 497 2650 ²²
507 2630 531 2665 L.
542 2631 599 2668 omits.
651 2634 667 2659 ²3
676 2631 704 2669 H.
713 2642 800 2683 tanquam.

101 2688 117 2714 ²4
127 2686 151 2721 L.
161 2684 257 2735 adquirere.
395 2683 410 2709 ²5
421 2680 453 2717 Os.
464 2682 524 2717 inserts
534 2680 594 2718 melior
603 2691 630 2718 est
638 2692 715 2731 argento.

101 2736 156 2774 1Ox.
166 2737 240 2778 omits.
317 2732 440 2770 2M.e0dem,
519 2734 562 2771 3H.
572 2733 606 2770 aud
616 2733 649 2772 Os.
658 2735 711 2772 insert
719 2750 755 2774 suo.

100 2790 204 2826 anteum.
256 2786 401 2823 ⁵H.comorari.
454 2784 525 2823 *Paris
534 2786 592 2823 codex
601 2786 661 2836 begins
670 2789 717 2827 here.

101 2839 109 2862 ⁶
119 2840 151 2877 Os.
161 2843 213 2877 omits
222 2840 299 2877 turbatus
312 2868 317 2876 .
332 2865 336 2875 .
352 2865 356 2875 .
370 2847 388 2874 et
397 2838 462 2875 vicinis.
