1919 3169
151 74 179 114 28
341 72 539 118 TRACTATUS
556 73 731 120 SECUNDUS

150 166 194 214 hoc
215 167 316 231 requirit.
349 168 413 214 Hinc
435 179 474 225 est,
496 170 558 234 quod
579 169 657 216 beatus
678 181 742 233 pater
761 170 798 217 die
817 171 915 234 quodam

150 231 215 280 fratri
226 233 322 292 cuidam,
334 251 402 298 quem
413 234 520 282 attentius
531 235 644 299 diligebat,
653 236 732 283 retulit
740 235 836 283 verbum
847 237 915 294 istud,

152 298 216 363 quod
231 309 287 347 tunc
303 299 332 346 de
347 299 389 346 sibi
400 298 505 347 familiari
516 312 667 363 reportaverat
678 301 809 348 secretario:
828 301 916 360 Hodie,

154 364 242 425 inquid,
254 374 287 408 est
302 364 382 425 aliquis
398 381 476 410 servus
492 366 529 410 dei
545 383 611 426 super
627 377 717 421 terram,
732 376 824 426 propter
840 382 916 426 quern,

154 428 210 474 dum
220 426 301 473 vixerit
318 443 363 473 uon
380 428 499 490 permictat
515 429 622 476 dominus
638 428 721 476 famem
737 446 803 492 super
814 428 917 475 homines

155 491 262 540 desevire.
295 491 360 539 Hinc
371 491 394 540 in
406 492 510 541 hedificio
521 493 618 557 proximi
633 494 721 541 karetas
732 494 844 542 eructavit
855 494 917 558 quod

154 557 297 620 prerogativa
319 556 445 604 dilectionis
462 559 539 605 christi
557 575 598 604 suo
619 575 685 605 servo
709 560 846 606 revelaverat
870 575 917 605 non

155 623 283 669 tacendum.
316 622 467 670 Manifestum
484 634 518 670 est
529 624 667 687 enimlquod
683 625 740 671 dum
755 625 812 670 vixit
829 623 864 671 vis
880 623 917 670 dei

154 685 229 742 fuerit,
248 686 338 748 pacifica
355 697 458 747 tempora
476 703 516 734 nec
535 687 605 732 fames
622 688 684 734 verbi
703 688 739 733 dei
758 688 803 734 fuit
822 705 862 733 nec
877 688 918 732 ali-

155 761 285 798 mentorum
302 751 475 799 necessariorum
491 751 520 799 ad
530 751 608 800 vitam.
641 751 684 798 Sed
695 751 735 798 illo
747 751 841 811 sublato,
854 767 919 797 verso

155 817 244 879 penitus
255 816 335 864 ordine
345 816 468 864 immutata
478 827 532 864 sunt
543 818 625 874 omnia,
634 818 687 880 quia
698 818 755 864 bella
765 827 788 864 et
798 817 919 865 seditiones

155 882 303 928 involuerunt
325 882 410 945 ubique
429 892 451 927 et
469 881 535 928 famis
555 883 683 929 immanitas
703 878 726 928 se
744 884 812 944 longe
831 882 919 945 lateque

155 945 256 1002 diffudit,
268 946 332 991 cuius
348 947 469 992 erudelitas
485 962 553 1007 quam
569 946 653 992 multos
669 947 795 1007 assumpsit.
828 947 920 992 Tantus

155 1008 216 1055 enim
227 1018 280 1072 post
291 1009 339 1056 eius
353 1008 441 1056 obitum
452 1009 497 1056 fuit
510 1009 669 1056 uecessitorum
681 1009 780 1056 defectus
791 1019 823 1066 ut,
834 1026 919 1056 nucum

155 1074 249 1121 testibus
265 1083 289 1120 et
305 1075 413 1122 arborum
430 1073 550 1121 corticibus
566 1074 737 1121 conficiebanter
753 1091 820 1137 panes
836 1086 859 1122 et
875 1092 920 1137 que

156 1138 227 1185 brutis
244 1155 291 1186 non
310 1140 376 1187 edere
394 1156 449 1187 usus
468 1138 519 1196 fuit,
537 1139 641 1187 humanis
660 1140 797 1187 conficienda
816 1139 921 1187 dentibus

156 1205 267 1266 ingereret
285 1214 386 1249 extrema
407 1205 531 1251 necessitas,
565 1206 601 1249 Ut
623 1215 697 1251 autem
716 1204 804 1265 liquido
820 1205 921 1258 clareret,

156 1268 247 1314 beatum
263 1267 397 1315 franciscum
414 1269 482 1315 fuisse
500 1285 590 1315 servum
610 1267 674 1315 illurn
694 1268 778 1316 fidilem
798 1284 839 1330 pro
858 1267 922 1314 cuius

156 1348 233 1380 amore
241 1332 390 1382 animadversi
399 1332 476 1381 divina
483 1350 575 1380 manum
584 1333 757 1396 suspenderetur
767 1333 867 1380 vindicta
875 1333 922 1395 ipse

157 1398 234 1445 beatus
245 1409 308 1460 pater
319 1409 372 1461 post
383 1410 479 1445 mortem
490 1415 554 1444 suam
570 1399 646 1460 paucis
662 1399 740 1461 elapsis
752 1398 839 1454 diebus,
851 1398 922 1454 fratri,

157 1463 193 1508 cui
202 1464 280 1508 vivens
289 1463 391 1509 futuram
399 1464 522 1523 predixerit
533 1464 626 1518 cladem,
635 1465 720 1523 aperuit
731 1473 755 1509 et
767 1479 789 1508 se
800 1464 865 1508 illum
873 1462 923 1507 fore

158 1526 245 1573 domini
254 1527 365 1573 famulum
374 1525 492 1573 manifeste
499 1526 590 1571 detexit.
615 1526 677 1572 Nam
684 1537 750 1572 nocte
758 1527 862 1589 quadam,
871 1541 923 1571 cum

158 1590 225 1637 frater
241 1590 279 1637 ille
296 1591 412 1648 dormiret,
424 1592 481 1638 clara
496 1607 549 1636 eum
561 1607 616 1638 voce
630 1593 719 1638 vocavit
730 1591 813 1637 dicens.
846 1590 923 1636 Frater

90 1689 92 1691 ψ
159 1656 202 1701 iam
223 1656 285 1701 venit
302 1655 373 1703 fames
395 1673 470 1720 quam,
488 1656 560 1702 donec
579 1657 678 1701 viverem
697 1672 748 1718 ego,
763 1655 840 1703 venire
858 1670 924 1717 super

159 1731 241 1767 terram
254 1720 361 1769 dominus
377 1738 423 1768 non
439 1720 550 1784 promisit.
584 1721 702 1767 Excitatus
712 1719 782 1766 frater
798 1720 825 1766 ad
837 1735 923 1777 vocem,

159 1785 239 1831 retulit
266 1787 413 1846 postmodum
440 1802 480 1846 per
507 1785 609 1830 ordinem
635 1786 739 1830 universa
765 1786 844 1830 Tertia
870 1800 924 1829 vero

160 1858 227 1896 nocte
238 1858 290 1911 post
301 1849 351 1907 hoc,
363 1850 447 1896 iterum
458 1848 490 1896 illi
501 1859 592 1896 sanctus
608 1850 712 1911 apparuit
728 1858 751 1895 et
761 1848 831 1897 verba
842 1848 925 1895 similia

160 1914 281 1978 replicavit.

44 2055 155 2099 [n-XXXIIJ]
212 2051 332 2103 Quomodo
345 2051 437 2093 fratrem
452 2051 566 2091 Ricerium
579 2062 593 2092 a
606 2052 756 2101 temptatione
769 2050 876 2092 liberavit.

207 2138 315 2227 Erater
332 2167 425 2231 quidam
444 2168 545 2215 Ricerius
565 2167 655 2214 nomine
673 2177 718 2214 tam
736 2168 837 2214 moribus
859 2183 926 2230 quam

161 2233 363 2295 generenobilis,in
371 2233 559 2281 tantumdebeati
567 2233 772 2280 Franciscimeritis
780 2232 927 2296 presumebat,

81 2294 189 2344 F⁰¹·9Wut
206 2298 306 2345 divinam
324 2297 426 2360 profecto
443 2299 522 2344 mereri
539 2299 633 2361 gratiam
652 2299 752 2344 crederet
770 2299 839 2361 siquis
858 2298 927 2359 ipsius

162 2360 232 2406 sancti
240 2363 301 2409 dono
310 2362 465 2408 benevolentie
474 2364 585 2424 potiretur
592 2372 666 2407 autem
675 2362 745 2424 siquis
753 2362 790 2406 illa
799 2372 882 2407 careret
891 2362 927 2407 dei

163 2424 299 2474 iracundiam
310 2437 442 2473 mereretur.
475 2426 581 2490 Cumque
592 2425 620 2472 ad
634 2424 762 2472 obtinendis
773 2424 927 2471 familiaritatis

163 2490 224 2537 illius
236 2493 371 2539 beneficium
381 2491 537 2540 vehementius
553 2492 665 2553 aspiraret,
677 2491 755 2537 timuit
766 2491 831 2538 valde
844 2490 927 2554 nequid

163 2557 249 2603 occulte
273 2556 297 2602 in
324 2558 373 2619 ipso
399 2555 451 2602 vicii
475 2555 523 2602 fore
547 2565 636 2602 sanctus
660 2555 843 2617 deprehenderet,
863 2555 928 2602 cuius

164 2622 286 2676 occasione,
306 2638 328 2666 se
347 2621 375 2666 ab
396 2621 444 2665 eius
464 2621 534 2683 gratia
555 2637 636 2682 magne
657 2621 757 2681 elongari
780 2621 926 2680 contingeret.

165 2684 239 2748 Igitur
254 2685 336 2730 timore
352 2685 420 2729 huius
436 2684 499 2729 modi
515 2684 560 2746 jam
576 2684 662 2729 dictum
673 2682 763 2730 fratrem
782 2684 887 2729 continue
904 2698 928 2728 ac

164 2749 262 2813 graviter
270 2749 392 2813 affligente,
401 2764 441 2795 nec
451 2748 490 2795 illo
502 2747 659 2812 cogitationem
671 2764 734 2794 suam
745 2747 810 2794 alicui
816 2747 928 2794 revelante

165 2815 264 2878 contegit
275 2815 357 2878 ipsum,
375 2814 411 2861 die
424 2813 521 2877 quadam
532 2813 600 2860 solito
611 2829 673 2859 more
684 2813 800 2860 turbatum
811 2813 839 2860 ad
850 2812 928 2859 cellam
