1919 3169
148 120 178 178 76
365 117 526 164 LEGENDA
542 118 697 179 ANTIQUA

147 214 187 260 filii
203 215 263 277 pacis
278 212 372 270 fueritis
384 214 477 270 clerum,
489 223 511 259 et
528 212 641 276 populum
657 214 751 261 domino
767 213 915 271 lucrabimini,

148 282 211 343 quod
229 278 384 342 acceptabilius
401 279 485 326 iudicat
501 279 614 337 dominus,
625 295 694 343 quam
710 279 823 342 populum
834 279 916 338 solum,

148 347 208 393 clero
229 345 384 401 scandalizato,
402 345 488 391 lucrari.
532 346 621 407 Tegite,
639 345 727 408 inquid,
745 361 824 390 eorum
846 361 916 402 casus,

80 434 82 437 ⁴
148 410 283 471 multiplices
293 408 395 471 supplete
406 408 507 457 defectus
518 420 540 456 et
552 426 604 457 cum
615 410 655 456 hec
670 409 771 466 feceritis
785 410 917 457 humiliores

148 485 229 519 estote.

82 611 145 661 [r-vJ]
197 570 320 657 Quodam
328 609 427 661 tempore
437 600 557 647 deveniens
567 610 656 646 sanctus
665 600 685 646 F
685 598 810 646 rancischus
819 600 917 662 ymolam

73 670 111 707 Fol.
120 681 141 718 71
149 665 262 711 civitatem
274 664 416 727 Romagnole
431 665 591 727 representavit
607 682 630 711 se
646 666 750 728 episcopo
763 674 827 721 terre,
840 675 918 727 petens

148 731 175 775 ab
193 747 219 776 eo
236 729 349 775 licentiam
366 730 512 790 predicandi3
530 731 566 776 cui
583 732 715 791 episcopus;
733 730 828 788 Sufficit,
842 729 918 786 frater,

149 794 212 855 quod
233 809 276 855 ego
298 792 411 853 predicem
433 792 518 855 populo
540 809 598 839 meo.
646 793 715 839 Flexo
737 793 807 854 eapite
828 803 918 839 sanctus

149 857 296 905 Francischus
323 856 438 903 humiliter
459 858 519 904 foras
543 858 658 920 egreditur
682 874 707 905 ac
734 868 785 920 post
806 858 918 905 modicam

149 923 228 969 horam
246 922 374 985 regreditur
393 922 469 979 intro;
487 923 523 968 cui
543 924 675 986 episcopus:
694 923 758 975 Quid
776 923 816 979 vis,
831 922 918 969 frater?

150 988 214 1040 Quid
232 988 315 1032 iterum
331 987 422 1049 queris?
456 988 489 1033 Et
506 987 585 1033 beatus
603 988 764 1034 Francischus:
781 988 887 1045 Domine,
899 988 917 1033 si

149 1052 227 1097 Frater
242 1052 314 1097 filium
331 1065 377 1095 uno
393 1050 501 1110 repulerit
516 1051 581 1107 ostio,
593 1052 637 1096 alio
651 1050 692 1096 sibi
707 1051 863 1096 reintrandum
877 1059 918 1095 est.

149 1114 289 1161 Humilitate
303 1114 376 1160 victus
392 1113 515 1176 episcopus,
529 1114 592 1160 alacri
608 1115 677 1161 vultu
694 1115 847 1176 complexatur
864 1131 918 1162 eum

149 1191 171 1226 et
183 1180 253 1227 dicit:
270 1179 310 1225 Tu
327 1190 350 1226 et
368 1196 445 1225 omnes
462 1180 542 1226 fratres
560 1179 602 1237 tui,
613 1180 642 1227 de
655 1190 735 1236 cetero,
748 1182 771 1226 in
788 1181 918 1243 episcopatu

149 1262 201 1292 meo
211 1245 308 1308 generali
319 1261 369 1290 mea
378 1244 467 1290 licentia
477 1246 601 1306 predicens,
611 1245 719 1308 quoniam
731 1246 792 1292 istud
803 1246 918 1291 humilitas

149 1320 224 1356 sancta
234 1309 366 1370 promeruit.

74 1449 147 1491 [r-er]
197 1405 246 1489 In
263 1435 318 1483 urbe
337 1450 390 1482 cum
406 1435 500 1481 domino
517 1435 643 1497 Hostiensi,
661 1436 701 1498 qui
720 1444 798 1498 postea
815 1452 918 1483 summus

151 1500 254 1562 pontifex
274 1499 327 1556 fuit,
344 1500 402 1546 clara
423 1499 460 1545 illa
481 1500 598 1546 luminaria
618 1499 678 1547 orbis
699 1501 813 1559 adherant,
830 1513 920 1548 sanctus

148 1566 279 1611 'dominicus
292 1575 315 1609 et
329 1574 418 1609 sanctus
429 1564 592 1619 Francischus3
609 1574 694 1610 etcum
705 1566 812 1611 melliflua
822 1567 919 1611 vicissim

152 1629 180 1674 de
202 1629 296 1675 domino
318 1636 451 1685 eructarent,
476 1627 532 1674 dixit
552 1627 642 1673 tandem
664 1627 781 1691 episcopus
805 1629 863 1675 illis:
892 1630 919 1675 ln

152 1694 241 1740 ecclesia
252 1693 366 1757 primitiva
377 1701 475 1754 pastores
485 1692 574 1738 ecclesie
585 1709 692 1755 pauperes
702 1703 766 1739 erant
780 1704 803 1739 et
817 1694 919 1741 homines

152 1760 250 1813 caritate,
262 1774 308 1804 non
319 1758 442 1819 cupiditate
453 1768 581 1803 serventes:
600 1759 655 1815 Cur,
666 1759 753 1820 inquid,
766 1775 811 1804 non
825 1758 919 1804 facimus

152 1823 180 1869 dc
192 1823 269 1870 vestris
282 1820 387 1868 fratribus
403 1821 518 1884 episcopos
534 1833 556 1869 et
573 1822 677 1884 prelatos,
689 1823 728 1885 qui
744 1824 882 1870 documento
898 1834 920 1870 et

152 1887 254 1948 exemplo
265 1887 341 1935 ceteris
352 1886 484 1945 prevalent?
509 1887 546 1933 Fit
557 1887 615 1932 inter
625 1898 713 1933 sanctos
724 1887 752 1933 de
763 1888 921 1948 respondendo

152 1951 274 2008 contentio,
292 1966 337 1995 non
353 1949 533 2013 preripientibuS‚
549 1950 588 1995 sed
607 1950 762 2009 offerentibus,
778 1952 833 2014 quin
849 1951 920 1998 immo

152 2032 198 2061 sese
209 2015 341 2079 cogentibus
352 2016 380 2060 ad
390 2030 539 2077 responsum;
555 2015 667 2078 siquidem
683 2025 779 2079 uterque
795 2017 857 2079 prior
873 2027 920 2063 erat

152 2081 250 2136 alterius,
273 2080 333 2126 unde
355 2090 453 2142 uterque
474 2081 570 2126 devotus
591 2081 615 2125 in
632 2080 735 2126 alterum.
767 2081 828 2126 Vicit
845 2091 919 2127 tamen

152 2145 267 2191 humilitas
277 2144 443 2198 Francischum,
452 2160 480 2188 ne
490 2160 513 2188 se
524 2154 664 2204 preponeret,
674 2145 727 2190 vicit
738 2155 761 2190 et
771 2144 919 2200 dominicum,

153 2218 179 2254 ut
189 2208 251 2271 prius
261 2206 418 2269 respondendo
428 2205 543 2252 humiliter
553 2206 661 2253 obediret.
712 2224 714 2227 ¹

201 2273 349 2335 Respondens
370 2288 425 2335 ergo
451 2271 528 2317 beatus
556 2272 682 2318 dominicus
710 2272 767 2318 dixit
794 2274 919 2335 episcopo:

153 2338 259 2394 Domine,
274 2337 347 2400 gradu
365 2336 433 2391 bono,
445 2336 462 2381 si
480 2347 626 2398 cognoscunt,
637 2336 752 2382 sublimati
769 2347 823 2383 sunt
840 2336 920 2384 fratres

154 2403 205 2459 mei,
222 2418 262 2449 nec
278 2418 320 2463 pro
339 2417 390 2447 meo
409 2417 474 2461 posse
493 2401 631 2461 permotam,
649 2411 675 2448 ut
694 2400 754 2447 aliud
773 2413 919 2463 assequantur

154 2467 265 2528 specimen
287 2464 411 2528 dignitatis.
452 2464 505 2509 Hec
526 2465 601 2528 itaque
622 2465 653 2510 sic
675 2464 773 2511 breviter
794 2477 919 2527 perorante,

153 2531 262 2578 inclinans
286 2545 308 2576 se
335 2530 414 2576 beatus
441 2529 586 2577 Francischus
612 2546 687 2577 coram
714 2529 819 2593 episcopo
846 2530 918 2578 dixit:

154 2596 259 2651 Domine,
278 2596 375 2642 minores
392 2595 443 2640 ideo
460 2597 533 2641 vocati
550 2606 603 2641 sunt
620 2595 700 2641 fratres
717 2597 768 2651 mei,
782 2606 808 2641 ut
825 2598 920 2643 maiores

153 2661 201 2706 fieri
213 2676 258 2706 non
275 2668 411 2722 presumant.
446 2659 518 2705 Docet
534 2660 623 2707 vocatio
639 2660 662 2705 in
678 2658 745 2721 plano
762 2659 881 2707 subsistere
897 2671 920 2707 et

153 2724 286 2772 humilitatis
297 2724 374 2771 christi
385 2722 448 2786 sequi
462 2725 563 2787 vestigia,
575 2742 621 2787 quo
637 2725 728 2771 tandem
744 2725 767 2770 in
783 2726 920 2787 respectione

153 2799 280 2835 sanctorum
293 2788 343 2849 plus
359 2788 407 2833 aliis
423 2787 557 2834 exaltentur.
589 2789 611 2833 Si
628 2789 704 2844 vultis,
721 2788 759 2846 ait,
775 2798 802 2834 ut
817 2788 919 2835 fructum

153 2853 246 2900 afferant
263 2853 286 2900 in
303 2852 393 2900 ecclesia
411 2851 455 2911 dei,
472 2862 545 2900 tenete
564 2851 614 2901 illos
630 2863 653 2900 et
672 2864 801 2901 conservate
819 2854 841 2900 in
860 2865 920 2902 statu
