1919 3169
336 143 515 191 MIRACULA
757 158 798 205 171

39 257 91 287 cum
104 238 183 285 lixivio
197 238 340 285 abluendos
336 240 437 286 immisit
465 242 508 286 Sed
519 251 565 286 tam
579 240 632 285 solis
644 241 723 286 ardore
736 257 803 303 quam

40 304 111 351 calore
130 301 234 349 lixivii
218 319 248 348 sic
267 301 311 350 fuit
329 320 489 367 usquequaque
507 304 612 362 divisum,
631 315 656 350 ut
678 305 734 351 nulli
752 306 803 351 usui

40 370 144 432 deinceps
156 379 232 430 aptum
248 367 314 416 foret.
343 370 430 417 Retulit
448 371 546 416 catinum
564 370 591 416 ad
608 370 723 417 dominam
741 386 803 417 suam

40 435 124 481 famula
146 433 309 492 tremebunda;
336 434 387 496 plus
408 434 503 481 lacrimis
525 452 592 498 quam
620 434 706 481 verbis
720 436 803 482 indicat

41 499 133 546 factum.
169 498 256 544 Pavens
276 514 321 544 non
339 500 413 545 minus
430 499 473 554 illa,
491 500 568 545 furore
585 500 659 546 mariti
679 501 804 561 perterrita,

41 563 161 610 certissime
187 562 281 609 verbera
307 563 442 625 expectabat.
480 563 607 610 Abscondit
634 564 689 611 illud
714 564 804 610 interim

41 628 161 691 diligenter
180 638 203 674 et
224 629 294 674 sancti
316 629 424 675 Francisci
446 630 525 675 merita
545 629 640 686 invocat,
660 630 761 691 deposcit
782 641 804 675 et

42 694 143 757 gratiam.
171 692 249 739 Subito
263 695 385 754 persancti
398 693 504 755 suffragia
517 704 590 755 partes
600 694 701 756 partibus
712 695 804 739 coniun-

42 767 136 822 guntur,
150 766 172 803 et
188 757 286 803 divisum
300 774 339 820 per
353 758 456 804 scissuras
470 759 619 821 reintegratur
633 759 739 805 catinum.
768 758 805 804 Fit

42 823 151 885 gaudium
164 823 294 879 convicinis,
307 839 350 885 que
364 823 425 883 prius
438 823 526 867 timenti
537 838 649 883 compasse
660 822 765 878 fuerant3
782 833 804 868 et

43 889 70 934 ad
83 886 157 931 mariti
169 887 273 931 notitiam
285 902 332 932 rem
343 887 467 932 mirandam
478 902 535 931 uxor
545 888 616 948 prima
627 886 728 933 deduxit.

89 950 114 996 ln
131 950 233 997 Marehia
249 951 340 1014 quidam
357 952 386 998 de
402 952 485 998 Monte
502 951 574 1009 Ulmi,
587 970 638 998 cum
655 953 695 1016 die
708 954 803 1015 quadam

43 1032 158 1062 vomerem
175 1017 197 1061 in
213 1026 287 1061 aratro
304 1017 411 1071 mitteret,
430 1016 513 1061 fractus
531 1027 564 1062 est
577 1033 655 1062 vomer
671 1017 769 1063 totaliter
783 1027 806 1062 et

43 1081 129 1128 divisus
152 1081 176 1125 in
198 1090 278 1141 partes.
317 1081 400 1126 Tristis
420 1081 513 1125 effectus
538 1083 614 1137 homo,
637 1097 686 1126 cum
708 1093 756 1126 tarn
777 1081 805 1126 de

43 1143 141 1190 fractura
169 1144 268 1189 vomeris
296 1161 364 1207 quam
392 1144 420 1189 de
448 1144 534 1207 perdita
562 1146 622 1190 dieta
653 1146 806 1191 lacrimaretur

44 1226 89 1255 non
106 1225 201 1270 parum:
227 1210 248 1254 O
266 1209 328 1254 beate
345 1209 468 1267 Francisce‚
485 1210 566 1271 inquit,
584 1226 687 1255 succurre
703 1210 758 1255 mihi
777 1210 897 1266 deF01.72¹²

44 1285 83 1320 tua
111 1272 260 1320 misericordia
291 1273 419 1320 confidenti.
463 1275 589 1319 Annuatim
621 1273 727 1320 fratribus
760 1275 806 1320 tuis

44 1337 153 1385 frumenti
168 1353 297 1384 mensuram
311 1337 403 1390 reddam
415 1348 437 1384 et
450 1339 549 1399 ipsorum
562 1338 658 1385 servitiis
674 1338 804 1399 occupabor,

45 1403 63 1447 si
75 1402 145 1447 modo
153 1402 250 1464 ,gratiam
262 1402 360 1463 experiar
370 1412 440 1459 tuam,
451 1419 519 1465 quam
531 1402 676 1463 experiuntur
688 1403 805 1450 innumeri.

45 1467 153 1511 Oratione
169 1465 286 1527 completa,
303 1467 452 1512 consolidatus
469 1478 502 1512 est
518 1482 603 1524 vomer,
625 1468 752 1514 reiunctum
775 1477 808 1513 est

45 1530 138 1588 ferrum,
150 1548 190 1576 nec
201 1532 269 1578 ullius
279 1532 386 1578 remansit
397 1531 518 1595 vestigium
529 1531 650 1578 fractionis

93 1597 196 1644 Clericus
208 1597 298 1670 quidam
310 1597 337 1642 de
348 1596 405 1642 Vico
415 1596 476 1642 Albo
488 1597 578 1642 nomine
594 1597 710 1651 Matheus,
721 1613 808 1644 veneno

46 1661 164 1707 mortifero
178 1661 272 1716 bibito,
267 1677 291 1706 m
304 1671 352 1706 tant
354 1677 393 1706 um
407 1671 513 1723 gravatus
527 1660 569 1707 fuit
561 1671 603 1706 tet
617 1661 732 1706 manifeste
743 1661 808 1717 lesus,

47 1722 111 1786 quod
121 1726 197 1786 aliquo
213 1726 283 1770 modo
297 1725 360 1786 loqui
376 1740 422 1769 non
439 1725 513 1770 valens
531 1726 563 1769 sol
565 1740 603 1769 um
619 1725 707 1770 finalem
724 1726 810 1769 exitum

46 1788 181 1851 expectabat.
214 1788 318 1835 Sacerdos
331 1789 422 1852 quidam
437 1799 463 1835 ut
475 1789 515 1834 sibi
527 1789 594 1834 confit
586 1798 670 1835 teretur
685 1790 810 1836 ammonuit

44 1863 66 1899 et
77 1855 172 1901 verbum
184 1870 256 1901 unum
263 1854 290 1900 ab
299 1869 326 1899 eo
332 1864 465 1917 extorquere
472 1871 517 1900 non
529 1855 606 1901 valuit.
639 1855 689 1915 lpse
700 1865 775 1900 autem
787 1855 809 1900 in

47 1919 112 1965 corde
129 1936 172 1965 suo
190 1918 305 1965 humiliter
325 1918 440 1964 Christum
459 1918 543 1973 orabat,
561 1930 587 1963 ut
604 1919 678 1979 ipsum
695 1935 734 1980 per
752 1919 810 1964 beati

48 1982 157 2029 Francisci
180 1984 260 2028 merita
237 1982 391 2029 tliberaret
425 1984 530 2045 Moxque
552 1997 604 2027 cum
623 1981 680 2028 beati
698 1983 808 2028 Francisci

48 2063 130 2093 nomen
153 2047 256 2094 flebiliter
281 2048 413 2104 nominaret,
436 2064 510 2094 coram
532 2046 627 2094 testibus
648 2048 687 2110 qui
710 2049 809 2131 aderant,

47 2127 159 2160 venenum
176 2114 284 2159 evomuit.

94 2179 208 2224 Dominus
224 2177 396 2224 Transmundus
417 2177 532 2234 anibaldi,
549 2177 703 2222 Romanorum
723 2178 808 2235 consul,

47 2250 148 2303 tempore
165 2258 211 2303 quo
226 2242 286 2303 apud
302 2243 369 2287 Senas
378 2241 462 2286 Tuscie
477 2240 590 2285 civitatem
605 2242 722 2300 potestatis
736 2242 809 2286 officio

47 2303 189 2368 fungebatur,
208 2306 343 2352 Nicholaum
362 2305 473 2367 quendam
492 2320 565 2350 secum
585 2303 687 2361 habebat,
703 2305 809 2352 dilectum

48 2369 114 2416 nimis
130 2382 153 2417 et
169 2371 197 2417 ad
216 2387 269 2417 cure
288 2370 402 2417 familiaris
422 2369 527 2431 obsequia
544 2379 660 2429 prontum.
702 2370 728 2415 In
746 2370 809 2416 cuius

48 2435 137 2479 maxilla
153 2452 205 2480 curn
222 2435 298 2480 subito
317 2434 388 2479 letalis
404 2434 511 2479 subortus
527 2432 606 2477 fuisset
622 2433 721 2488 morbus
735 2445 809 2479 morte

48 2498 142 2544 vicinam
159 2498 240 2544 medici
255 2498 403 2559 predicebant
437 2498 545 2571 Soporato
558 2497 723 2558 aliquantulum
737 2497 809 2559 Virgo

49 2561 133 2610 Christi
147 2563 250 2626 apparuit
263 2564 312 2610 Mat
304 2574 344 2620 ter,
359 2562 483 2624 precipiens
497 2562 517 2608 ei
532 2570 557 2607 ut
574 2560 639 2607 beato
654 2561 771 2608 Francisco
785 2579 808 2607 se

48 2637 140 2673 voveret
162 2638 184 2673 et
206 2629 276 2691 ipsius
300 2627 383 2690 absque
405 2643 468 2672 mora
489 2626 566 2671 limina
587 2625 694 2671 visitaret.
738 2627 808 2671 Mane

42 2706 148 2753 surgens,
161 2709 212 2739 cum
223 2693 316 2739 domino
328 2709 370 2738 suo
380 2692 457 2737 recitat
472 2691 587 2745 visionem,
599 2689 692 2735 miratus
703 2691 808 2736 dominus

48 2754 84 2800 ille
101 2758 129 2816 ad
146 2757 177 2801 rei
195 2757 355 2829 experientiam
373 2755 468 2800 festinus
485 2755 586 2799 accurrit
619 2752 680 2826 Cum
695 2771 722 2799 eo
739 2755 809 2815 igitur

48 2834 118 2894 usque
146 2822 258 2867 Assisium
278 2821 378 2875 veniens,
400 2829 450 2864 ante
474 2818 575 2863 tumbam
602 2819 670 2863 sancti
654 2818 808 2863 trFrancisci

49 2885 144 2932 amicum
178 2886 287 2950 extimplo
320 2895 421 2931 sanatum
456 2885 544 2946 recepit.
596 2882 707 2929 Mirabilis
742 2883 809 2931 huius
