1919 3169
267 10 606 96 LEGENDA--GREGORH
786 65 816 110 43

55 145 140 202 locum,
157 155 246 191 sanctus
263 146 298 192 dei
315 155 338 191 et
344 152 361 177 ³⁰
380 145 502 191 adventurn
522 145 570 192 eius
589 146 697 208 cognovit
714 155 736 191 et
755 145 819 209 quod

56 209 163 257 volvebat
174 211 249 256 animo
260 210 375 258 intellexit.
411 210 491 256 Statim
502 211 597 271 proinde
612 211 666 256 fecit
683 227 735 256 eum
752 211 780 257 ad
796 227 818 255 se

57 273 130 326 vocari
147 282 173 330 etv
184 273 242 319 dixit
258 273 286 319 ad
302 290 369 318 eum:
388 273 458 319 Nulla
474 283 496 318 te
512 273 632 320 conturbet
648 274 751 329 tentatio,
762 273 818 328 lili,³1

58 338 119 384 nulla
130 339 237 401 cogitatio
244 346 259 372 ³²
270 337 392 397 exacerbet,
401 338 507 402 quoniam
514 347 529 372 ³³
541 340 667 385 carissimus
678 340 734 385 mihi
746 354 768 384 es
779 355 785 395 ;
796 347 819 384 et

57 404 115 449 inter
138 404 243 464 precipue
261 404 317 449 mihi
336 420 398 449 caros
420 420 469 449 mea
490 403 609 450 dilectione
628 421 652 449 ac
670 403 820 449 familiaritate

57 468 153 528 dignum
170 476 192 512 te
203 468 298 514 noveris.
332 468 426 512 Securus
442 468 522 513 adme
539 469 602 524 intra,
615 468 705 529 quando
723 464 820 512 velueris

57 530 122 576 etde
141 529 291 576 familiaritate
308 547 372 576 sume
390 529 543 576 facundiam&
575 531 675 577 Miratus
692 541 725 576 est
745 530 820 582 dictus

57 594 126 640 frater
137 595 284 640 admiratione
296 595 431 657 permaxima
441 612 447 652 ;
460 604 482 640 et
501 595 581 641 exinde
592 594 819 651 reverentiorfactus‚

58 669 169 722 quantum
184 660 254 706 crevit
271 660 294 705 in
312 659 383 721 gratia
400 659 454 706 dicti
473 660 548 721 patria,
560 670 649 706 tantum
668 661 726 722 cepit
743 659 766 705 in
784 660 820 706 dei
835 676 837 679 ’

59 724 213 770 misericordia
224 724 374 771 fiducialiter³⁵
387 724 480 772 dilatari.

107 789 185 840 Quam
192 788 207 819 ³⁶
218 805 277 851 egre,
288 799 351 851 pater
362 799 443 847 sancte,
454 800 515 834 tuam
529 789 611 834 debent
629 789 751 845 absentiam
763 787 820 834 ferre

59 854 98 915 qui
105 861 121 885 ³⁷
132 853 224 899 omnino
236 854 352 915 desperant
360 854 383 898 in
395 853 459 899 terris
470 853 547 899 ultra³8
558 853 593 899 tui
605 853 701 899 similem
713 853 819 899 invenire.

59 918 124 975 Juva,
137 925 233 979 queso,³9
244 918 401 963 intercessione
416 934 473 979 quos
484 916 605 964 obvolutos
616 918 686 963 cernis
696 917 762 962 noxia
772 915 820 961 labe

59 980 149 1040 peccati.
184 982 242 1025 Cum
254 997 311 1025 esses
321 982 424 1025 omniurn
436 982 548 1026 iustorum
560 981 640 1041 spiritu
658 982 702 1025 iam
721 980 820 1041 repletus

60 1042 136 1089 futura
152 1044 271 1106 previdens
286 1054 309 1089 et
326 1044 438 1107 presentia
454 1045 524 1089 sciens
541 1054 568 1089 ut
585 1061 676 1089 omnem
695 1044 822 1089 iactantiam

59 1108 174 1171 fugeres‚⁴⁰
185 1120 258 1156 sancte
265 1119 280 1143 4¹
292 1110 439 1171 simplicitatis
450 1127 538 1172 semper
549 1110 676 1172 ymaginem
688 1109 821 1171 preferebas.

60 1174 101 1220 Sed
113 1175 141 1220 ad
152 1175 267 1237 superiora
278 1191 423 1232 recurramus
435 1174 527 1220 historie
539 1174 642 1220 ordinem
658 1174 821 1238 requirentes.⁴²

82 1303 116 1344 De
125 1303 234 1349 custodia,
244 1313 290 1353 qua
298 1313 367 1353 super
376 1303 457 1345 fratres
466 1302 587 1354 vigilabar3
600 1305 623 1345 et
632 1302 661 1345 de
672 1305 803 1353 contemptu
825 1312 890 1352 [ri-ror]

302 1355 338 1396 sui
348 1357 371 1396 et
379 1366 433 1396 vera
442 1354 575 1396 humilitate.

70 1437 73 1445 ¹
105 1422 250 1514 Reversus
265 1458 298 1493 est
309 1448 343 1492 vir
355 1447 496 1493 beatissimus
507 1446 628 1492 franciscus
640 1448 783 1508 corporaliter
794 1448 822 1493 ad

61 1513 138 1559 fratres
147 1521 215 1567 suos‚²
224 1511 334 1574 aquibus,
344 1512 400 1557 sicut
408 1511 495 1558 dictum
504 1521 544 1568 est,
553 1528 669 1573 nunquam
680 1511 823 1573 spiritualiter

60 1576 182 1630 recedebat,
195 1585 265 1629 cauta,
277 1585 300 1620 et
311 1575 414 1635 diligenti
426 1576 588 1619 examinatione
603 1576 704 1619 omnium
716 1585 762 1620 acta
773 1590 824 1635 per-

60 1641 158 1703 quirens,
170 1638 228 1685 felici
239 1656 325 1700 semper
336 1639 464 1684 curiositate
480 1639 504 1684 in
519 1638 618 1685 subdites
632 1638 743 1684 ferebatur
755 1638 823 1684 nichil

59 1705 152 1767 impune
170 1704 299 1767 relinquens
317 1704 335 1749 si
352 1704 407 1767 quid
424 1704 499 1749 minus
516 1703 570 1749 recti
588 1703 762 1765 deprehenderet
773 1720 824 1766 per-

61 1781 180 1832 petratum.

109 1835 155 1878 Et²
171 1835 259 1894 primo³
274 1833 366 1895 quidem
382 1832 506 1892 spiritualia
521 1832 576 1876 vitia
593 1832 731 1889 decernebat,
743 1833 824 1877 deinde

61 1896 197 1944 diiudicabat
218 1895 349 1958 corporalia,
371 1896 399 1942 ad
426 1895 534 1943 ultimum
562 1895 673 1957 extirpans
700 1896 824 1943 occasiones

61 1979 146 2020 omnes,
157 1979 201 2025 que
218 1960 313 2024 peccatis
329 1959 401 2007 solent
417 1960 503 2006 aditum
521 1960 612 2022 aperire.

288 2080 455 2109 PAUPERTATIS
474 2080 597 2110 CUSTODIA.

109 2154 180 2200 Omni
191 2153 276 2209 studio,
288 2153 350 2198 omni
361 2151 512 2198 sollicitudine
524 2151 663 2198 custodiebat
674 2163 771 2199 sanctam
781 2172 788 2210 ;
803 2164 825 2200 et

62 2219 191 2265 dominam⁴
202 2227 364 2281 paupertatem,
374 2232 420 2263 non
432 2217 524 2278 patiens,
532 2233 560 2262 ne
571 2217 663 2279 quando
673 2218 701 2264 ad
712 2218 824 2279 superflua

62 2284 198 2344 perveniret,
210 2299 249 2327 nec
260 2282 377 2327 vasculum
388 2282 411 2325 in
423 2281 493 2325 domo
503 2281 594 2343 aliquod
603 2282 706 2338 residere,
714 2298 765 2327 cum
776 2282 824 2327 sine

61 2347 109 2408 ipso
117 2357 240 2408 utcumque
251 2355 326 2408 posset
334 2354 431 2391 extreme
440 2345 575 2391 necessitatis
582 2346 676 2392 evadere
685 2347 824 2393 servitutem.

99 2465 115 2490 ³⁰
129 2463 162 2500 Os.
175 2463 232 2500 omits.
335 2463 350 2489 3¹
364 2462 397 2498 Os.
407 2459 444 2497 filii.
547 2462 562 2488 3²
577 2461 609 2497 Os.
619 2460 662 2497 adds
674 2469 697 2498 te.

99 2517 115 2542 ³³
129 2516 155 2552 H.
165 2515 208 2551 adds
217 2527 273 2565 quam.
403 2515 418 2542 34
432 2511 480 2556 Bol,
490 2511 524 2556 H.‚
534 2513 567 2549 Os.
577 2512 611 2549 and
620 2512 651 2549 W.
661 2511 746 2550 fiduciam.

99 2567 115 2593 ³⁵
128 2566 164 2610 H„
173 2568 213 2610 Os,
224 2569 262 2603 Ox.
272 2565 306 2601 and
315 2563 346 2601 W.
355 2563 457 2601 fiducialius.
509 2562 525 2591 ³⁶
539 2564 564 2600 L.
574 2577 585 2599 o
594 2576 651 2612 quam.
678 2564 706 2600 M.
717 2573 804 2612 quantum.

99 2618 115 2642 ³⁷
129 2617 153 2653 L.
163 2617 216 2666 quod.
268 2614 284 2643 ³⁸
298 2617 330 2652 Os.
339 2616 396 2652 omits.
448 2618 464 2642 ³⁹
478 2616 511 2652 Os.
520 2627 616 2664 quesumus.
668 2618 684 2643 40
698 2614 725 2651 M.
735 2614 800 2662 fugens.

99 2670 114 2697 4¹
128 2667 156 2705 H.
166 2668 209 2704 adds
217 2669 239 2705 ab
248 2668 329 2705 onmium.
535 2669 551 2695 4²
565 2667 597 2703 Os.
606 2666 715 2714 requirendo.

99 2722 106 2764 J
121 2721 154 2757 Os.
163 2733 227 2756 omnes.
356 2720 363 2739 ²
377 2718 409 2754 Os.
418 2717 476 2754 omits.
600 2720 608 2745 ³
621 2716 652 2754 W.
662 2716 745 2768 Inprimo.

99 2770 145 2808 4L.
155 2771 265 2808 dominicam.
293 2771 330 2806 Ox.
340 2769 421 2805 divinam.
720 2782 722 2784 ·
