1919 3169
282 80 443 126 LEGENDA
459 79 616 139 ANTIQUA
800 92 829 139 27

65 176 136 233 malis,
147 176 236 238 gladius
251 176 342 238 insuper
358 175 449 221 additus
465 184 499 221 est
515 174 626 221 humanus
636 184 659 220 et
676 191 688 219 e
706 174 753 221 celo
771 190 831 221 mor-

65 240 138 286 talitas
157 240 265 301 imperata
283 255 351 302 quam
370 239 455 284 multos
471 239 597 300 assumpsit,
631 237 719 284 Totum
735 238 832 299 denique

65 312 163 350 castrum
191 303 287 350 flammis
314 300 432 349 ultricibus
460 311 626 348 concrematum
653 311 694 347 est.
743 301 832 367 Utique

65 369 151 416 iustum
162 379 203 428 est,
214 368 325 416 benefitiis
336 378 399 432 terga
409 377 520 414 vertentes
531 368 554 413 in
566 367 631 414 exitia
641 367 753 414 devenire.

111 498 157 584 Ρ
160 542 195 576 ost
227 532 274 577 dies
303 529 389 592 aliquot
422 545 474 574 curn
507 528 575 575 semel
607 529 685 575 beatus
714 540 776 590 pater
803 530 901 575 den-vn

65 593 165 654 predicta
189 594 243 639 cella
270 593 422 650 descenderet,
444 592 558 646 fratribus,
583 592 623 654 qui
645 592 743 648 aderant,
764 609 831 655 quer-

66 658 103 703 ula
126 674 181 704 voce
205 659 274 703 dixit:
300 657 378 703 Multa
400 657 458 702 mala
481 655 583 702 fecerunt
604 656 707 702 homines
727 658 832 703 Perusini

64 722 145 768 vicinis
155 724 201 768 suis
212 733 235 768 et
247 722 361 769 elevatum
377 732 411 768 est
427 738 465 767 cor
481 738 561 767 eorum
577 722 604 767 ad
621 721 768 784 ignominiam
783 721 876 769 sibiFol.
884 727 908 765 26

65 787 227 833 Verumtamen
254 803 325 849 prope
349 797 383 832 est
405 786 463 833 ultio
485 786 572 833 domini
590 796 613 832 et
634 802 714 833 manus
735 787 783 833 eius
804 787 832 833 ad

64 851 167 912 gladium
178 852 232 898 eius.
267 851 345 896 Paucis
356 860 431 896 autem
442 850 520 911 elapsis
531 850 617 905 diebus,
626 852 699 912 surgit
710 852 733 896 in
744 852 832 897 fervore

65 914 157 976 spiritus
184 925 207 961 et
237 932 315 962 versus
344 914 458 962 civitatem
481 914 601 960 Perusium
628 913 706 977 dirigit
734 932 830 962 cursum.

65 979 166 1043 Liquido
187 979 266 1025 fratres
287 980 425 1042 perpendere
448 988 580 1042 potuerunt,
601 979 699 1043 aliquam
722 979 832 1027 visionem

65 1045 140 1107 ipsum
156 1045 179 1090 in
196 1045 250 1091 cella
265 1045 352 1092 vidisse.

64 1120 66 1123 ’
113 1112 240 1155 Deveniens
264 1127 319 1170 ergo
342 1110 469 1164 Petusium,
485 1108 570 1168 populo
591 1121 734 1170 congregato,
750 1111 833 1170 incepit

66 1172 191 1232 predicare3
207 1188 303 1234 eumque
319 1172 401 1217 milites
418 1172 441 1216 in
459 1172 529 1235 equis,
541 1181 567 1216 ut
585 1172 672 1230 assolet,
686 1175 833 1219 cucurrerunt

65 1245 88 1282 et
103 1236 126 1282 in
141 1236 200 1283 ludis
216 1236 351 1283 militaribus
368 1252 428 1283 arma
445 1245 552 1291 tenentes,
572 1236 667 1283 verbum
683 1237 833 1298 prepedirent‚

66 1317 186 1347 conversus
207 1312 295 1347 sanetus
312 1301 340 1346 ad
358 1317 396 1346 eos
415 1301 526 1363 ingemuit
547 1300 635 1347 dicens:
659 1303 681 1347 Ο
699 1302 833 1349 miserorum

66 1365 185 1412 hominum
207 1366 330 1412 miseranda
354 1366 464 1421 vecordia,
488 1365 606 1428 quianon
625 1366 774 1424 considerans,
794 1384 834 1413 nec

66 1430 148 1475 timens
159 1430 267 1476 iudicium
278 1430 324 1485 dei;
335 1430 374 1475 sed
382 1430 458 1476 audite
469 1446 512 1492 que
521 1430 633 1487 dominus,
643 1447 682 1492 per
693 1447 730 1476 me
741 1448 835 1493 pauper-

67 1493 152 1552 culum,
169 1493 234 1540 vobis
255 1493 381 1540 annuntiat.
422 1493 543 1550 Dominus,
562 1494 648 1557 inquid,
669 1495 774 1541 exaltavit
793 1513 834 1542 vos

67 1574 135 1620 super
154 1574 238 1615 omnes,
256 1559 295 1624 qui
315 1559 339 1605 in
358 1558 454 1605 circuitu
476 1568 551 1605 vestro
573 1568 641 1615 sunt3
659 1569 749 1622 propter
771 1561 834 1625 quod

67 1624 146 1670 vicinis
167 1623 314 1687 benigniores,
335 1624 378 1669 deo
400 1624 507 1687 gratiores
529 1624 620 1670 existere
642 1624 758 1670 deberetis.
791 1627 834 1672 Sed

67 1688 150 1750 ingrati
171 1689 249 1751 gratie,
267 1705 335 1734 manu
357 1698 440 1733 armata
456 1688 542 1734 vicinos
561 1688 673 1750 impetitis,
691 1690 793 1736 occiditis
812 1701 834 1736 et

68 1752 165 1797 vastatis.
209 1753 268 1796 Dico
290 1752 367 1805 vobis;
391 1768 437 1795 non
458 1752 598 1813 relinquetur
620 1753 725 1808 inultum,
746 1755 785 1799 sed
807 1756 835 1800 ad

68 1815 194 1878 graviorem
211 1816 353 1877 punitionem
364 1831 404 1860 vos
415 1815 522 1861 intestino
535 1814 594 1861 bello
608 1816 664 1862 deus
680 1816 794 1876 subruere,
805 1818 836 1863 ita

69 1890 95 1926 ut
112 1897 170 1926 unus
187 1879 210 1925 in
227 1880 323 1926 alterum
344 1890 424 1925 mutua
442 1879 550 1926 seditione
569 1892 695 1944 consurgat.
740 1882 836 1929 Docebit

69 1946 199 2007 indignati0‚
218 1946 270 2008 quia
286 1955 327 1991 vos
344 1945 446 2005 dignatio
462 1962 508 1991 non
524 1945 636 1992 instruxit.

117 2010 172 2054 Non
183 2019 234 2070 post
244 2010 329 2054 multos
341 2009 387 2053 dies
401 2009 473 2054 oritur
489 2009 618 2054 scandalum
634 2010 693 2055 inter
709 2029 754 2066 eos,
767 2014 836 2058 corri-

69 2074 165 2133 piuntur
176 2088 236 2118 arma
247 2074 270 2118 in
281 2073 401 2133 proximos,
415 2073 505 2118 seviunt
519 2074 542 2117 in
555 2073 637 2119 milites
654 2075 787 2136 popularem
805 2086 834 2131 et,

70 2155 134 2183 verso
148 2135 229 2200 gladi0‚
249 2135 335 2183 nobiles
351 2136 375 2182 in
392 2135 507 2199 plebeios3
525 2135 605 2184 ultima
622 2147 684 2185 tanta
700 2138 837 2188 immanitate

70 2220 94 2248 ac
111 2202 164 2248 cede
180 2212 288 2247 certatum
305 2211 346 2258 est,
359 2202 421 2265 quod
439 2202 507 2247 etiam
524 2202 599 2259 vicini,
612 2219 670 2265 quos
689 2205 836 2264 offenderant,

70 2266 224 2313 condolebant¹
258 2267 360 2328 Dignum
371 2265 436 2312 laude
447 2267 557 2312 iudicium
568 2281 573 2321 ;
591 2283 671 2329 nempe
684 2271 791 2331 quoniam
808 2271 835 2316 ab

71 2348 118 2375 uno
129 2341 152 2375 et
163 2347 252 2381 summo
264 2340 405 2386 recesserant,
417 2346 505 2374 necesse
515 2329 565 2385 fuit,
579 2341 605 2374 ut
623 2348 662 2375 nec
677 2334 700 2377 in
717 2334 748 2378 eis
764 2336 837 2380 unitas

71 2406 201 2442 remaneret.
235 2394 325 2444 Fortius
336 2394 359 2438 in
370 2393 483 2454 republica
493 2394 611 2440 vinculum
629 2411 675 2440 esse
692 2413 738 2442 non
755 2409 836 2459 potest,

72 2475 139 2523 quam
151 2459 201 2523 pius
213 2459 236 2506 in
247 2458 315 2506 deum
326 2474 395 2515 amor,
409 2457 492 2505 sincera
503 2469 525 2505 et
536 2475 582 2505 non
593 2459 645 2507 fieta
656 2460 717 2508 fides.

116 2587 183 2673 Illis
196 2621 275 2668 diebus
292 2635 344 2666 cum
357 2618 385 2665 ad
398 2618 475 2665 cellam
486 2620 515 2667 de
527 2631 620 2668 cortona
630 2623 664 2668 vir
676 2623 711 2670 dei
725 2626 915 2686 transimare-vn]

72 2688 169 2752 quedam
185 2686 267 2733 nobilis
283 2684 363 2731 mulier
377 2684 405 2730 de
419 2695 497 2741 castro,
511 2687 573 2749 quod
589 2686 731 2735 volusianum
748 2690 834 2749 dieitur,

72 2754 114 2798 hoc
133 2752 217 2808 audito,
231 2751 321 2811 festinat
331 2750 359 2794 ad
370 2748 434 2794 illum
445 2750 546 2812 erlongo
563 2768 627 2797 cursu
644 2752 741 2815 fatigata,
754 2757 837 2818 quippe

73 2816 125 2880 quia
136 2813 227 2862 delicata
238 2823 284 2860 erat
298 2812 363 2859 nimis
380 2821 401 2858 et
413 2822 496 2871 tenera,
508 2814 599 2861 tandem
614 2817 716 2878 pervenit
732 2819 759 2864 ad
776 2835 837 2866 sane-
