1919 3169
158 93 186 137 42
348 78 547 126 Tuncrnrus
566 79 739 127 sncuunus

160 174 210 222 iret.
232 176 264 222 Et
274 185 360 238 quanto
371 174 475 233 nobilior,
482 176 519 233 ait,
532 176 590 222 filius
601 192 665 221 meus
675 185 715 232 est,
723 186 785 222 tanto
796 176 825 221 sit
835 192 929 237 promp-

160 239 206 287 tior
225 241 253 288 ad
271 240 387 287 eundum:
417 239 523 304 quoniam
544 240 618 287 taliter
638 241 658 287 ei
680 241 759 286 merita
780 240 928 286 cumulantur.

161 305 246 351 Aderat
264 304 287 350 in
309 305 407 367 quodam
427 304 478 351 loco
499 303 567 352 frater
588 306 680 368 quidam
700 306 729 352 ad
751 306 929 367 heleemosynam

161 368 237 415 nullus
262 367 291 414 ad
317 384 416 413 mensam
443 369 526 430 plures.
575 369 653 420 Quem
686 378 775 415 sanctus
806 369 929 425 attendens,

161 434 244 480 ventris
265 432 369 490 amicum,
390 432 476 480 fructus
499 433 629 497 participem
651 432 732 479 laboris
756 443 876 495 expertem,
898 433 929 478 sic

160 498 228 545 semel
247 497 325 545 intulit
344 499 379 544 ei:
402 498 459 545 vade
478 499 537 545 viam
553 508 614 545 tuem
636 497 704 545 frater
720 515 802 555 musca,
822 499 929 562 quoniam

160 562 195 610 vis
216 563 331 610 comedere
352 562 458 610 sudorem
483 562 578 610 fratrum
602 574 696 609 tuorum
720 574 743 609 et
770 579 816 608 esse
843 564 930 609 otiosus

160 625 183 672 in
215 642 282 690 opere
314 625 357 681 dei,
387 627 465 671 similis
497 643 520 673 es
555 626 618 672 fratri
650 628 724 688 aponi,
757 627 796 689 qui
829 627 929 672 laborem

159 707 227 753 apum
239 708 285 738 non
300 689 425 736 substinens
441 690 506 736 mella
522 690 571 737 vult
587 691 702 737 comedere
718 689 811 752 primus.
843 691 929 753 Depre-

160 756 250 803 hensam
270 756 362 802 carnalis
383 756 534 811 hom0‚suam
555 756 680 819 ingluviem
702 772 801 815 noscens
818 755 928 803 mundum

160 838 227 885 quem
245 820 347 868 nondum
364 820 519 884 dereliquerat,
536 821 623 883 repetit.
667 821 746 867 Exivit
763 837 859 884 namque
878 821 929 867 reli-

159 886 250 947 gionem
261 895 283 929 et
300 886 338 947 qui
357 884 433 929 nullus
449 886 477 931 ad
493 886 672 947 heleemosynam
688 885 774 930 fuerat:
792 886 867 930 nullus
883 886 928 932 iam

159 949 227 995 frater
236 966 243 1006 ¹,
259 959 282 994 et
293 948 332 1011 qui
342 948 418 1011 plures
428 948 456 995 ad
468 965 566 994 mensam
577 948 679 1011 pluribus
690 949 772 995 demon
783 949 882 998 efficitur.

82 1084 156 1127 [n-LxJ]
199 1078 319 1130 Quomodo
336 1078 413 1120 fratris
430 1078 600 1130 helemosynam
618 1079 731 1129 portantis
749 1090 871 1121 occurrens
889 1080 927 1120 ob-

160 1131 265 1173 sculatus
278 1133 315 1173 est
328 1130 455 1172 humerum.

266 1245 297 1291 lio
313 1255 421 1307 tempore,
438 1244 498 1307 apud
509 1244 682 1305 portiunculam,
695 1260 746 1290 cum
757 1243 826 1291 frater
837 1246 927 1307 quidam

159 1309 241 1357 rediret
258 1311 286 1357 de
305 1309 392 1357 Assisio
407 1326 459 1356 cum
474 1309 636 1373 heleemosyna,
654 1309 793 1373 propinquos
809 1308 853 1355 iam
869 1308 926 1364 loco,

160 1375 218 1437 cepit
244 1374 268 1420 in
296 1385 387 1421 cantum
414 1390 559 1436 prorumpere
586 1384 608 1421 et
637 1375 763 1430 dominum,
791 1374 835 1421 alta
865 1392 927 1433 voce,

158 1439 254 1487 laudere.
290 1440 345 1490 Quo
361 1439 444 1494 audito
463 1449 553 1499 repente
569 1440 630 1483 exilit
647 1449 743 1493 sanctus,
758 1440 852 1484 occurrit
867 1438 927 1485 foras

159 1513 182 1548 et
193 1505 291 1549 osculato
298 1503 372 1549 fratris
379 1504 480 1557 humero,
492 1503 603 1549 sacculum
611 1519 652 1548 suo
659 1502 767 1564 imponit:
785 1502 926 1562 Benedictus,

68 1563 244 1632 F01·14V⁰inquid‚
256 1569 285 1614 sit
295 1568 363 1615 frater
380 1584 450 1626 meus,
468 1567 506 1631 qui
524 1577 643 1629 promptus
658 1567 727 1623 vadit,
740 1567 831 1613 humilis
847 1568 928 1631 querit,

159 1634 260 1696 gaudens
271 1633 395 1681 revertitur.

71 1759 155 1802 [A-LXIJ]
189 1759 301 1855 ἵριιειῐῒίῐετ
327 1759 411 1801 milites
436 1759 552 1801 seculares
575 1758 667 1800 iuduxit
695 1763 721 1801 ut
742 1760 926 1812 heleemosynam

160 1823 189 1864 pe
200 1824 270 1856 eren.

208 1894 335 1989 Gontigit
348 1927 438 1973 beatum
452 1925 616 1981 Francischum,
627 1926 794 1971 infirmitatibus
802 1927 894 1988 plenum
905 1938 928 1974 et

160 1996 205 2040 iam
222 1994 268 2039 fere
285 1993 315 2038 ad
332 2001 431 2036 extrema
447 1999 585 2051 vergentem,
597 1990 620 2034 in
638 1989 689 2034 loco
708 1991 804 2046 nucerie,
815 1992 898 2053 requiri
914 2007 927 2036 a

161 2059 246 2122 populo
257 2056 333 2111 assisii,
344 2054 430 2102 nunciis
441 2054 486 2100 suis
497 2052 649 2116 solempnibus
659 2053 782 2111 destinatis
794 2071 821 2100 ne
832 2055 925 2119 gloriam

162 2140 224 2171 suam
245 2121 308 2168 alteri
329 2120 407 2167 darent
426 2118 454 2166 de
473 2134 565 2180 corpore
583 2118 625 2164 viri
645 2119 687 2165 dei.
722 2119 825 2183 Cumque
844 2121 927 2166 milites

160 2197 293 2243 reverenter,
311 2186 335 2232 in
359 2183 421 2250 equis
445 2184 518 2246 ipsum
541 2183 716 2240 transveherent,
735 2184 874 2231 devenerunt
898 2185 926 2232 ad

161 2253 237 2300 villam
255 2251 374 2315 quamdam
392 2249 559 2311 pauperrimam,
572 2249 663 2294 nomine
679 2247 811 2305 Sartianum,
824 2249 863 2295 ubi
875 2267 926 2296 curn

161 2318 230 2364 fames
257 2327 279 2361 et
306 2315 362 2361 hora
388 2313 431 2358 cibi
457 2322 591 2375 expeterent,
615 2322 693 2358 euntes
714 2323 736 2358 et
760 2314 828 2359 nichil
849 2314 926 2361 venale

161 2380 306 2435 invenientes,
331 2377 413 2423 milites
444 2378 557 2423 redierunt
589 2377 616 2421 ad
649 2376 738 2421 beatum
768 2378 926 2424 Francischum

162 2447 273 2494 dicentes:
299 2444 404 2504 Oportet,
427 2450 453 2487 ut
476 2441 515 2487 des
538 2439 603 2486 nobis
621 2440 649 2487 de
670 2440 856 2504 heleemosmynis
874 2443 925 2500 tuis,

162 2511 268 2576 quoniam
276 2509 313 2555 hic
321 2507 389 2554 nichil
396 2505 473 2552 hebere
480 2522 598 2568 possumus
606 2506 634 2552 ad
645 2506 771 2553 emendum.
801 2508 927 2569 Respondit

160 2586 249 2622 sanctus
260 2586 282 2620 et
295 2573 364 2620 dixit:
385 2571 441 2617 ldeo
452 2587 498 2615 non
513 2570 627 2626 invenitis,
638 2571 691 2632 quia
707 2571 730 2616 in
746 2572 829 2617 nostris
844 2573 926 2619 muscis

161 2641 220 2702 plus,
230 2655 298 2702 quom
309 2639 332 2683 in
343 2638 386 2683 deo
397 2635 518 2690 confiditis3
534 2652 619 2681 muscas
629 2651 709 2695 nempe
718 2635 819 2682 denarios
828 2637 924 2684 vocavit.

162 2704 205 2752 Sed
223 2701 368 2757 revertimini,
384 2699 421 2755 ait,
440 2715 478 2761 per
493 2699 579 2754 domos,
594 2714 648 2762 quas
665 2699 772 2744 circuistis
789 2710 811 2746 et
827 2716 926 2747 amorem

161 2770 198 2817 dei
214 2786 256 2831 pro
272 2767 365 2813 denariis
384 2764 509 2820 offerentes
525 2763 639 2810 humiliter
654 2763 834 2825 heleemosynam
849 2765 923 2827 petite.

162 2834 240 2880 Nolite
265 2831 399 2886 erubescere,
428 2827 534 2892 quoniam
560 2828 664 2875 universa
692 2829 715 2874 in
747 2829 925 2892 heleemosynam
