1919 3169
97 50 126 96 72
207 48 209 51 ·
282 32 484 81 TRACTATUS
503 32 678 80 SECUNDUS

96 133 208 177 retineret.
236 129 337 175 Malebat
348 129 376 173 de
392 145 415 174 se
428 128 568 189 vituperium
585 129 670 185 audire,
682 145 750 191 quam
767 129 866 183 laudem3

98 211 151 241 cum
172 196 215 242 hoc
237 193 265 241 ad
286 210 308 239 se
330 192 495 240 emendandum
517 202 614 257 cogeret,
634 192 672 240 illa
693 192 816 256 impelleret
838 192 866 240 ad

98 262 231 308 cadendum.
787 284 789 287 -

0 393 97 435 -cxvnp
141 382 175 423 De
195 379 322 422 humilitate
340 379 413 429 ipsius
430 378 460 421 ad
478 380 610 430 episcopum
628 379 824 422 Interamnensem
843 383 867 423 et

101 434 131 476 ad
144 433 265 484 quemdam
278 431 395 473 rusticum.

148 516 308 602 Predicante
335 546 457 609 aliquando
486 547 572 609 populo
607 546 773 604 interamnensi,
807 564 868 594 com-

101 614 208 659 mendans
230 629 282 659 eum
308 611 425 673 episcopus
447 611 542 658 civitatis
569 627 643 656 coram
672 612 784 671 omnibus,
806 613 869 660 finita

101 678 259 740 predicatione,
276 677 307 721 sic
324 676 370 721 ait:
397 677 449 722 Hac
467 677 587 722 novissima
605 676 660 721 hora
675 676 796 724 illustravit
813 678 869 724 deus

101 742 215 789 ecclesiam
238 757 301 787 suam
326 740 369 786 isto
391 741 528 802 pauperculo
552 749 574 786 et
596 740 709 801 despecto,
731 742 830 804 simplice
846 752 868 788 et

102 807 235 863 illicterato;
268 815 361 868 propter
393 804 455 868 quod
487 816 590 851 tenemur
627 805 746 852 dominum
784 823 870 869 semper

102 872 201 929 laudare,
228 871 320 916 scientes
347 871 409 933 quod
436 886 482 915 non
509 869 561 917 fecit
588 870 661 916 taliter
688 872 750 917 omni
777 873 867 920 nationi.

105 936 198 988 Quibus
224 946 313 981 sanctus
341 934 431 989 auditis,
460 935 518 980 miro
548 936 669 994 acceptavit
695 936 784 992 affectu,
806 938 869 997 quod

103 999 176 1046 verbis
188 1010 235 1045 tam
251 997 357 1060 expressis
375 997 566 1059 contemptibilem
584 998 659 1059 ipsum
681 998 799 1044 iudicasset
812 1000 871 1063 epis-

103 1082 173 1127 copus
189 1075 212 1112 ct
228 1063 363 1110 intrantibus
379 1063 497 1121 ecclesiam,
520 1063 616 1125 procidit
638 1065 665 1110 ad
687 1065 753 1125 pedes
774 1065 871 1129 episcopi

103 1131 194 1176 dicens:
220 1130 246 1174 In
268 1129 367 1184 veritate,
389 1128 481 1174 domine
502 1129 611 1190 episcope,
633 1145 741 1190 magnum
762 1131 871 1176 honorem

104 1195 159 1240 mihi
176 1192 254 1250 fecisti,
271 1192 379 1255 quoniam
396 1209 440 1254 que
456 1209 505 1237 mea
521 1202 580 1249 sunt,
600 1192 752 1239 auferentibus
774 1194 828 1250 aliis,
844 1205 871 1240 tu

104 1259 167 1305 solus
188 1258 248 1303 illesa
269 1256 377 1312 servasti3
396 1257 507 1318 separasti,
529 1257 627 1319 inquam,
651 1259 775 1320 pretiosum
794 1276 806 1304 a
824 1259 871 1315 vili,

105 1324 163 1371 sicut
179 1323 289 1370 discretus
304 1322 381 1377 homo,
393 1321 435 1368 deo
445 1320 542 1379 laudern,
559 1321 614 1368 mihi
624 1323 733 1370 vilitatem
749 1323 871 1372 reddendo.

7 1393 95 1434 F01.26¹⁰
107 1390 162 1435 Non
181 1389 256 1435 solum
275 1398 350 1433 autem
366 1387 475 1432 humilem
497 1404 519 1432 se
535 1386 641 1449 prebebat
658 1389 681 1433 in
696 1389 732 1434 dei
750 1389 872 1435 maioribus

108 1454 147 1499 sed
157 1454 225 1498 etiam
234 1452 324 1513 paribus
332 1461 355 1495 et
365 1451 455 1496 abiectis
465 1452 562 1511 paratior
573 1454 659 1496 moneri
670 1463 693 1497 et
704 1455 793 1515 corrigi,
804 1471 873 1516 quam

108 1533 205 1564 monere.
240 1515 311 1562 Unde
328 1530 379 1560 cum
390 1515 426 1561 die
442 1515 537 1576 quadam
548 1525 625 1561 vectus
641 1515 708 1562 asello
725 1517 778 1579 quia
794 1516 873 1563 debilis

108 1592 131 1628 et
153 1581 262 1638 infirmus,
282 1578 350 1642 pedes
366 1578 399 1625 ire
418 1595 464 1625 non
480 1589 575 1642 poterat,
592 1596 632 1642 per
654 1596 734 1643 agrum
756 1581 873 1630 cuiusdam

109 1647 188 1694 rustici
210 1656 265 1692 tunc
282 1645 313 1691 ibi
329 1644 449 1691 laborantis
466 1646 569 1691 transiret
584 1647 698 1703 rusticus;
720 1648 757 1693 ille
776 1647 803 1693 ad
820 1664 873 1694 eum

110 1728 201 1757 currens
219 1710 366 1772 interrogavit
384 1709 470 1755 solicite
486 1726 513 1755 an
529 1711 577 1772 ipse
589 1709 648 1756 foret
662 1710 731 1756 frater
745 1711 872 1759 franciscus.

111 1776 157 1824 Cui
173 1793 225 1822 cum
240 1775 274 1821 vir
290 1774 326 1821 dei
342 1791 365 1819 se
379 1773 453 1834 ipsum
468 1792 515 1819 esse
530 1775 558 1820 de
574 1793 620 1836 quo
637 1776 744 1838 querebat
760 1777 876 1823 humiliter

110 1839 234 1901 respondit,
241 1838 280 1883 sed
287 1837 353 1884 stude
364 1837 395 1882 ait
401 1837 499 1883 rusticus
507 1838 562 1884 adeo
570 1837 643 1884 bonus
651 1856 697 1884 esse
704 1850 729 1885 ut
736 1841 764 1885 ab
771 1841 875 1887 omnibus

111 1905 191 1952 diceris
207 1904 247 1967 qui
258 1903 325 1949 multi
336 1902 453 1948 confidunt
464 1902 491 1948 de
503 1913 533 1949 te.
565 1904 642 1965 Quare
652 1915 675 1950 te
686 1921 768 1951 moneo
779 1915 806 1951 ut
818 1922 877 1952 nun-

112 1987 181 2034 quam
192 1970 219 2016 de
230 1979 253 2014 te
260 1969 288 2013 sit
297 1968 361 2014 aliter
370 1984 438 2030 quam
449 1979 556 2028 speratur.
583 1969 625 2014 Vir
633 1981 708 2016 autem
720 1971 763 2027 dci,
775 1971 874 2017 Francis-

112 2035 208 2089 cus,h0c
216 2032 444 2088 audiens,deasinose
452 2032 543 2076 mistum
551 2042 610 2077 terra
618 2043 644 2077 ut
652 2035 877 2096 coramrusticopro-

109 2097 203 2144 volutus
214 2095 355 2143 osculabatur
365 2094 433 2156 pedes
443 2094 491 2141 eius
499 2095 612 2141 humiliter
620 2098 701 2159 gratias
708 2114 775 2160 agens
786 2099 806 2143 ei
815 2100 875 2162 quod

109 2180 162 2209 eum
168 2162 274 2225 dignatus
282 2171 315 2207 est
326 2176 424 2205 monere.
452 2160 512 2206 Cum
523 2161 593 2223 igitur
603 2161 661 2207 fame
668 2172 714 2207 tam
722 2162 812 2208 celebris
821 2175 877 2209 esset

112 2228 173 2291 quod
179 2226 247 2274 velud
256 2236 363 2272 sanctusa
371 2224 473 2286 plurimis
480 2225 603 2272 habebatur
614 2227 681 2273 vilem
689 2244 711 2273 se
720 2244 794 2274 coram
803 2228 846 2275 deo
854 2239 877 2275 et

112 2292 241 2338 hominibus
259 2288 383 2351 reputabat,
396 2306 437 2335 nec
450 2290 478 2335 de
490 2290 570 2336 celebri
587 2290 644 2337 fama
660 2309 701 2338 nec
717 2293 744 2338 de
761 2294 877 2339 sanctitate

113 2374 158 2420 qua
180 2354 278 2419 pollebat
300 2352 430 2415 superbiens
455 2354 494 2399 sed
516 2371 556 2400 nec
578 2354 606 2400 de
628 2355 706 2402 multis
727 2366 774 2403 tam
796 2358 877 2406 sanctis

113 2421 218 2469 fratribus
245 2428 268 2467 et
295 2419 347 2466 filiis
375 2417 416 2465 sibi
443 2418 501 2466 datis
529 2420 552 2466 in
579 2435 664 2467 suorun
691 2423 877 2469 remunerationis

112 2487 249 2550 principium
265 2485 401 2531 meritorem.

22 2613 109 2652 [nemis]
151 2605 271 2657 Quomodo
293 2602 441 2654 prelationem
465 2602 489 2642 in
514 2603 614 2654 capitulo
636 2604 773 2658 resignavit3
803 2609 827 2648 et
849 2607 877 2648 de

113 2659 215 2700 oratione
229 2655 334 2708 quadam.

158 2745 233 2836 st
254 2771 385 2819 servandam
407 2770 539 2818 humilitatis
565 2783 640 2819 sancte
664 2773 780 2832 virtutem,
802 2777 877 2837 paucis
