1919 3169
346 113 524 161 MIRACULA
770 129 813 177 135

50 208 82 255 Et
92 224 142 255 ecce
158 207 235 256 subito
251 208 344 272 proiecit
355 223 409 270 puer
420 210 448 256 de
459 224 498 256 ore
510 208 610 265 fibulam,
622 209 690 256 sancti
702 209 814 256 Francisci

51 290 132 321 nomen
144 291 196 322 cum
207 272 312 321 omnibus
323 272 460 322 benedicens.

99 340 199 393 Quidam
215 340 243 386 de
260 350 331 386 castro
347 338 468 401 Ceperani‚
486 340 576 385 nomine
593 338 723 396 Nicholaus‚
735 356 813 386 manus

51 404 193 453 inimicorum
209 404 334 451 crudelium
346 403 424 450 incidit
434 404 470 450 die
481 404 585 467 quadam.
619 403 668 456 Qui
680 402 741 450 ferali
752 404 812 451 rabie

51 469 107 514 dum
128 470 222 515 vulnera
243 467 374 514 vulneribus
396 469 556 530 superaddunt,
577 484 648 532 usque
669 469 726 514 adeo
747 485 812 529 super

51 533 157 580 miserum
169 533 241 580 sevire
257 550 304 578 non
320 542 412 587 cessant,
424 533 496 578 donec
506 533 542 579 vel
554 533 678 579 extinctum
689 531 813 592 crederent,

52 598 88 645 vel
113 599 202 661 penitus
228 599 415 660 extinguendum.
458 598 563 661 Denique
589 598 700 646 semivivo
726 598 812 655 relicto,

51 680 129 709 cruore
145 663 260 710 madentes
276 662 405 710 abscedunt.
450 661 590 710 Clamaverat
606 674 681 710 autem
697 663 813 726 predictus

52 727 182 785 Nicholaus,
204 744 255 772 curn
281 727 367 788 primos
393 728 504 788 exciperet
525 728 589 783 ictus,
610 727 717 780 altissima
744 744 811 773 voce:

51 790 142 837 Adiuva
157 807 199 846 me,
212 800 287 838 sancte
303 791 417 836 Francisce
427 806 433 847 ;
444 806 554 843 Αεικωτιέ
571 791 633 847 mihi,
644 802 719 837 sancte
731 792 812 837 Franc-

51 858 101 903 isce.
144 857 219 918 Quam
235 872 314 902 vocem
331 854 406 918 plures
423 873 435 902 a
451 857 543 903 remotis
559 856 682 910 audierant,
699 866 721 903 et
737 867 812 903 tamen

51 920 158 968 auxilium
169 920 227 966 ferre
238 937 284 966 non
297 930 406 981 poterant,
441 922 576 983 Reportatus
592 921 686 967 domum
697 932 759 969 totus
770 939 813 974 suo

50 985 157 1049 sanguine
179 986 303 1043 volutatus
320 984 398 1030 clamat
414 1000 437 1030 se
453 995 550 1030 mortem
566 1000 612 1030 non
633 987 754 1042 incurrere,
772 1002 813 1032 nec

50 1050 131 1096 sentire
143 1049 239 1106 dolores,
250 1049 357 1113 quoniam
373 1060 463 1095 sanctus
473 1050 602 1095 Franciscus
615 1050 657 1096 eibi
672 1061 813 1097 succurrerat

51 1125 73 1163 et
89 1126 116 1163 ut
131 1115 276 1178 penitentiam
295 1125 370 1178 ageret
386 1132 398 1162 a
417 1115 468 1162 Deo
486 1114 651 1178 impetraverat.
683 1115 718 1163 Sic
736 1132 813 1163 revera

50 1181 110 1227 lotus
118 1198 131 1227 a
139 1182 255 1244 sanguine,
264 1181 309 1226 cito
318 1191 396 1227 contra
406 1180 527 1226 humanam
538 1196 601 1242 spem
611 1181 686 1227 extitit
696 1181 810 1230 liberatus¹

97 1246 213 1291 Homines
229 1245 256 1291 de
272 1245 371 1289 Lentino
388 1244 486 1305 lapidem
505 1245 652 1306 pregrandem
671 1244 813 1292 absciderunt

51 1309 77 1356 de
86 1319 179 1366 monte3
196 1309 236 1373 qui
247 1308 433 1372 superponendus
448 1318 495 1355 erat
510 1308 573 1354 altari
590 1308 707 1355 cuiusdam
723 1310 813 1357 ecclesie

51 1374 108 1421 beati
123 1374 241 1431 Francisci,
252 1375 297 1420 iam
313 1374 336 1419 in
346 1374 457 1435 ¹proximo
473 1374 627 1420 consecrande.
661 1374 720 1421 Cum
737 1386 813 1422 autem

50 1438 95 1486 fere
119 1448 160 1486 xaa
184 1439 286 1486 homines
312 1437 410 1500 lapidem
436 1437 540 1485 vehiculo
567 1455 716 1501 superponere
743 1441 813 1487 niter-

50 1515 122 1562 entur,
150 1504 251 1566 repetitis
278 1504 352 1565 sepius
381 1503 475 1560 viribus,
502 1519 569 1565 super
599 1504 713 1566 quendam
740 1506 811 1552 homi-

50 1583 100 1614 nem
119 1568 175 1629 lapis
196 1567 276 1614 cecidit
297 1578 320 1613 et
341 1567 415 1627 ipsum
437 1568 461 1612 in
483 1569 578 1614 modum
600 1567 697 1629 sepulcri
719 1568 811 1616 obtexit.

51 1633 93 1680 Sed
112 1650 163 1679 cum
182 1642 257 1679 mente
279 1629 367 1678 confusi
388 1630 444 1695 quid
465 1630 563 1678 facerent
584 1631 719 1695 ignorarent,
741 1632 812 1681 maior

49 1715 99 1760 pars
113 1699 233 1745 hominum
249 1698 364 1758 desperata
379 1697 485 1745 discessit.
519 1697 568 1743 Viri
579 1713 594 1742 x
605 1698 644 1760 qui
660 1704 856 1747 remanserantFol.
864 1708 903 1753 54'·

49 1762 140 1826 lugubri
158 1779 213 1810 voce
232 1762 366 1808 invocabant
387 1772 489 1807 sanctum
508 1761 658 1818 Franciscum‚
678 1779 706 1808 ne
727 1763 750 1809 in
769 1780 811 1811 suo

48 1828 140 1873 servitio
151 1828 182 1872 sie
195 1828 307 1887 desperate
324 1826 381 1869 mori
397 1825 513 1870 hominem
529 1835 650 1886 pateretur.
684 1828 812 1874 Semivivus

49 1891 149 1953 sepultus
159 1889 245 1936 iacebat
257 1890 333 1947 homo,
345 1899 368 1934 et
378 1888 452 1935 vitalis
468 1888 560 1951 spiritus
571 1889 610 1952 qui
621 1888 692 1935 inerat
703 1890 731 1936 ad
742 1893 811 1938 sancti

49 1955 161 2002 Francisci
182 1953 307 2016 suspirabat
329 1952 443 2000 auxilium.
477 1955 603 2015 Resumpto
624 1954 715 2001 tandem
737 1956 811 2016 corde,

48 2020 91 2067 viri
100 2020 131 2066 illi
142 2020 241 2083 lapidem
251 2028 314 2066 tanta
322 2017 427 2064 facilitate
438 2018 563 2082 deponunt,
573 2028 599 2065 ut
609 2018 686 2065 nullus
696 2019 811 2068 dubitaret

49 2100 141 2131 manum
150 2084 239 2130 affuisse
247 2083 366 2129 Francisei.
399 2084 498 2128 Surrexit
509 2083 579 2129 homo
587 2083 705 2129 incolumis
713 2096 735 2130 et
745 2086 811 2145 plene

48 2150 129 2196 revixit
140 2149 179 2212 qui
191 2147 255 2212 quasi
271 2158 376 2193 mortuus
386 2145 466 2201 fuerat,
477 2148 555 2192 lumen
566 2157 681 2208 recuperat
692 2147 810 2195 oculorum

48 2213 87 2277 qui
109 2213 172 2277 prius
192 2213 299 2259 habuerat
321 2210 474 2270 obscuratum,
493 2220 520 2258 ut
540 2210 572 2257 sic
593 2210 697 2258 omnibus
719 2213 811 2262 daretur

47 2278 142 2341 intelligi
153 2278 209 2340 quid
220 2278 244 2323 in
255 2277 375 2339 desperatis
385 2276 451 2322 rebus
463 2293 529 2339 opera
539 2274 627 2321 valeant
637 2276 754 2327 Francisei.

94 2344 164 2404 Apud
186 2342 292 2388 Sanctum
314 2340 446 2386 Severinum
468 2341 491 2385 in
514 2340 615 2385 Matthia
636 2340 708 2386 simile
731 2344 812 2389 accidit

48 2406 155 2453 memoria
166 2406 268 2469 dignum.
303 2404 364 2453 Cum
377 2402 433 2466 lapis
449 2403 560 2450 maximus
572 2404 599 2450 de
611 2402 810 2469 Constantinopoli

47 2472 129 2518 ductus
144 2488 187 2534 pro
202 2470 266 2517 fonte
284 2469 353 2515 sancti
371 2468 481 2515 Francisci
502 2469 563 2530 apud
578 2468 691 2515 Assisium
707 2482 811 2518 constru-

47 2537 113 2593 endo,
132 2536 210 2598 rapido
232 2551 299 2582 cursu
321 2534 448 2581 multorum
470 2533 555 2581 viribus
576 2533 710 2592 traheretur,
732 2536 811 2584 cecidit

47 2602 139 2663 quidam
150 2601 192 2646 sub
205 2601 261 2661 ipso,
273 2599 312 2660 qui
330 2615 374 2642 non
391 2598 465 2644 solum
482 2597 613 2643 credebatur
630 2597 759 2655 defunctus,
770 2603 809 2647 sed

47 2666 148 2717 totaliter
163 2663 321 2711 comminutus.
364 2662 409 2710 Cui
426 2664 509 2719 statim,
526 2672 552 2709 ut
568 2661 609 2707 sibi
629 2662 704 2709 visum
723 2662 768 2712 fuit
787 2677 810 2713 et

47 2732 128 2779 veritas
140 2729 248 2794 prodidit,
259 2728 329 2776 astitit
344 2737 435 2775 sanctus
447 2728 579 2776 Franciscus
590 2736 612 2773 et
622 2725 719 2790 lapidem
735 2729 810 2777 suble-

45 2797 120 2843 vando
131 2797 214 2857 absque
225 2795 298 2856 aliqua
312 2793 395 2839 lesione
410 2793 511 2854 proiecit.
543 2792 622 2854 Sicque
633 2792 719 2840 factum
730 2806 763 2841 est
774 2808 808 2852 ut,

46 2861 108 2923 quod
120 2860 170 2906 visu
181 2858 225 2905 fuit
236 2857 349 2913 horribile,
361 2858 424 2903 fieret
435 2857 540 2903 omnibus
550 2856 696 2905 ammirabile.
