<?xml version="1.0" encoding="UTF-8"?>
<!DOCTYPE html PUBLIC "-//W3C//DTD XHTML 1.0 Transitional//EN"
    "http://www.w3.org/TR/xhtml1/DTD/xhtml1-transitional.dtd">
<html xmlns="http://www.w3.org/1999/xhtml" xml:lang="en" lang="en">
 <head>
  <title>
</title>
<meta http-equiv="Content-Type" content="text/html;charset=utf-8" />
  <meta name='ocr-system' content='tesseract 3.04.00' />
  <meta name='ocr-capabilities' content='ocr_page ocr_carea ocr_par ocr_line ocrx_word'/>
</head>
<body>
  <div class='ocr_page' id='page_1' title='image "./MN5146ucmf_4_0287.png"; bbox 0 0 1919 3169; ppageno 0'>
   <div class='ocr_carea' id='block_1_1' title="bbox 244 97 816 167">
    <p class='ocr_par' dir='ltr' id='par_1_1' title="bbox 244 97 816 167">
     <span class='ocr_line' id='line_1_1' title="bbox 244 97 816 167; baseline -0.012 -10"><span class='ocrx_word' id='word_1_1' title='bbox 244 108 444 157; x_wconf 84' lang='lat' dir='ltr'><strong>TRACTATUS</strong></span> <span class='ocrx_word' id='word_1_2' title='bbox 460 107 635 154; x_wconf 88' lang='lat' dir='ltr'>SECUNDUS</span> <span class='ocrx_word' id='word_1_3' title='bbox 789 97 791 99; x_wconf 36' lang='lat'>¹</span> <span class='ocrx_word' id='word_1_4' title='bbox 803 122 816 167; x_wconf 93' lang='lat'>9</span> 
     </span>
    </p>
   </div>
   <div class='ocr_carea' id='block_1_2' title="bbox 24 203 899 787">
    <p class='ocr_par' dir='ltr' id='par_1_2' title="bbox 55 203 819 399">
     <span class='ocr_line' id='line_1_2' title="bbox 55 203 818 260; baseline -0.01 -3"><span class='ocrx_word' id='word_1_5' title='bbox 55 211 125 257; x_wconf 83' lang='lat' dir='ltr'>facere</span> <span class='ocrx_word' id='word_1_6' title='bbox 142 210 256 256; x_wconf 79' lang='lat' dir='ltr'>Domine?</span> <span class='ocrx_word' id='word_1_7' title='bbox 289 208 321 255; x_wconf 88' lang='lat' dir='ltr'>Et</span> <span class='ocrx_word' id='word_1_8' title='bbox 337 206 452 252; x_wconf 82' lang='lat' dir='ltr'>Dominus</span> <span class='ocrx_word' id='word_1_9' title='bbox 464 206 570 253; x_wconf 86' lang='lat' dir='ltr'>adeum:</span> <span class='ocrx_word' id='word_1_10' title='bbox 599 206 728 260; x_wconf 88' lang='lat' dir='ltr'>Revertere,</span> <span class='ocrx_word' id='word_1_11' title='bbox 741 205 777 258; x_wconf 88' lang='lat' dir='ltr'>ait,</span> <span class='ocrx_word' id='word_1_12' title='bbox 790 203 818 249; x_wconf 90' lang='lat' dir='ltr'>ad</span> 
     </span>
     <span class='ocr_line' id='line_1_3' title="bbox 55 267 819 334; baseline -0.009 -15"><span class='ocrx_word' id='word_1_13' title='bbox 55 285 138 319; x_wconf 87' lang='lat' dir='ltr'>terram</span> <span class='ocrx_word' id='word_1_14' title='bbox 149 273 272 319; x_wconf 89' lang='lat' dir='ltr'>nativitatis</span> <span class='ocrx_word' id='word_1_15' title='bbox 283 282 321 317; x_wconf 89' lang='lat' dir='ltr'>tue</span> <span class='ocrx_word' id='word_1_16' title='bbox 332 270 385 334; x_wconf 91' lang='lat' dir='ltr'>quia</span> <span class='ocrx_word' id='word_1_17' title='bbox 395 269 487 315; x_wconf 78' lang='lat' dir='ltr'>visionis</span> <span class='ocrx_word' id='word_1_18' title='bbox 497 281 536 315; x_wconf 89' lang='lat' dir='ltr'>tue</span> <span class='ocrx_word' id='word_1_19' title='bbox 547 269 590 315; x_wconf 90' lang='lat' dir='ltr'>erit</span> <span class='ocrx_word' id='word_1_20' title='bbox 600 285 640 330; x_wconf 91' lang='lat' dir='ltr'>per</span> <span class='ocrx_word' id='word_1_21' title='bbox 652 284 688 314; x_wconf 89' lang='lat' dir='ltr'>me</span> <span class='ocrx_word' id='word_1_22' title='bbox 698 267 819 329; x_wconf 88' lang='lat' dir='ltr'>spiritualis</span> 
     </span>
     <span class='ocr_line' id='line_1_4' title="bbox 55 332 819 399; baseline -0.009 -16"><span class='ocrx_word' id='word_1_23' title='bbox 55 338 163 399; x_wconf 84' lang='lat' dir='ltr'>impletio.</span> <span class='ocrx_word' id='word_1_24' title='bbox 197 337 328 384; x_wconf 89' lang='lat' dir='ltr'>Revertitur</span> <span class='ocrx_word' id='word_1_25' title='bbox 349 334 432 397; x_wconf 81' lang='lat' dir='ltr'>absque</span> <span class='ocrx_word' id='word_1_26' title='bbox 448 349 518 393; x_wconf 83' lang='lat' dir='ltr'>mora,</span> <span class='ocrx_word' id='word_1_27' title='bbox 537 334 581 379; x_wconf 89' lang='lat' dir='ltr'>iam</span> <span class='ocrx_word' id='word_1_28' title='bbox 600 332 674 378; x_wconf 84' lang='lat' dir='ltr'>forma</span> <span class='ocrx_word' id='word_1_29' title='bbox 692 332 819 377; x_wconf 80' lang='lat' dir='ltr'>obedientie</span> 
     </span>
    </p>

    <p class='ocr_par' dir='ltr' id='par_1_3' title="bbox 24 397 899 787">
     <span class='ocr_line' id='line_1_5' title="bbox 24 397 819 465; baseline -0.011 -14"><span class='ocrx_word' id='word_1_30' title='bbox 24 446 26 451; x_wconf 81' lang='grc'>,</span> <span class='ocrx_word' id='word_1_31' title='bbox 56 402 127 449; x_wconf 87' lang='lat' dir='ltr'>faetus</span> <span class='ocrx_word' id='word_1_32' title='bbox 146 414 168 449; x_wconf 91' lang='lat' dir='ltr'>et</span> <span class='ocrx_word' id='word_1_33' title='bbox 187 402 303 465; x_wconf 78' lang='lat' dir='ltr'>propriam</span> <span class='ocrx_word' id='word_1_34' title='bbox 322 399 426 445; x_wconf 82' lang='lat' dir='ltr'>abdicans</span> <span class='ocrx_word' id='word_1_35' title='bbox 442 399 589 457; x_wconf 83' lang='lat' dir='ltr'>voluntatem,</span> <span class='ocrx_word' id='word_1_36' title='bbox 606 399 634 444; x_wconf 88' lang='lat' dir='ltr'>de</span> <span class='ocrx_word' id='word_1_37' title='bbox 653 399 724 456; x_wconf 85' lang='lat' dir='ltr'>saulo,</span> <span class='ocrx_word' id='word_1_38' title='bbox 741 397 819 459; x_wconf 88' lang='lat' dir='ltr'>paulus</span> 
     </span>
     <span class='ocr_line' id='line_1_6' title="bbox 56 462 820 514; baseline -0.009 0"><span class='ocrx_word' id='word_1_39' title='bbox 56 468 158 514; x_wconf 88' lang='lat' dir='ltr'>efficitur.</span> <span class='ocrx_word' id='word_1_40' title='bbox 191 466 345 514; x_wconf 88' lang='lat' dir='ltr'>Prosternitur</span> <span class='ocrx_word' id='word_1_41' title='bbox 366 464 404 510; x_wconf 88' lang='lat' dir='ltr'>ille</span> <span class='ocrx_word' id='word_1_42' title='bbox 426 474 449 510; x_wconf 92' lang='lat' dir='ltr'>et</span> <span class='ocrx_word' id='word_1_43' title='bbox 469 464 559 511; x_wconf 87' lang='lat' dir='ltr'>verbera</span> <span class='ocrx_word' id='word_1_44' title='bbox 580 464 637 511; x_wconf 89' lang='lat' dir='ltr'>dura</span> <span class='ocrx_word' id='word_1_45' title='bbox 657 462 725 510; x_wconf 88' lang='lat' dir='ltr'>verba</span> <span class='ocrx_word' id='word_1_46' title='bbox 746 462 820 509; x_wconf 87' lang='lat' dir='ltr'>dulcia</span> 
     </span>
     <span class='ocr_line' id='line_1_7' title="bbox 56 527 819 594; baseline -0.01 -17"><span class='ocrx_word' id='word_1_47' title='bbox 56 533 161 594; x_wconf 82' lang='lat' dir='ltr'>gignunt.</span> <span class='ocrx_word' id='word_1_48' title='bbox 194 533 212 575; x_wconf 88' lang='lat' dir='ltr'>F</span> <span class='ocrx_word' id='word_1_49' title='bbox 214 533 324 575; x_wconf 88' lang='lat' dir='ltr'>ranciscus</span> <span class='ocrx_word' id='word_1_50' title='bbox 334 545 390 574; x_wconf 91' lang='lat' dir='ltr'>vero</span> <span class='ocrx_word' id='word_1_51' title='bbox 404 545 465 572; x_wconf 90' lang='lat' dir='ltr'>arma</span> <span class='ocrx_word' id='word_1_52' title='bbox 481 529 575 573; x_wconf 87' lang='lat' dir='ltr'>carnalia</span> <span class='ocrx_word' id='word_1_53' title='bbox 582 529 606 572; x_wconf 91' lang='lat' dir='ltr'>in</span> <span class='ocrx_word' id='word_1_54' title='bbox 617 528 740 588; x_wconf 80' lang='lat' dir='ltr'>spiritualia</span> <span class='ocrx_word' id='word_1_55' title='bbox 750 527 819 572; x_wconf 90' lang='lat' dir='ltr'>vertit</span> 
     </span>
     <span class='ocr_line' id='line_1_8' title="bbox 55 590 899 657; baseline -0.009 -16"><span class='ocrx_word' id='word_1_56' title='bbox 55 605 78 641; x_wconf 86' lang='lat' dir='ltr'>et</span> <span class='ocrx_word' id='word_1_57' title='bbox 95 610 137 657; x_wconf 92' lang='lat' dir='ltr'>pro</span> <span class='ocrx_word' id='word_1_58' title='bbox 155 593 243 640; x_wconf 88' lang='lat' dir='ltr'>militari</span> <span class='ocrx_word' id='word_1_59' title='bbox 262 592 333 657; x_wconf 84' lang='lat' dir='ltr'>gloria</span> <span class='ocrx_word' id='word_1_60' title='bbox 349 591 452 637; x_wconf 90' lang='lat' dir='ltr'>divinum</span> <span class='ocrx_word' id='word_1_61' title='bbox 471 591 563 654; x_wconf 87' lang='lat' dir='ltr'>suscipit</span> <span class='ocrx_word' id='word_1_62' title='bbox 580 590 724 653; x_wconf 82' lang='lat' dir='ltr'>presidatum.</span> <span class='ocrx_word' id='word_1_63' title='bbox 767 590 863 635; x_wconf 84' lang='lat' dir='ltr'>Stu-Fol.</span> <span class='ocrx_word' id='word_1_64' title='bbox 873 598 899 632; x_wconf 48' lang='grc' dir='ltr'>κω</span> 
     </span>
     <span class='ocr_line' id='line_1_9' title="bbox 56 654 819 723; baseline -0.007 -18"><span class='ocrx_word' id='word_1_65' title='bbox 56 659 160 723; x_wconf 85' lang='lat' dir='ltr'>pentibus</span> <span class='ocrx_word' id='word_1_66' title='bbox 179 661 255 722; x_wconf 88' lang='lat' dir='ltr'>itaque</span> <span class='ocrx_word' id='word_1_67' title='bbox 274 656 351 704; x_wconf 89' lang='lat' dir='ltr'>multis</span> <span class='ocrx_word' id='word_1_68' title='bbox 369 656 464 703; x_wconf 89' lang='lat' dir='ltr'>letitiam</span> <span class='ocrx_word' id='word_1_69' title='bbox 485 656 533 704; x_wconf 89' lang='lat' dir='ltr'>eius</span> <span class='ocrx_word' id='word_1_70' title='bbox 551 655 668 713; x_wconf 85' lang='lat' dir='ltr'>insolitam,</span> <span class='ocrx_word' id='word_1_71' title='bbox 691 654 778 703; x_wconf 90' lang='lat' dir='ltr'>dicebat</span> <span class='ocrx_word' id='word_1_72' title='bbox 797 671 819 700; x_wconf 89' lang='lat' dir='ltr'>se</span> 
     </span>
     <span class='ocr_line' id='line_1_10' title="bbox 56 722 454 787; baseline -0.013 -16"><span class='ocrx_word' id='word_1_73' title='bbox 56 740 165 787; x_wconf 84' lang='lat' dir='ltr'>magnum</span> <span class='ocrx_word' id='word_1_74' title='bbox 182 723 306 786; x_wconf 85' lang='lat' dir='ltr'>principem</span> <span class='ocrx_word' id='word_1_75' title='bbox 322 722 454 767; x_wconf 87' lang='lat' dir='ltr'>affuturum.</span> 
     </span>
    </p>
   </div>
   <div class='ocr_carea' id='block_1_3' title="bbox 57 849 896 946">
    <p class='ocr_par' dir='ltr' id='par_1_4' title="bbox 57 849 896 946">
     <span class='ocr_line' id='line_1_11' title="bbox 95 849 896 904; baseline 0.001 -11"><span class='ocrx_word' id='word_1_76' title='bbox 95 851 199 904; x_wconf 84' lang='lat' dir='ltr'>Qualiter</span> <span class='ocrx_word' id='word_1_77' title='bbox 221 862 274 893; x_wconf 88' lang='lat' dir='ltr'>eum</span> <span class='ocrx_word' id='word_1_78' title='bbox 297 850 404 892; x_wconf 84' lang='lat' dir='ltr'>iuvenum</span> <span class='ocrx_word' id='word_1_79' title='bbox 426 849 494 891; x_wconf 90' lang='lat' dir='ltr'>turba</span> <span class='ocrx_word' id='word_1_80' title='bbox 515 852 541 891; x_wconf 88' lang='lat' dir='ltr'>ut</span> <span class='ocrx_word' id='word_1_81' title='bbox 563 861 604 893; x_wconf 89' lang='lat' dir='ltr'>eos</span> <span class='ocrx_word' id='word_1_82' title='bbox 626 853 731 901; x_wconf 84' lang='lat' dir='ltr'>pasceret</span> <span class='ocrx_word' id='word_1_83' title='bbox 754 850 896 897; x_wconf 64' lang='lat' dir='ltr'>suumla-HJ]</span> 
     </span>
     <span class='ocr_line' id='line_1_12' title="bbox 57 903 547 946; baseline -0.008 0"><span class='ocrx_word' id='word_1_84' title='bbox 57 904 174 946; x_wconf 85' lang='lat' dir='ltr'>dominum</span> <span class='ocrx_word' id='word_1_85' title='bbox 185 904 268 945; x_wconf 84' lang='lat' dir='ltr'>statuit</span> <span class='ocrx_word' id='word_1_86' title='bbox 281 907 305 944; x_wconf 88' lang='lat' dir='ltr'>et</span> <span class='ocrx_word' id='word_1_87' title='bbox 319 903 347 944; x_wconf 86' lang='lat' dir='ltr'>tle</span> <span class='ocrx_word' id='word_1_88' title='bbox 360 914 404 944; x_wconf 85' lang='lat' dir='ltr'>sua</span> <span class='ocrx_word' id='word_1_89' title='bbox 417 903 547 944; x_wconf 79' lang='lat' dir='ltr'>mutatione.</span> 
     </span>
    </p>
   </div>
   <div class='ocr_carea' id='block_1_4' title="bbox 57 1021 824 2466">
    <p class='ocr_par' dir='ltr' id='par_1_5' title="bbox 57 1021 824 1815">
     <span class='ocr_line' id='line_1_13' title="bbox 101 1021 823 1114; baseline -0.001 -16"><span class='ocrx_word' id='word_1_90' title='bbox 101 1021 203 1114; x_wconf 71' lang='lat' dir='ltr'>Incipit</span> <span class='ocrx_word' id='word_1_91' title='bbox 219 1051 369 1099; x_wconf 89' lang='lat' dir='ltr'>transformari</span> <span class='ocrx_word' id='word_1_92' title='bbox 385 1053 408 1096; x_wconf 88' lang='lat' dir='ltr'>in</span> <span class='ocrx_word' id='word_1_93' title='bbox 423 1051 498 1096; x_wconf 89' lang='lat' dir='ltr'>virum</span> <span class='ocrx_word' id='word_1_94' title='bbox 509 1052 548 1099; x_wconf 81' lang='lat' dir='ltr'>vix</span> <span class='ocrx_word' id='word_1_95' title='bbox 561 1051 687 1113; x_wconf 87' lang='lat' dir='ltr'>perfectum</span> <span class='ocrx_word' id='word_1_96' title='bbox 698 1063 720 1098; x_wconf 92' lang='lat' dir='ltr'>et</span> <span class='ocrx_word' id='word_1_97' title='bbox 730 1052 786 1098; x_wconf 87' lang='lat' dir='ltr'>alter</span> <span class='ocrx_word' id='word_1_98' title='bbox 796 1069 823 1097; x_wconf 86' lang='lat' dir='ltr'>ex</span> 
     </span>
     <span class='ocr_line' id='line_1_14' title="bbox 57 1116 823 1177; baseline -0.001 -14"><span class='ocrx_word' id='word_1_99' title='bbox 57 1116 127 1163; x_wconf 88' lang='lat' dir='ltr'>altero</span> <span class='ocrx_word' id='word_1_100' title='bbox 148 1116 203 1162; x_wconf 89' lang='lat' dir='ltr'>fieri.</span> <span class='ocrx_word' id='word_1_101' title='bbox 253 1118 375 1177; x_wconf 84' lang='lat' dir='ltr'>Regressus</span> <span class='ocrx_word' id='word_1_102' title='bbox 399 1116 468 1177; x_wconf 85' lang='lat' dir='ltr'>igitur</span> <span class='ocrx_word' id='word_1_103' title='bbox 493 1116 595 1171; x_wconf 86' lang='lat' dir='ltr'>domum,</span> <span class='ocrx_word' id='word_1_104' title='bbox 617 1116 747 1162; x_wconf 85' lang='lat' dir='ltr'>insecuntur</span> <span class='ocrx_word' id='word_1_105' title='bbox 771 1134 823 1162; x_wconf 92' lang='lat' dir='ltr'>eum</span> 
     </span>
     <span class='ocr_line' id='line_1_15' title="bbox 57 1180 822 1243; baseline 0 -16"><span class='ocrx_word' id='word_1_106' title='bbox 57 1181 97 1228; x_wconf 86' lang='lat' dir='ltr'>filii</span> <span class='ocrx_word' id='word_1_107' title='bbox 110 1180 226 1243; x_wconf 88' lang='lat' dir='ltr'>babylonis</span> <span class='ocrx_word' id='word_1_108' title='bbox 237 1180 313 1227; x_wconf 88' lang='lat' dir='ltr'>etalio</span> <span class='ocrx_word' id='word_1_109' title='bbox 324 1180 454 1227; x_wconf 85' lang='lat' dir='ltr'>tendentem</span> <span class='ocrx_word' id='word_1_110' title='bbox 463 1180 557 1227; x_wconf 88' lang='lat' dir='ltr'>trahunt</span> <span class='ocrx_word' id='word_1_111' title='bbox 567 1181 595 1227; x_wconf 92' lang='lat' dir='ltr'>ad</span> <span class='ocrx_word' id='word_1_112' title='bbox 606 1180 654 1239; x_wconf 85' lang='lat' dir='ltr'>alia,</span> <span class='ocrx_word' id='word_1_113' title='bbox 668 1180 704 1228; x_wconf 92' lang='lat' dir='ltr'>vel</span> <span class='ocrx_word' id='word_1_114' title='bbox 716 1181 822 1229; x_wconf 87' lang='lat' dir='ltr'>invitum.</span> 
     </span>
     <span class='ocr_line' id='line_1_16' title="bbox 58 1245 823 1306; baseline 0 -17"><span class='ocrx_word' id='word_1_115' title='bbox 58 1248 118 1290; x_wconf 90' lang='lat' dir='ltr'>Nam</span> <span class='ocrx_word' id='word_1_116' title='bbox 145 1247 253 1289; x_wconf 90' lang='lat' dir='ltr'>iuvenum</span> <span class='ocrx_word' id='word_1_117' title='bbox 279 1245 344 1289; x_wconf 88' lang='lat' dir='ltr'>turba</span> <span class='ocrx_word' id='word_1_118' title='bbox 371 1245 466 1289; x_wconf 89' lang='lat' dir='ltr'>civitatis</span> <span class='ocrx_word' id='word_1_119' title='bbox 493 1245 581 1301; x_wconf 90' lang='lat' dir='ltr'>Assisii,</span> <span class='ocrx_word' id='word_1_120' title='bbox 606 1247 645 1306; x_wconf 90' lang='lat' dir='ltr'>qui</span> <span class='ocrx_word' id='word_1_121' title='bbox 669 1247 743 1306; x_wconf 89' lang='lat' dir='ltr'>ipsum</span> <span class='ocrx_word' id='word_1_122' title='bbox 768 1246 823 1289; x_wconf 89' lang='lat' dir='ltr'>olim</span> 
     </span>
     <span class='ocr_line' id='line_1_17' title="bbox 58 1307 822 1369; baseline 0 -15"><span class='ocrx_word' id='word_1_123' title='bbox 58 1308 163 1355; x_wconf 86' lang='lat' dir='ltr'>habuerat</span> <span class='ocrx_word' id='word_1_124' title='bbox 187 1325 225 1355; x_wconf 90' lang='lat' dir='ltr'>sue</span> <span class='ocrx_word' id='word_1_125' title='bbox 252 1309 356 1355; x_wconf 86' lang='lat' dir='ltr'>vanitatis</span> <span class='ocrx_word' id='word_1_126' title='bbox 385 1307 548 1369; x_wconf 88' lang='lat' dir='ltr'>preambulum,</span> <span class='ocrx_word' id='word_1_127' title='bbox 576 1308 638 1354; x_wconf 87' lang='lat' dir='ltr'>addit</span> <span class='ocrx_word' id='word_1_128' title='bbox 669 1309 742 1354; x_wconf 87' lang='lat' dir='ltr'>adhuc</span> <span class='ocrx_word' id='word_1_129' title='bbox 771 1324 822 1354; x_wconf 90' lang='lat' dir='ltr'>eum</span> 
     </span>
     <span class='ocr_line' id='line_1_18' title="bbox 59 1372 822 1437; baseline 0 -16"><span class='ocrx_word' id='word_1_130' title='bbox 59 1373 86 1421; x_wconf 89' lang='lat' dir='ltr'>ad</span> <span class='ocrx_word' id='word_1_131' title='bbox 104 1372 192 1421; x_wconf 89' lang='lat' dir='ltr'>socialia</span> <span class='ocrx_word' id='word_1_132' title='bbox 209 1372 301 1437; x_wconf 90' lang='lat' dir='ltr'>prandia</span> <span class='ocrx_word' id='word_1_133' title='bbox 319 1373 421 1430; x_wconf 87' lang='lat' dir='ltr'>invitare,</span> <span class='ocrx_word' id='word_1_134' title='bbox 439 1373 462 1419; x_wconf 95' lang='lat' dir='ltr'>in</span> <span class='ocrx_word' id='word_1_135' title='bbox 481 1373 563 1437; x_wconf 91' lang='lat' dir='ltr'>quibus</span> <span class='ocrx_word' id='word_1_136' title='bbox 582 1373 670 1420; x_wconf 88' lang='lat' dir='ltr'>lascivie</span> <span class='ocrx_word' id='word_1_137' title='bbox 691 1390 778 1436; x_wconf 89' lang='lat' dir='ltr'>semper</span> <span class='ocrx_word' id='word_1_138' title='bbox 800 1385 822 1421; x_wconf 91' lang='lat' dir='ltr'>et</span> 
     </span>
     <span class='ocr_line' id='line_1_19' title="bbox 58 1438 824 1501; baseline -0.001 -16"><span class='ocrx_word' id='word_1_139' title='bbox 58 1439 187 1485; x_wconf 85' lang='lat' dir='ltr'>scurrilitati</span> <span class='ocrx_word' id='word_1_140' title='bbox 208 1439 312 1485; x_wconf 85' lang='lat' dir='ltr'>servitur.</span> <span class='ocrx_word' id='word_1_141' title='bbox 365 1438 464 1500; x_wconf 82' lang='lat' dir='ltr'>Eligitur</span> <span class='ocrx_word' id='word_1_142' title='bbox 483 1438 510 1483; x_wconf 88' lang='lat' dir='ltr'>ab</span> <span class='ocrx_word' id='word_1_143' title='bbox 529 1439 560 1483; x_wconf 86' lang='lat' dir='ltr'>eis</span> <span class='ocrx_word' id='word_1_144' title='bbox 581 1439 604 1483; x_wconf 92' lang='lat' dir='ltr'>in</span> <span class='ocrx_word' id='word_1_145' title='bbox 626 1439 714 1496; x_wconf 79' lang='lat' dir='ltr'>ducem,</span> <span class='ocrx_word' id='word_1_146' title='bbox 733 1450 824 1501; x_wconf 86' lang='lat' dir='ltr'>experta</span> 
     </span>
     <span class='ocr_line' id='line_1_20' title="bbox 58 1502 822 1564; baseline 0.003 -17"><span class='ocrx_word' id='word_1_147' title='bbox 58 1503 131 1564; x_wconf 90' lang='lat' dir='ltr'>sepius</span> <span class='ocrx_word' id='word_1_148' title='bbox 148 1503 279 1548; x_wconf 82' lang='lat' dir='ltr'>liberalitate</span> <span class='ocrx_word' id='word_1_149' title='bbox 296 1502 373 1564; x_wconf 83' lang='lat' dir='ltr'>ipsius,</span> <span class='ocrx_word' id='word_1_150' title='bbox 389 1519 434 1563; x_wconf 86' lang='lat' dir='ltr'>qua</span> <span class='ocrx_word' id='word_1_151' title='bbox 455 1502 608 1547; x_wconf 81' lang='lat' dir='ltr'>indubitanter</span> <span class='ocrx_word' id='word_1_152' title='bbox 624 1502 729 1560; x_wconf 86' lang='lat' dir='ltr'>sciebant,</span> <span class='ocrx_word' id='word_1_153' title='bbox 748 1505 822 1564; x_wconf 90' lang='lat' dir='ltr'>ipsum</span> 
     </span>
     <span class='ocr_line' id='line_1_21' title="bbox 58 1564 823 1628; baseline 0 -16"><span class='ocrx_word' id='word_1_154' title='bbox 58 1582 163 1627; x_wconf 87' lang='lat' dir='ltr'>expensas</span> <span class='ocrx_word' id='word_1_155' title='bbox 179 1582 221 1628; x_wconf 90' lang='lat' dir='ltr'>pro</span> <span class='ocrx_word' id='word_1_156' title='bbox 238 1567 342 1611; x_wconf 90' lang='lat' dir='ltr'>omnibus</span> <span class='ocrx_word' id='word_1_157' title='bbox 359 1566 493 1612; x_wconf 89' lang='lat' dir='ltr'>soluturum.</span> <span class='ocrx_word' id='word_1_158' title='bbox 538 1564 675 1612; x_wconf 90' lang='lat' dir='ltr'>Obedientes</span> <span class='ocrx_word' id='word_1_159' title='bbox 691 1583 713 1612; x_wconf 91' lang='lat' dir='ltr'>se</span> <span class='ocrx_word' id='word_1_160' title='bbox 730 1566 823 1622; x_wconf 85' lang='lat' dir='ltr'>faciunt,</span> 
     </span>
     <span class='ocr_line' id='line_1_22' title="bbox 59 1629 821 1692; baseline 0.001 -16"><span class='ocrx_word' id='word_1_161' title='bbox 59 1640 85 1676; x_wconf 91' lang='lat' dir='ltr'>ut</span> <span class='ocrx_word' id='word_1_162' title='bbox 95 1631 203 1692; x_wconf 86' lang='lat' dir='ltr'>impleant</span> <span class='ocrx_word' id='word_1_163' title='bbox 214 1641 316 1678; x_wconf 89' lang='lat' dir='ltr'>ventrem</span> <span class='ocrx_word' id='word_1_164' title='bbox 327 1640 350 1676; x_wconf 92' lang='lat' dir='ltr'>et</span> <span class='ocrx_word' id='word_1_165' title='bbox 362 1630 478 1691; x_wconf 91' lang='lat' dir='ltr'>patiuntur</span> <span class='ocrx_word' id='word_1_166' title='bbox 495 1629 573 1676; x_wconf 88' lang='lat' dir='ltr'>subiici</span> <span class='ocrx_word' id='word_1_167' title='bbox 586 1639 612 1676; x_wconf 87' lang='lat' dir='ltr'>ut</span> <span class='ocrx_word' id='word_1_168' title='bbox 623 1631 710 1677; x_wconf 90' lang='lat' dir='ltr'>valeant</span> <span class='ocrx_word' id='word_1_169' title='bbox 720 1632 821 1677; x_wconf 88' lang='lat' dir='ltr'>saturari.</span> 
     </span>
     <span class='ocr_line' id='line_1_23' title="bbox 59 1695 822 1759; baseline 0.001 -18"><span class='ocrx_word' id='word_1_170' title='bbox 59 1696 113 1748; x_wconf 88' lang='lat' dir='ltr'>Non</span> <span class='ocrx_word' id='word_1_171' title='bbox 134 1696 220 1759; x_wconf 90' lang='lat' dir='ltr'>respuit</span> <span class='ocrx_word' id='word_1_172' title='bbox 243 1696 344 1743; x_wconf 89' lang='lat' dir='ltr'>oblatum</span> <span class='ocrx_word' id='word_1_173' title='bbox 366 1695 439 1752; x_wconf 87' lang='lat' dir='ltr'>decus,</span> <span class='ocrx_word' id='word_1_174' title='bbox 459 1711 487 1741; x_wconf 84' lang='lat' dir='ltr'>ne</span> <span class='ocrx_word' id='word_1_175' title='bbox 509 1706 600 1742; x_wconf 89' lang='lat' dir='ltr'>notetur</span> <span class='ocrx_word' id='word_1_176' title='bbox 622 1713 700 1743; x_wconf 88' lang='lat' dir='ltr'>avarus</span> <span class='ocrx_word' id='word_1_177' title='bbox 721 1707 743 1744; x_wconf 90' lang='lat' dir='ltr'>et</span> <span class='ocrx_word' id='word_1_178' title='bbox 765 1698 822 1744; x_wconf 89' lang='lat' dir='ltr'>inter</span> 
     </span>
     <span class='ocr_line' id='line_1_24' title="bbox 59 1760 590 1815; baseline 0 -11"><span class='ocrx_word' id='word_1_179' title='bbox 59 1760 214 1805; x_wconf 87' lang='lat' dir='ltr'>meditationes</span> <span class='ocrx_word' id='word_1_180' title='bbox 225 1777 302 1815; x_wconf 80' lang='lat' dir='ltr'>sacraS,</span> <span class='ocrx_word' id='word_1_181' title='bbox 313 1760 442 1805; x_wconf 89' lang='lat' dir='ltr'>curialitatis</span> <span class='ocrx_word' id='word_1_182' title='bbox 452 1770 486 1804; x_wconf 87' lang='lat' dir='ltr'>est</span> <span class='ocrx_word' id='word_1_183' title='bbox 496 1776 590 1804; x_wconf 88' lang='lat' dir='ltr'>memor.</span> 
     </span>
    </p>

    <p class='ocr_par' dir='ltr' id='par_1_6' title="bbox 57 1823 822 2466">
     <span class='ocr_line' id='line_1_25' title="bbox 105 1823 822 1886; baseline 0.004 -18"><span class='ocrx_word' id='word_1_184' title='bbox 105 1823 267 1885; x_wconf 87' lang='lat' dir='ltr'>Sumptuosum</span> <span class='ocrx_word' id='word_1_185' title='bbox 286 1833 388 1885; x_wconf 86' lang='lat' dir='ltr'>preparat</span> <span class='ocrx_word' id='word_1_186' title='bbox 406 1823 533 1884; x_wconf 89' lang='lat' dir='ltr'>prandium,</span> <span class='ocrx_word' id='word_1_187' title='bbox 554 1823 634 1871; x_wconf 88' lang='lat' dir='ltr'>cibaria</span> <span class='ocrx_word' id='word_1_188' title='bbox 651 1823 727 1885; x_wconf 86' lang='lat' dir='ltr'>sapida</span> <span class='ocrx_word' id='word_1_189' title='bbox 746 1824 822 1886; x_wconf 91' lang='lat' dir='ltr'>dupli-</span> 
     </span>
     <span class='ocr_line' id='line_1_26' title="bbox 57 1886 820 1951; baseline 0.003 -17"><span class='ocrx_word' id='word_1_190' title='bbox 57 1897 97 1946; x_wconf 88' lang='lat' dir='ltr'>cat,</span> <span class='ocrx_word' id='word_1_191' title='bbox 119 1888 201 1951; x_wconf 91' lang='lat' dir='ltr'>quibus</span> <span class='ocrx_word' id='word_1_192' title='bbox 222 1888 300 1950; x_wconf 90' lang='lat' dir='ltr'>repleti</span> <span class='ocrx_word' id='word_1_193' title='bbox 322 1888 405 1950; x_wconf 88' lang='lat' dir='ltr'>plateas</span> <span class='ocrx_word' id='word_1_194' title='bbox 426 1886 492 1934; x_wconf 88' lang='lat' dir='ltr'>ebriis</span> <span class='ocrx_word' id='word_1_195' title='bbox 514 1887 628 1935; x_wconf 89' lang='lat' dir='ltr'>cantilenis</span> <span class='ocrx_word' id='word_1_196' title='bbox 650 1890 820 1937; x_wconf 86' lang='lat' dir='ltr'>commaculant.</span> 
     </span>
     <span class='ocr_line' id='line_1_27' title="bbox 58 1953 820 2017; baseline 0.004 -19"><span class='ocrx_word' id='word_1_197' title='bbox 58 1953 162 2016; x_wconf 87' lang='lat' dir='ltr'>Sequitur</span> <span class='ocrx_word' id='word_1_198' title='bbox 179 1954 309 2000; x_wconf 83' lang='lat' dir='ltr'>Franciscus</span> <span class='ocrx_word' id='word_1_199' title='bbox 325 1964 351 1999; x_wconf 92' lang='lat' dir='ltr'>ut</span> <span class='ocrx_word' id='word_1_200' title='bbox 366 1953 472 1999; x_wconf 90' lang='lat' dir='ltr'>dominus</span> <span class='ocrx_word' id='word_1_201' title='bbox 489 1954 590 2000; x_wconf 90' lang='lat' dir='ltr'>manibus</span> <span class='ocrx_word' id='word_1_202' title='bbox 601 1953 705 2000; x_wconf 88' lang='lat' dir='ltr'>baculum</span> <span class='ocrx_word' id='word_1_203' title='bbox 716 1966 820 2017; x_wconf 82' lang='lat' dir='ltr'>gestans;</span> 
     </span>
     <span class='ocr_line' id='line_1_28' title="bbox 57 2017 820 2080; baseline 0.005 -19"><span class='ocrx_word' id='word_1_204' title='bbox 57 2017 95 2062; x_wconf 92' lang='lat' dir='ltr'>sed</span> <span class='ocrx_word' id='word_1_205' title='bbox 114 2017 221 2078; x_wconf 89' lang='lat' dir='ltr'>paulatim</span> <span class='ocrx_word' id='word_1_206' title='bbox 240 2019 267 2064; x_wconf 89' lang='lat' dir='ltr'>ab</span> <span class='ocrx_word' id='word_1_207' title='bbox 284 2018 315 2063; x_wconf 90' lang='lat' dir='ltr'>eis</span> <span class='ocrx_word' id='word_1_208' title='bbox 334 2035 357 2063; x_wconf 88' lang='lat' dir='ltr'>se</span> <span class='ocrx_word' id='word_1_209' title='bbox 376 2035 469 2078; x_wconf 86' lang='lat' dir='ltr'>corpore</span> <span class='ocrx_word' id='word_1_210' title='bbox 489 2017 608 2074; x_wconf 83' lang='lat' dir='ltr'>subtrahit,</span> <span class='ocrx_word' id='word_1_211' title='bbox 625 2018 664 2080; x_wconf 91' lang='lat' dir='ltr'>qui</span> <span class='ocrx_word' id='word_1_212' title='bbox 683 2030 758 2064; x_wconf 90' lang='lat' dir='ltr'>mente</span> <span class='ocrx_word' id='word_1_213' title='bbox 776 2020 820 2065; x_wconf 90' lang='lat' dir='ltr'>iam</span> 
     </span>
     <span class='ocr_line' id='line_1_29' title="bbox 57 2081 821 2139; baseline 0.009 -16"><span class='ocrx_word' id='word_1_214' title='bbox 57 2088 104 2125; x_wconf 90' lang='lat' dir='ltr'>tota</span> <span class='ocrx_word' id='word_1_215' title='bbox 121 2092 182 2127; x_wconf 90' lang='lat' dir='ltr'>totus</span> <span class='ocrx_word' id='word_1_216' title='bbox 199 2082 227 2128; x_wconf 89' lang='lat' dir='ltr'>ad</span> <span class='ocrx_word' id='word_1_217' title='bbox 244 2081 281 2127; x_wconf 90' lang='lat' dir='ltr'>illa</span> <span class='ocrx_word' id='word_1_218' title='bbox 298 2081 421 2139; x_wconf 75' lang='lat' dir='ltr'>sorduerat,</span> <span class='ocrx_word' id='word_1_219' title='bbox 433 2081 499 2127; x_wconf 88' lang='lat' dir='ltr'>corde</span> <span class='ocrx_word' id='word_1_220' title='bbox 516 2084 567 2128; x_wconf 92' lang='lat' dir='ltr'>Deo</span> <span class='ocrx_word' id='word_1_221' title='bbox 583 2098 668 2128; x_wconf 81' lang='lat' dir='ltr'>canens</span> <span class='ocrx_word' id='word_1_222' title='bbox 701 2085 783 2139; x_wconf 86' lang='lat' dir='ltr'>Tanta,</span> <span class='ocrx_word' id='word_1_223' title='bbox 794 2095 821 2130; x_wconf 92' lang='lat' dir='ltr'>ut</span> 
     </span>
     <span class='ocr_line' id='line_1_30' title="bbox 57 2144 820 2208; baseline 0.008 -19"><span class='ocrx_word' id='word_1_224' title='bbox 57 2144 117 2190; x_wconf 90' lang='lat' dir='ltr'>idem</span> <span class='ocrx_word' id='word_1_225' title='bbox 133 2146 218 2204; x_wconf 90' lang='lat' dir='ltr'>retulit,</span> <span class='ocrx_word' id='word_1_226' title='bbox 233 2155 287 2192; x_wconf 90' lang='lat' dir='ltr'>tunc</span> <span class='ocrx_word' id='word_1_227' title='bbox 301 2145 345 2192; x_wconf 87' lang='lat' dir='ltr'>fuit</span> <span class='ocrx_word' id='word_1_228' title='bbox 361 2145 479 2193; x_wconf 90' lang='lat' dir='ltr'>dulcedine</span> <span class='ocrx_word' id='word_1_229' title='bbox 495 2145 571 2193; x_wconf 90' lang='lat' dir='ltr'>divina</span> <span class='ocrx_word' id='word_1_230' title='bbox 587 2144 697 2208; x_wconf 85' lang='lat' dir='ltr'>perfusus,</span> <span class='ocrx_word' id='word_1_231' title='bbox 714 2157 740 2194; x_wconf 93' lang='lat' dir='ltr'>ut</span> <span class='ocrx_word' id='word_1_232' title='bbox 757 2147 820 2195; x_wconf 83' lang='lat' dir='ltr'>effari</span> 
     </span>
     <span class='ocr_line' id='line_1_31' title="bbox 59 2211 819 2275; baseline 0.007 -20"><span class='ocrx_word' id='word_1_233' title='bbox 59 2226 104 2256; x_wconf 91' lang='lat' dir='ltr'>non</span> <span class='ocrx_word' id='word_1_234' title='bbox 121 2211 196 2258; x_wconf 88' lang='lat' dir='ltr'>valens</span> <span class='ocrx_word' id='word_1_235' title='bbox 213 2211 301 2274; x_wconf 89' lang='lat' dir='ltr'>penitus</span> <span class='ocrx_word' id='word_1_236' title='bbox 319 2211 346 2257; x_wconf 86' lang='lat' dir='ltr'>de</span> <span class='ocrx_word' id='word_1_237' title='bbox 363 2211 415 2257; x_wconf 86' lang='lat' dir='ltr'>loco</span> <span class='ocrx_word' id='word_1_238' title='bbox 432 2211 518 2258; x_wconf 92' lang='lat' dir='ltr'>moveri</span> <span class='ocrx_word' id='word_1_239' title='bbox 536 2228 582 2258; x_wconf 93' lang='lat' dir='ltr'>non</span> <span class='ocrx_word' id='word_1_240' title='bbox 600 2223 681 2273; x_wconf 91' lang='lat' dir='ltr'>posset.</span> <span class='ocrx_word' id='word_1_241' title='bbox 715 2214 819 2275; x_wconf 72' lang='lat' dir='ltr'>Quadam</span> 
     </span>
     <span class='ocr_line' id='line_1_32' title="bbox 58 2275 821 2338; baseline 0.005 -18"><span class='ocrx_word' id='word_1_242' title='bbox 58 2291 109 2321; x_wconf 87' lang='lat' dir='ltr'>eum</span> <span class='ocrx_word' id='word_1_243' title='bbox 127 2277 223 2337; x_wconf 90' lang='lat' dir='ltr'>pervasit</span> <span class='ocrx_word' id='word_1_244' title='bbox 244 2287 298 2322; x_wconf 89' lang='lat' dir='ltr'>tunc</span> <span class='ocrx_word' id='word_1_245' title='bbox 316 2276 405 2322; x_wconf 88' lang='lat' dir='ltr'>affectio</span> <span class='ocrx_word' id='word_1_246' title='bbox 423 2275 544 2338; x_wconf 87' lang='lat' dir='ltr'>spiritualis</span> <span class='ocrx_word' id='word_1_247' title='bbox 562 2276 635 2338; x_wconf 92' lang='lat' dir='ltr'>ipsum</span> <span class='ocrx_word' id='word_1_248' title='bbox 655 2277 682 2322; x_wconf 89' lang='lat' dir='ltr'>ad</span> <span class='ocrx_word' id='word_1_249' title='bbox 701 2277 821 2324; x_wconf 91' lang='lat' dir='ltr'>invisibilia</span> 
     </span>
     <span class='ocr_line' id='line_1_33' title="bbox 58 2340 821 2399; baseline 0.007 -17"><span class='ocrx_word' id='word_1_250' title='bbox 58 2347 177 2399; x_wconf 89' lang='lat' dir='ltr'>temptans,</span> <span class='ocrx_word' id='word_1_251' title='bbox 191 2341 255 2386; x_wconf 87' lang='lat' dir='ltr'>cuius</span> <span class='ocrx_word' id='word_1_252' title='bbox 268 2340 352 2385; x_wconf 90' lang='lat' dir='ltr'>virtute</span> <span class='ocrx_word' id='word_1_253' title='bbox 364 2349 451 2385; x_wconf 89' lang='lat' dir='ltr'>terrena</span> <span class='ocrx_word' id='word_1_254' title='bbox 464 2340 539 2386; x_wconf 89' lang='lat' dir='ltr'>omnia</span> <span class='ocrx_word' id='word_1_255' title='bbox 551 2341 633 2385; x_wconf 87' lang='lat' dir='ltr'>nullius</span> <span class='ocrx_word' id='word_1_256' title='bbox 646 2355 692 2386; x_wconf 88' lang='lat' dir='ltr'>esse</span> <span class='ocrx_word' id='word_1_257' title='bbox 704 2343 821 2397; x_wconf 87' lang='lat' dir='ltr'>momenti,</span> 
     </span>
     <span class='ocr_line' id='line_1_34' title="bbox 58 2402 411 2466; baseline 0.006 -19"><span class='ocrx_word' id='word_1_258' title='bbox 58 2402 97 2448; x_wconf 91' lang='lat' dir='ltr'>sed</span> <span class='ocrx_word' id='word_1_259' title='bbox 108 2403 197 2466; x_wconf 86' lang='lat' dir='ltr'>penitus</span> <span class='ocrx_word' id='word_1_260' title='bbox 207 2402 288 2452; x_wconf 90' lang='lat' dir='ltr'>frivola</span> <span class='ocrx_word' id='word_1_261' title='bbox 298 2403 411 2451; x_wconf 88' lang='lat' dir='ltr'>iudicavit.</span> 
     </span>
    </p>
   </div>
   <div class='ocr_carea' id='block_1_5' title="bbox 59 2531 899 2704">
    <p class='ocr_par' dir='ltr' id='par_1_7' title="bbox 59 2531 899 2704">
     <span class='ocr_line' id='line_1_35' title="bbox 97 2531 899 2610; baseline 0.009 -19"><span class='ocrx_word' id='word_1_262' title='bbox 97 2549 201 2601; x_wconf 84' lang='lat' dir='ltr'>Qualiter</span> <span class='ocrx_word' id='word_1_263' title='bbox 221 2531 328 2603; x_wconf 78' lang='lat' dir='ltr'>pauperis</span> <span class='ocrx_word' id='word_1_264' title='bbox 347 2551 493 2594; x_wconf 86' lang='lat' dir='ltr'>ventimentis</span> <span class='ocrx_word' id='word_1_265' title='bbox 513 2552 607 2594; x_wconf 86' lang='lat' dir='ltr'>indutus</span> <span class='ocrx_word' id='word_1_266' title='bbox 626 2555 680 2594; x_wconf 88' lang='lat' dir='ltr'>ante</span> <span class='ocrx_word' id='word_1_267' title='bbox 702 2555 899 2610; x_wconf 55' lang='lat' dir='ltr'>&amp;dedanim-nir]</span> 
     </span>
     <span class='ocr_line' id='line_1_36' title="bbox 59 2603 822 2653; baseline 0.009 -12"><span class='ocrx_word' id='word_1_268' title='bbox 59 2604 133 2643; x_wconf 86' lang='lat' dir='ltr'>sancti</span> <span class='ocrx_word' id='word_1_269' title='bbox 150 2604 215 2653; x_wconf 82' lang='lat' dir='ltr'>petri,</span> <span class='ocrx_word' id='word_1_270' title='bbox 233 2617 285 2644; x_wconf 83' lang='lat' dir='ltr'>cum</span> <span class='ocrx_word' id='word_1_271' title='bbox 303 2603 441 2652; x_wconf 79' lang='lat' dir='ltr'>pauperibus</span> <span class='ocrx_word' id='word_1_272' title='bbox 458 2604 604 2645; x_wconf 86' lang='lat' dir='ltr'>manducavit</span> <span class='ocrx_word' id='word_1_273' title='bbox 621 2609 644 2644; x_wconf 92' lang='lat' dir='ltr'>et</span> <span class='ocrx_word' id='word_1_274' title='bbox 662 2605 690 2644; x_wconf 84' lang='lat' dir='ltr'>de</span> <span class='ocrx_word' id='word_1_275' title='bbox 709 2608 822 2648; x_wconf 85' lang='lat' dir='ltr'>oblatione</span> 
     </span>
     <span class='ocr_line' id='line_1_37' title="bbox 60 2654 325 2704; baseline 0.004 -13"><span class='ocrx_word' id='word_1_276' title='bbox 60 2661 128 2700; x_wconf 85' lang='lat' dir='ltr'>quam</span> <span class='ocrx_word' id='word_1_277' title='bbox 141 2654 224 2695; x_wconf 85' lang='lat' dir='ltr'>ibidem</span> <span class='ocrx_word' id='word_1_278' title='bbox 238 2654 325 2704; x_wconf 85' lang='lat' dir='ltr'>optulit.</span> 
     </span>
    </p>
   </div>
   <div class='ocr_carea' id='block_1_6' title="bbox 0 2744 825 2908">
    <p class='ocr_par' dir='ltr' id='par_1_8' title="bbox 0 2744 825 2908">
     <span class='ocr_line' id='line_1_38' title="bbox 0 2744 824 2841; baseline 0.01 -20"><span class='ocrx_word' id='word_1_279' title='bbox 0 2811 2 2838; x_wconf 55' lang='lat'><em>3</em></span> <span class='ocrx_word' id='word_1_280' title='bbox 107 2744 176 2833; x_wconf 66' lang='lat' dir='ltr'>Sed</span> <span class='ocrx_word' id='word_1_281' title='bbox 194 2777 238 2824; x_wconf 91' lang='lat' dir='ltr'>iam</span> <span class='ocrx_word' id='word_1_282' title='bbox 255 2793 378 2841; x_wconf 89' lang='lat' dir='ltr'>pauperum</span> <span class='ocrx_word' id='word_1_283' title='bbox 396 2787 482 2823; x_wconf 89' lang='lat' dir='ltr'>amator</span> <span class='ocrx_word' id='word_1_284' title='bbox 498 2776 573 2824; x_wconf 78' lang='lat' dir='ltr'>existit</span> <span class='ocrx_word' id='word_1_285' title='bbox 590 2779 716 2841; x_wconf 84' lang='lat' dir='ltr'>precipuus,</span> <span class='ocrx_word' id='word_1_286' title='bbox 733 2780 776 2828; x_wconf 88' lang='lat' dir='ltr'>iam</span> <span class='ocrx_word' id='word_1_287' title='bbox 793 2782 824 2839; x_wconf 84' lang='lat' dir='ltr'>id,</span> 
     </span>
     <span class='ocr_line' id='line_1_39' title="bbox 63 2840 825 2908; baseline 0.008 -23.465"><span class='ocrx_word' id='word_1_288' title='bbox 63 2840 124 2900; x_wconf 93' lang='lat' dir='ltr'>quod</span> <span class='ocrx_word' id='word_1_289' title='bbox 136 2842 233 2902; x_wconf 86' lang='lat' dir='ltr'>perfecte</span> <span class='ocrx_word' id='word_1_290' title='bbox 245 2843 336 2889; x_wconf 86' lang='lat' dir='ltr'>futurus</span> <span class='ocrx_word' id='word_1_291' title='bbox 344 2852 398 2897; x_wconf 86' lang='lat' dir='ltr'>erat,</span> <span class='ocrx_word' id='word_1_292' title='bbox 406 2858 466 2887; x_wconf 89' lang='lat' dir='ltr'>sacra</span> <span class='ocrx_word' id='word_1_293' title='bbox 474 2843 587 2902; x_wconf 85' lang='lat' dir='ltr'>spirabant</span> <span class='ocrx_word' id='word_1_294' title='bbox 595 2844 665 2889; x_wconf 90' lang='lat' dir='ltr'>initia.</span> <span class='ocrx_word' id='word_1_295' title='bbox 688 2845 825 2908; x_wconf 88' lang='lat' dir='ltr'>Frequenter</span> 
     </span>
    </p>
   </div>
   <div class='ocr_carea' id='block_1_7' title="bbox 0 0 968 3169">
    <p class='ocr_par' dir='ltr' id='par_1_9' title="bbox 0 0 968 3169">
     <span class='ocr_line' id='line_1_40' title="bbox 0 0 968 3169; baseline 0 0"><span class='ocrx_word' id='word_1_296' title='bbox 0 0 968 3169; x_wconf 95' lang='lat' dir='ltr'> </span> 
     </span>
    </p>
   </div>
  </div>
 </body>
</html>
