1919 3169
330 142 508 190 1111111111
751 158 792 202 145

32 239 78 285 cito
89 238 205 283 succurrit.
239 237 306 298 Cepit
322 238 392 282 homo
402 236 439 282 ille
455 236 546 288 beatum
557 235 699 281 Franciscum
716 237 743 282 ad
759 236 794 283 sui

33 301 186 349 miserendum
208 302 285 348 multis
302 301 391 348 fletibus
407 312 430 348 et
449 301 551 365 precibus
567 300 678 360 invocare,
689 316 716 347 eo
732 301 795 365 quod

32 367 131 414 audierat
153 368 325 429 sollempnitatis
346 367 393 413 eius
410 368 509 429 vigiliam
526 367 570 412 iam
590 366 672 417 adesse.
716 367 795 412 Fidem

33 447 137 492 magnam
148 431 242 476 habebat
253 431 322 476 homo
334 431 370 475 ille
381 431 405 475 11
415 442 492 476 sancto
505 431 629 487 Francisco,
641 430 757 492 quoniam,
769 440 795 475 ut

32 495 110 553 aiebat,
126 495 235 541 hereticos
250 495 350 543 audierat
366 504 444 541 contra
458 496 533 555 ipsum
550 494 645 540 nimium
668 492 794 540 oblatrasse.

32 562 132 606 Instante
143 560 187 605 iam
199 568 263 606 nocte
274 575 313 605 sue
329 557 464 615 festivitatis,
473 559 529 605 circa
543 558 706 621 crepusculum,
719 557 796 604 beatus

34 623 164 671 Franciscus
181 624 204 670 111
222 640 331 670 carcerem
349 624 466 670 miseratus
485 624 608 681 descendit,
627 635 649 671 et
670 623 735 670 illum
753 640 795 669 suo

32 690 125 735 nomine
144 705 232 744 vocans,
252 699 278 734 ut
295 689 340 734 cito
359 700 460 750 surgeret
478 690 603 750 imperavit
647 690 695 740 Qui
714 689 796 733 timore

32 753 171 815 perterritus,
187 753 289 815 quisnam
306 763 363 798 esset
381 753 528 814 interrogans,
544 751 634 799 beatum
651 752 795 798 Franciscum

32 818 107 864 adesse
127 817 221 864 audivit
261 817 294 863 At
315 816 352 863 ille
373 833 517 882 consurgens,
539 818 655 864 custodem
677 814 794 874 advocans,

32 882 103 929 dixit:
131 882 211 928 Nimio
232 893 316 928 terrore
338 882 465 944 perturbor,
487 883 593 945 quoniam
615 883 677 929 adest
694 883 793 945 quidam,

32 964 72 1009 qur
88 962 124 991 me
140 963 230 1008 surgere
246 947 307 992 iubet
323 957 346 992 et
362 957 423 992 sanct
425 964 464 992 um
474 947 617 993 Franciscum
631 964 654 991 se
669 964 716 991 esse
732 948 794 992 dicit

33 1011 115 1057 Custos
141 1020 217 1056 autem
244 1008 276 1056 illi
289 1009 431 1083 respondit:
459 1010 514 1069 Iace,
541 1011 615 1069 miser,
642 1011 666 1056 in
693 1027 745 1072 pace
772 1021 794 1057 et

32 1074 112 1122 dormi.
154 1075 240 1121 Insanis
261 1075 326 1129 enim,
348 1076 400 1137 quia
421 1090 467 1120 non
489 1074 543 1122 bene
560 1075 627 1121 hodie
648 1074 794 1122 manducasti.

32 1140 119 1185 Verum
146 1156 197 1185 cum
227 1149 316 1186 sanctus
342 1139 386 1185 Dei
413 1139 485 1186 adhuc
512 1140 544 1186 illi
572 1150 597 1186 ut
624 1151 725 1202 surgeret
751 1141 795 1186 irn-

32 1214 124 1266 peraret,
146 1205 279 1250 adveniente
300 1205 344 1249 iam
362 1204 462 1260 meridie,
485 1204 573 1249 vincula
594 1204 678 1264 pedum
699 1222 793 1249 suorum

32 1267 144 1313 confracta
163 1283 230 1329 super
250 1277 333 1312 terram
352 1268 466 1329 conspexit
481 1267 588 1314 velociter
609 1267 720 1314 cecidisse.
762 1269 793 1316 Et

32 1348 151 1380 conversus
172 1333 200 1379 ad
222 1348 339 1389 carcerem,
356 1331 447 1379 videbat
468 1331 554 1379 tabulas
576 1332 643 1380 clavis
660 1332 719 1381 ultra
740 1349 793 1396 pro-

31 1398 156 1445 silientibus
166 1399 246 1460 aperiri
257 1408 280 1444 et
291 1407 392 1459 apertum
404 1399 447 1443 iter
458 1397 500 1443 sibi
511 1399 539 1444 ad
555 1399 683 1445 exeundum
699 1398 791 1461 preberi.
799 1405 837 1441 111.
850 1409 888 1453 59'⁰

32 1465 123 1509 Solutus
139 1463 176 1508 ille
192 1462 359 1523 obstupefactus
375 1461 454 1523 fugere
470 1461 588 1519 nesciebat,
605 1464 644 1508 sed
660 1464 688 1508 ad
704 1463 793 1508 ianuam

32 1526 127 1572 clamans
136 1526 240 1571 custodes
248 1541 326 1570 omnes
334 1525 460 1585 perterruit.
496 1525 604 1576 Quicum
613 1542 666 1570 eum
673 1525 793 1571 liberatum

32 1609 43 1635 a
59 1588 156 1637 vinculis
172 1589 277 1652 episcopo
294 1600 360 1635 nunt
361 1599 440 1644 assent
457 1599 539 1651 putans
555 1589 618 1635 illurn
635 1590 719 1652 fugisse
735 1590 794 1652 epis-

32 1670 107 1727 copus,
126 1654 228 1700 nondum
247 1654 326 1699 audito
347 1654 462 1712 miraculo,
479 1653 507 1699 de
523 1653 594 1700 loco
589 1670 611 1700 m
629 1671 675 1717 quo
696 1654 793 1710 sedebat,

31 1729 112 1765 timore
123 1734 248 1780 percussus
259 1719 313 1780 quia
323 1718 426 1764 infirmus
436 1717 515 1772 fuerat,
525 1718 611 1765 cecidit
645 1719 687 1764 Sed
699 1736 750 1765 cum
761 1720 793 1765 rei

32 1783 151 1828 ordinem
146 1782 288 1846 intelligeret,
300 1782 327 1826 ad
339 1797 448 1827 carcerem
459 1782 556 1828 devotus
567 1782 672 1839 accessit3
689 1793 712 1829 et
723 1783 794 1829 mani-

31 1846 86 1894 feste
98 1847 142 1894 Dei
159 1848 268 1894 virtutem
285 1861 429 1910 cognoscens,
440 1846 524 1893 ibidem
541 1847 667 1893 Dominum
683 1846 792 1896 adoravit.

31 1912 127 1958 Vincula
140 1912 238 1975 denique
254 1927 328 1957 coram
344 1912 439 1957 domino
455 1928 511 1973 papa
522 1922 543 1957 et
560 1912 707 1958 cardinalibus
721 1912 794 1959 delata

31 1975 128 2023 fuerunt.
179 1977 227 2029 Qui
252 1976 354 2022 videntes
380 1976 442 2037 quod
463 1975 548 2022 factum
569 1976 649 2034 fuerat,
671 1978 793 2036 plurimum

32 2042 142 2087 ammirati
159 2041 322 2088 benedixerunt
339 2040 423 2085 Deum.

79 2104 230 2153 Guidaloctus
252 2105 279 2151 de
295 2105 375 2151 Sancto
392 2104 526 2150 Geminiano
542 2104 598 2150 falso
619 2113 733 2151 accusatus
749 2104 794 2152 fuit

32 2171 94 2231 quod
111 2186 198 2217 veneno
214 2168 351 2215 interimeret
367 2169 479 2231 quendam
498 2168 573 2215 virum
593 2178 616 2214 et
632 2169 695 2232 quod
711 2170 794 2215 iterum

31 2234 59 2279 de
70 2251 158 2281 veneno
172 2234 252 2280 eodem
262 2233 335 2279 filium
351 2232 482 2279 eiusdem
461 2232 504 2279 vrri
515 2243 538 2279 et
549 2233 674 2279 universam
685 2233 794 2279 familiam

32 2297 79 2343 eius
86 2307 237 2371 proposuerat
253 2312 349 2342 enecare.
383 2297 468 2358 Captus
479 2297 574 2357 proinde
585 2314 597 2341 1
608 2306 717 2371 potestate
729 2307 795 2354 terre,

31 2362 166 2423 gravissimis
177 2361 273 2409 vinculis
284 2372 424 2434 aggravatus,
433 2360 456 2407 in
465 2361 624 2424 quandamr
587 2363 624 2407 rui
625 2377 702 2407 nosam
713 2363 795 2408 turrim

32 2425 131 2498 deiectus
146 2437 187 2473 est.
221 2426 394 2501 Excogitante
389 2426 459 2499 igitur
480 2436 589 2488 potestate
609 2425 713 2489 qualibus
732 2428 795 2490 penis

31 2489 105 2551 ipsum
127 2491 210 2539 faceret
231 2492 330 2548 interire,
352 2500 379 2537 ut
401 2491 484 2536 crimen
512 2491 625 2538 obiectum
646 2491 735 2538 eliceret
756 2509 795 2553 per

31 2564 150 2612 tormenta,
168 2556 243 2602 eculeo
259 2554 354 2602 volubili
373 2555 463 2599 tandem
483 2554 547 2600 illurn
566 2556 672 2616 suspendi
689 2556 795 2618 precepit.

31 2618 110 2683 Sicque
136 2637 259 2684 aggravans
285 2636 352 2681 super
380 2636 432 2665 eum
460 2618 530 2666 multa
556 2620 654 2693 pondera
680 2620 742 2678 ferri,
767 2622 795 2667 ad

32 2683 145 2732 defectum
164 2702 235 2750 usque
254 2684 367 2747 perduxit.
400 2683 489 2729 Pluries
510 2699 562 2730 eum
584 2684 649 2730 iussit
670 2657 753 2746 deporii
772 2695 794 2731 et

31 2747 114 2797 iterum
124 2750 214 2806 elevari,
224 2760 250 2797 111
259 2766 316 2812 pena
323 2766 379 2811 pene
390 2748 511 2794 succedens
522 2748 624 2796 1111111111
633 2748 794 2796 confessionem

31 2814 129 2861 criminis
143 2816 209 2862 illum
226 2816 352 2862 adduceret.
386 2813 429 2859 Sed
445 2814 525 2875 spiritu
542 2813 668 2859 innocentie
685 2814 764 2860 letabat
756 2824 792 2859 tur

30 2877 53 2920 in
71 2881 145 2936 vultu,
153 2878 246 2924 nullam
266 2878 386 2924 mestitiam
405 2878 563 2937 pretendens
559 2894 581 2922 m
601 2877 670 2938 penis.
704 2878 793 2924 Deinde

404 2956 420 2987 rc
