1919 3169
289 69 451 117 uacuum
468 69 624 131 nurrouu
809 84 837 131 95

72 171 155 216 divinis
172 169 259 231 legibus
276 168 380 214 verbosas
397 168 508 228 ambages,
520 178 611 212 ornatus
628 177 651 211 et
668 167 754 224 faleras,
766 178 840 212 osten-

72 233 168 279 tationes
189 244 212 280 et
236 233 375 281 curiositates
403 231 508 292 perituris
536 232 671 293 relinquens
691 231 766 294 querit
793 248 839 278 non

73 298 186 357 corticem,
198 299 236 345 sed
247 296 377 351 medullam,
386 311 431 340 non
443 306 521 341 testam
530 297 569 341 sed
580 296 693 351 nucleum,
705 313 750 340 non
761 297 839 353 multa,

73 363 112 409 sed
123 363 228 421 multum,
241 377 358 409 summum
369 371 391 406 et
403 360 481 406 stabile
492 360 585 408 bouum.
619 360 689 407 Hanc
698 360 721 405 in
732 360 840 407 fratribus

72 428 180 472 lieteratis
197 438 220 473 et
237 427 305 488 laycis
322 424 450 486 requirebat
469 435 532 486 pater
550 425 710 481 sanctissimus
727 442 773 470 non
792 443 840 471 eam

74 492 208 536 contrariam
230 490 337 552 sapientie
361 489 459 545 credens,
481 489 520 534 sed
546 505 601 535 vero
629 504 765 550 germanam,
788 489 840 535 lieet

73 554 210 618 pauperibus
221 554 312 601 scientia
329 552 452 599 faciliorem
466 553 494 600 ad
511 552 621 609 habitum,
633 553 797 615 promptiorem
811 554 839 601 ad

74 637 160 677 usum;
177 620 272 666 undein
287 618 468 680 laudibusque
485 618 513 663 de
530 618 655 665 virtutibus
672 618 725 664 fecit
743 620 774 665 sic
792 620 837 665 ait:

74 686 124 730 Ave
135 685 212 746 regina
222 684 335 745 sapientia.
369 684 435 728 Deus
445 692 468 727 te
478 682 548 728 salvet
565 699 616 728 cum
634 693 674 728 tua
690 699 766 728 sorore
784 701 841 745 pura

73 756 148 793 sancta
157 748 305 809 simplicitate.

122 841 222 931 fiuntc
254 884 330 920 sancto
365 873 483 918 Francisco
514 874 577 919 iuxta
609 873 685 920 villam
720 877 903 938 quamdamrec-J]

76 958 146 1006 prope
183 940 303 995 Assisium‚
337 938 430 1001 quidam
464 939 558 984 Ioannes
590 938 625 983 vir
657 940 841 1003 simplicissimus,

76 1008 116 1069 qui
144 1007 167 1050 in
193 1021 247 1066 agro
274 1005 356 1057 arabat,
383 1004 481 1048 occurrit
507 1005 527 1047 ei
557 1005 650 1049 dicens:
683 1006 750 1060 Volo,
778 1009 841 1067 quod

77 1087 112 1116 me
123 1068 216 1115 fratrem
227 1068 314 1126 efficias,
327 1067 434 1130 quoniam
445 1083 472 1111 ex
489 1066 563 1112 multo
580 1078 682 1129 tempore
700 1069 743 1114 deo
760 1071 842 1117 servire
847 1082 886 1119 Fol.
897 1081 920 1117 88

76 1135 149 1198 cupio.
192 1133 288 1180 Gavisus
306 1141 339 1178 est
358 1142 453 1188 sanctus,
474 1132 612 1179 considerata
630 1132 674 1180 viri
693 1133 842 1198 simplicitate,

76 1199 238 1262 responditque
259 1199 287 1244 ad
309 1196 432 1260 placitum:
459 1197 480 1242 Si
500 1198 541 1253 vis,
561 1198 648 1260 inquid,
668 1198 744 1256 frater,
767 1212 843 1247 noster

76 1265 148 1309 sotius
165 1263 221 1320 fieri,
239 1263 266 1307 da
284 1260 427 1323 pauperibus,
444 1261 463 1304 si
480 1262 536 1323 quid
552 1261 619 1305 habes
635 1271 657 1305 et
674 1265 843 1325 expropriatum

77 1328 188 1389 recipiam.
232 1326 303 1371 Solvit
324 1324 428 1386 protinus
449 1323 518 1370 boves
540 1335 563 1370 et
584 1341 657 1371 unum
679 1327 745 1373 offert
767 1340 844 1375 sancto

78 1391 213 1439 Francisco:
239 1390 312 1436 Istum
332 1392 415 1445 autem,
435 1388 473 1445 ait,
492 1388 574 1435 bovem
594 1389 673 1436 demus
692 1393 843 1454 pauperibus;

78 1458 161 1520 dignus
180 1455 241 1502 enim
260 1471 311 1501 sum
330 1453 358 1500 de
377 1452 442 1499 bonis
461 1454 530 1515 patris
549 1454 593 1500 mei
613 1465 698 1501 tantam
717 1458 845 1518 portionem

78 1523 182 1583 accipere.
232 1519 338 1566 Subridet
366 1529 462 1574 sanctum
491 1528 513 1564 at
544 1536 589 1565 non
619 1521 735 1567 modicum
765 1524 845 1584 probat

78 1584 228 1647 simplicitatis
244 1583 356 1628 affectum.

127 1648 253 1695 Audientes
264 1648 307 1692 hoc
317 1654 419 1709 parentes
430 1654 453 1691 et
460 1646 549 1708 parvuli
561 1646 640 1692 fratres
654 1660 776 1695 accurrunt
793 1668 846 1697 cum

79 1716 191 1776 lacrymis,
200 1714 251 1774 plus
262 1712 351 1766 bovem,
363 1728 432 1773 quam
443 1712 557 1756 hominem
572 1712 613 1757 sibi
631 1713 713 1758 auferri
731 1717 846 1772 dolentes;

80 1779 164 1842 quibus
174 1787 263 1823 sanctus
273 1794 279 1822 ε
296 1775 470 1837 Animequiores
482 1786 560 1831 estote,
569 1792 597 1820 en
605 1777 676 1822 reddo
684 1778 749 1824 vobis
757 1779 846 1836 bovem,

81 1842 159 1888 aufero
181 1841 279 1887 fratrem⁴
322 1840 395 1885 Ducit
417 1855 471 1900 ergo
492 1840 607 1884 hominem
628 1857 703 1886 secum
725 1854 747 1887 et
769 1846 847 1904 pannis

81 1906 196 1968 religionis
207 1905 316 1950 indutum
328 1901 357 1947 ob
368 1902 463 1965 gratiam
473 1903 623 1965 simplicitatis
635 1905 752 1965 specialem
762 1908 847 1954 sotium

82 1970 142 2017 facit.
176 1969 236 2015 Cum
258 1984 312 2031 ergo
336 1967 360 2012 in
382 1966 459 2029 aliquo
480 1966 531 2013 loco
552 1968 580 2014 ad
602 1968 759 2017 meditandum
780 1982 848 2019 staret

83 2046 172 2082 sanctus
186 2033 340 2088 Francischus,
352 2048 508 2094 quoscumque
526 2031 619 2078 faciebat
636 2045 713 2095 gestus
730 2046 752 2081 et
770 2048 847 2094 nutuS,

82 2101 188 2161 protinus
198 2099 221 2143 in
232 2114 255 2142 se
268 2095 380 2157 repetebat
397 2105 420 2140 et
436 2096 609 2141 transformabat
625 2098 721 2159 simplex
739 2101 848 2157 loannes3

83 2180 135 2210 nam
154 2171 248 2224 spuente
267 2158 368 2223 spuebat,
387 2159 488 2205 tuxiente
507 2160 614 2216 tenebar,
634 2163 730 2224 suspiria
748 2166 849 2227 suspiriis

84 2229 179 2291 iungens
190 2237 212 2273 et
223 2226 289 2271 fletus
307 2223 397 2270 fletibus
414 2224 513 2270 sotians:
530 2225 617 2270 levante
635 2237 711 2273 sancto
729 2245 809 2276 manus
821 2231 849 2276 ad

84 2294 163 2348 celum,
182 2291 268 2337 levabat
285 2299 308 2334 et
325 2288 370 2345 ille,
388 2289 479 2334 intuens
497 2289 616 2351 diligenter
633 2291 708 2352 ipsum
725 2295 794 2339 velud
811 2312 850 2340 ex-

83 2357 176 2420 emplar,
198 2365 323 2417 cunctaque
344 2352 368 2398 in
390 2369 436 2398 sese
461 2353 627 2402 transformans.
671 2357 781 2404 Advertit
807 2361 850 2406 hoc

84 2432 173 2468 sanctus
184 2431 207 2467 et
218 2419 293 2484 querit
302 2417 431 2480 aliquando,
440 2433 480 2464 cur
491 2418 558 2464 faciat
568 2418 624 2466 talia,
658 2421 789 2485 Respondet
798 2424 833 2470 ille
844 2442 848 2470 τ

86 2487 177 2541 Omnia,
188 2485 275 2547 inquid,
284 2482 376 2544 promisi
386 2498 430 2543 ego
438 2481 514 2538 facere,
525 2500 569 2545 que
580 2494 606 2528 tu
615 2484 681 2541 facis;
698 2488 850 2547 periculosum

86 2550 141 2595 mihi
152 2559 186 2596 est
196 2548 280 2612 aliquid
292 2545 405 2609 preterire.

135 2614 270 2676 Congaudet
280 2621 368 2657 sanctus
379 2626 436 2671 pure
452 2612 596 2673 simplicitati,
609 2612 688 2659 blande
706 2625 781 2661 tamen
799 2633 851 2678 pro-

33 2727 35 2729 ,
86 2678 147 2725 hibet
154 2695 181 2725 ne
192 2678 220 2725 de
231 2688 304 2724 cetero
314 2674 384 2722 faciat.
414 2674 547 2739 Itaquessnon
558 2686 609 2740 post
620 2676 721 2725 multum
728 2689 816 2744 tempus
828 2683 850 2727 in

87 2746 129 2788 ista
150 2744 248 2804 puritate
266 2740 372 2803 migravit
391 2739 484 2800 simplex
503 2742 531 2787 ad
550 2742 677 2800 dominum,
696 2745 761 2791 cuius
781 2747 850 2791 vitam

87 2807 217 2871 frequenter
242 2816 332 2853 sanctus
360 2803 492 2850 imitandam
521 2821 657 2868 proponens,
682 2824 727 2854 non
758 2808 850 2855 fratrem
