1919 3169
143 84 155 117 2

105 182 134 226 [A]
141 182 267 220 Pannonamro
282 181 307 229 tJ.

80 228 118 265 Fol.
126 241 136 264 2

207 314 219 332 92

207 366 219 384 ’J

209 468 220 486 Η

284 285 322 334 rrJ.

459 65 565 113 INDEX

383 177 478 227 Quomodo
485 178 530 228 apud
537 177 637 215 Damiatam
644 175 780 216 Christianorum
790 177 845 215 futur·

409 244 437 268 am
446 239 519 280 stragem
529 231 606 281 predixit
666 260 670 269 .
723 257 728 266 .

384 283 415 319 De
424 283 476 319 fratre
485 285 532 320 cuius
542 284 599 320 cordis
608 283 707 320 abscondita
716 284 765 320 scivit
782 311 786 320 .
840 312 844 320 .

387 335 417 371 De
426 335 511 381 fratribus,
520 349 568 385 super
576 349 618 386 quos
627 334 720 385 dyabolum
729 335 783 380 vidit3
797 335 845 371 etde

411 389 561 424 commendatione
569 389 636 424 unitatis
667 417 671 424 .
725 415 729 423 .
784 415 788 423 .

389 439 484 488 Quomodo
493 440 571 476 homines
580 440 603 475 de
612 438 680 475 Grecio
689 452 699 475 a
711 438 789 487 luporum
799 451 846 475 mor·

413 493 457 527 sibus
471 501 488 527 et
504 492 585 539 grandine
600 490 688 536 liberarir3
703 500 720 526 et
735 504 764 527 eos
777 498 847 540 propter

412 544 550 592 ingratitudinem
560 544 645 581 deteriora
653 556 730 594 passuros
739 542 816 593 predixit
842 571 846 579 .

390 596 485 644 Quomodo
503 597 584 645 perusinis
600 596 696 645 predicans,
710 605 778 645 propter
792 596 847 632 vicin-

414 662 463 684 orum
481 650 578 695 gravamina
591 648 664 685 futuram
673 650 690 684 in
708 648 732 683 eis
745 647 847 684 seditionem

414 699 503 748 predixit;
520 708 537 735 et
550 699 573 734 de
587 699 736 736 commendatione
749 700 818 735 unitatis
830 700 848 734 in

415 749 502 799 republica

329 832 333 841 .
388 802 419 839 De
432 800 503 838 muliere
516 803 567 846 bona,
577 804 605 839 cui
618 802 695 852 predixit
704 802 758 839 virum
767 814 816 838 suum
826 802 848 838 de

414 853 466 899 malo,
480 854 517 891 fieri
534 855 598 891 bonum
614 864 631 891 et
646 855 693 904 quod
706 867 739 890 uno
754 854 783 891 die
798 854 848 891 ambo

415 906 488 943 feliciter
495 907 557 943 mortui
566 916 615 952 sunt3
630 915 647 942 et
656 907 678 943 de
687 906 737 944 laude
746 907 849 944 continentie

415 969 432 995 et
441 959 556 995 unanimitatis
564 959 582 996 in
591 959 675 1008 sponsis.
729 988 733 996 .
786 988 790 995 .
844 988 848 995 .

390 1011 485 1060 Quomodo
501 1024 531 1060 per
547 1012 623 1059 spiritum
638 1012 720 1059 cognovit
734 1011 804 1048 fratrem
821 1012 850 1061 qui

416 1062 514 1099 scandalum
532 1062 581 1099 fratri
602 1062 644 1098 fecit
666 1064 683 1098 in
704 1063 738 1107 via,
760 1075 812 1112 quem
833 1071 851 1098 et

416 1113 517 1161 religionem
539 1114 624 1150 exiturum
641 1114 733 1162 prescivit;
757 1123 774 1151 et
792 1122 852 1151 contra

416 1165 470 1202 malos
479 1166 551 1203 comites

418 1217 448 1254 De
461 1219 521 1254 iuvene
536 1218 565 1266 qui
579 1218 625 1254 venit
638 1217 660 1254 ad
677 1217 784 1265 religionem,
800 1230 852 1267 quem

417 1270 498 1316 cognovit
507 1282 541 1305 non
550 1268 579 1304 dei
589 1270 648 1317 spiritu
657 1269 728 1305 ductum
789 1298 793 1306 .
847 1297 851 1305 .

392 1319 422 1356 De
444 1320 519 1368 quodam
538 1319 601 1356 clerico
623 1320 644 1355 ab
661 1321 698 1369 ipso
718 1330 782 1365 sanato,
801 1333 851 1368 quem

417 1380 487 1420 propter
513 1381 602 1420 peccatum
629 1371 754 1418 ingratitudinis
775 1371 852 1421 predixit

418 1424 476 1473 peiora
494 1436 581 1472 passurum
617 1450 851 1462 .....

392 1474 423 1512 De
440 1475 515 1525 quodam
537 1475 589 1512 fratre
607 1483 689 1524 temptato
708 1477 787 1524 graviter,
806 1476 853 1512 cuius

419 1529 531 1575 cogitationes
542 1527 645 1576 intelligens,
658 1542 723 1576 ungues
733 1528 794 1564 dedit.
848 1557 852 1565 .

335 1610 339 1618 .
392 1579 423 1616 De
439 1581 508 1616 homine
526 1581 554 1628 qui
572 1593 645 1629 pannum
659 1580 726 1626 obtulit,
742 1582 790 1618 iuxta
805 1580 853 1630 quod

418 1640 485 1666 sanctus
494 1632 571 1680 primitus
580 1632 629 1680 petiit
675 1661 679 1668 .
732 1659 736 1666 .

347 1709 352 1718 .
393 1682 488 1729 Quomodo
506 1682 592 1719 medicum
610 1695 664 1727 suum,
679 1695 718 1719 cnm
733 1682 775 1719 nihil
793 1682 853 1719 fratres

418 1734 506 1780 haberent,
521 1733 543 1770 ad
560 1734 649 1783 prandium
667 1735 744 1770 invitavit
757 1742 775 1771 et
792 1743 854 1783 quanta

415 1786 437 1822 de
448 1786 504 1823 subito
514 1785 601 1823 Dominus
610 1785 671 1831 dedit3
686 1795 703 1823 et
714 1786 736 1822 de
746 1786 855 1837 providentia

419 1838 447 1874 dei
457 1838 502 1874 circa
511 1851 550 1875 suos
558 1865 853 1875 ......

344 1917 348 1926 .
395 1889 425 1926 De
442 1889 508 1926 duobus
525 1890 611 1935 fratribus,
629 1904 672 1939 quos
690 1891 750 1927 exiens
771 1892 793 1927 de
812 1891 855 1928 cella

420 1941 515 1984 benedixit,
538 1954 610 1989 quorum
633 1941 737 1978 desiderium
758 1956 769 1978 a
791 1941 855 1990 Spiritu

420 2001 480 2028 sancto
490 1993 571 2041 cognovit
617 2020 853 2029 .....

333 2071 338 2083 .
396 2044 491 2094 Quomodo
504 2045 525 2082 de
537 2054 591 2095 petra,
605 2045 676 2091 orando,
688 2058 749 2095 aquam
763 2045 825 2082 eduxit
837 2055 855 2082 et

416 2097 479 2134 sitienti
488 2098 551 2134 rustico
560 2098 608 2135 dedit
618 2125 853 2135 .....

395 2149 426 2187 De
444 2149 514 2186 aviculis
531 2147 552 2186 ab
573 2153 610 2201 ipso
627 2152 701 2195 nutritis,
719 2163 791 2200 quornm
813 2164 855 2187 unus

420 2211 489 2250 propter
498 2203 585 2239 avaritiam
594 2212 666 2238 mortem
676 2203 747 2238 incurrit
792 2230 795 2237 .
849 2230 853 2237 .

397 2252 451 2299 Quod
468 2265 488 2288 ea
506 2266 539 2302 que
556 2253 578 2289 de
595 2253 648 2288 fratre
666 2253 755 2289 Bernardo
772 2254 855 2301 predixit,

421 2304 478 2340 omnia
486 2313 524 2340 sunt
533 2304 603 2354 impleta
619 2331 854 2341 .....

368 2384 372 2393 ,
399 2356 431 2394 De
448 2355 506 2401 fratre,
522 2357 551 2406 qui
570 2357 678 2394 desiderabat
695 2366 764 2406 propter
781 2366 855 2406 tempta-

420 2409 492 2454 tionem,
518 2422 569 2460 quam
597 2409 677 2454 habebat,
700 2410 763 2446 habere
791 2407 856 2460 aliquid

421 2461 503 2510 scriptum
512 2462 534 2497 de
542 2474 593 2497 manu
602 2462 656 2498 sancti
677 2488 681 2496 .
735 2490 739 2497 .

346 2538 351 2548 .
397 2512 428 2548 De
437 2512 498 2549 eodem
507 2513 559 2549 fratre
571 2515 598 2550 cui
608 2515 658 2550 iuxta
669 2513 773 2549 desiderium
782 2515 856 2549 tunicam

422 2562 470 2600 dedit
501 2590 854 2600 .......

337 2642 341 2652 .
398 2615 428 2652 De
440 2615 528 2665 petrosillo
546 2616 616 2652 adeius
630 2617 699 2660 iussum,
713 2615 735 2651 de
748 2625 799 2652 nocte
812 2615 856 2652 inter

422 2668 483 2706 herbas
492 2678 566 2718 agrestes
575 2669 644 2707 invento
678 2696 682 2705 .
736 2696 739 2705 .

398 2720 429 2757 De
446 2720 497 2766 fame,
512 2735 563 2770 quam
578 2731 617 2770 post
634 2731 708 2759 mortem
721 2734 768 2758 suam
783 2721 856 2758 futuram

422 2772 498 2820 predixit

399 2822 430 2859 De
439 2822 516 2860 claritate
525 2825 580 2859 sancti
588 2832 606 2859 et
614 2824 710 2870 ignorantia
718 2831 775 2861 nostra
794 2851 798 2859 .
852 2852 855 2859 .

862 150 900 170 FAGE

840 239 907 277 ,η

841 397 910 432 .24

887 540 910 576 26
