1919 3169
236 102 396 152 Luouuun
414 100 574 147 enueoxu
756 116 784 162 35

24 207 105 263 mollis,
122 205 182 251 idem
196 200 345 264 propositum,
356 207 489 260 promptum
506 195 624 258 obseqium
636 207 663 242 et
679 195 788 243 indefessa

24 286 109 318 manus.
149 269 181 313 Et
197 266 288 329 quidem
305 278 358 309 eum
374 270 454 307 cuncta
470 271 557 307 terrena
573 260 711 325 despicerent
724 270 747 307 et
763 278 786 307 se

24 337 82 398 ipsos
107 348 224 395 nunquam
250 343 325 375 amore
346 326 435 388 privato
457 325 585 388 diligerent,
607 326 677 371 totius
703 325 787 372 amoris

23 399 128 445 affectum
147 398 170 442 in
188 394 277 441 comuni
295 390 440 437 refundentes
456 407 479 435 se
495 390 556 450 ipsos
575 389 627 435 dare
646 391 669 435 in
688 390 786 449 pretium

24 461 157 522 satagebant,
180 467 206 503 ut
232 457 330 500 fraterne
358 452 481 498 necessitati
508 452 612 512 pariter34
633 452 786 498 subvenirent,

24 522 226 573 Desiderabiliter³⁵
237 515 408 575 conveniebant,
419 515 572 562 delectabilius
580 516 648 563 simul
657 526 720 575 erant
729 532 735 573 ;
747 518 787 564 sed

24 591 97 655 gravis
113 600 160 636 erat
178 587 284 649 utrinque
302 582 411 646 separatio
428 580 520 639 socialis,
534 598 635 628 amarum
652 583 786 640 divortium,

25 655 101 710 acerba
119 648 279 706 disiuncti033⁶
298 648 337 694 sed
354 646 422 692 nichil
441 656 514 692 sancte
533 645 660 693 obedientie
678 648 787 709 preceptis

24 718 135 768 audebant
159 721 306 778 preponere,3⁷
348 710 532 757 Obedientissimi
555 710 644 768 milites,
663 712 703 773 qui
725 722 787 757 ante-

25 798 91 847 quam
102 780 262 842 perficerentur
273 776 399 822 obedientie
410 774 513 831 verbum,
524 790 547 820 se
554 775 569 806 ³⁸
576 801 577 804 =
585 775 613 820 ad
630 775 788 838 exequendum

25 846 144 907 imperium
155 842 307 905 preparabant,
316 839 384 886 nichil
395 839 488 885 scientes
499 838 623 885 discernere
630 839 653 885 in
661 840 790 902 preceptis³⁹

24 913 52 959 ad
63 925 152 974 queque
163 909 269 964 iniuncta,
281 905 343 951 omni
358 903 536 951 contradictione
552 914 646 963 remota,
658 905 720 967 quasi
737 921 788 967 pre-

22 977 101 1038 cipites
111 972 279 1019 concurrebant.

322 1085 484 1124 PAUPERTAS.⁴⁰

76 1175 216 1238 Paupertatis
257 1173 396 1218 sanctissime
406 1178 421 1203 ⁴¹
462 1179 580 1217 sectatores
625 1171 678 1234 quia
721 1171 789 1216 nichil

26 1241 144 1299 habebant,
156 1238 225 1286 nichil
236 1236 346 1295 amabant,
359 1235 429 1284 nichil
437 1235 533 1299 proinde
544 1235 637 1298 perdere
648 1235 789 1284 verebantur.

28 1307 87 1361 Sola,
100 1306 175 1353 tunica
194 1313 257 1350 eraut
276 1301 383 1359 contenti,
402 1301 509 1363 repetiata
528 1301 665 1365 quandoque
684 1302 745 1348 intus
768 1312 790 1347 et

28 1364 89 1418 fotisss
122 1368 208 1416 Nullus
220 1369 243 1414 in
255 1384 279 1413 ea
292 1366 375 1421 cultus,
386 1366 433 1412 ‘sed
444 1366 562 1427 despectus
579 1366 666 1412 multus
683 1377 705 1411 et
716 1365 789 1412 vilitas

28 1433 151 1496 apparebat,
172 1443 198 1478 ut
219 1434 243 1477 in
265 1447 290 1476 ea
309 1430 407 1476 crucifixi
430 1430 518 1475 mundo
541 1431 631 1489 penitus
652 1430 789 1475 viderentur.

29 1499 93 1545 ane
104 1495 210 1542 succincti
221 1494 336 1540 femoralia
344 1493 397 1540 vilia
406 1493 527 1555 gestabant.
556 1492 587 1538 Et
596 1493 619 1538 in
631 1492 674 1538 hiis
685 1493 791 1538 omnibus

29 1578 164 1624 permanere,
191 1559 306 1622 nichilque
333 1558 431 1620 amplius
455 1556 535 1604 habere
562 1559 704 1621 propositum
726 1558 789 1622 pium

29 1625 166 1673 habebant.42
198 1625 274 1670 Securi
290 1631 430 1685 propterea⁴³
447 1633 510 1669 erant
525 1622 617 1685 ubique,
635 1622 697 1669 nullo
709 1624 791 1669 timore

28 1691 136 1750 suspensi,
153 1689 215 1735 nulla
231 1704 283 1732 cura
298 1687 399 1732 distracti
418 1688 466 1731 sine
483 1687 545 1731 omni
563 1687 713 1731 sollicitudine
731 1687 791 1731 diem

29 1753 151 1799 crastinum
168 1750 318 1815 expectabant,
336 1767 376 1796 nec
393 1750 421 1797 de
438 1750 537 1797 serotino
556 1750 635 1812 utique
651 1750 749 1812 hospitio
767 1751 790 1797 iu

30 1833 111 1881 magno
123 1818 252 1881 frequenter
263 1816 349 1862 itineris
357 1823 373 1847 ⁴⁴
384 1815 511 1861 discrimine
522 1815 589 1877 positi
600 1814 751 1863 anxiabantur.

77 1883 137 1928 Nam
154 1889 229 1926 cum⁴⁵
249 1882 300 1942 sepe
320 1881 344 1924 in
363 1881 466 1925 maximis
473 1880 489 1912 ⁴⁶
505 1878 627 1942 frigoribus
634 1881 650 1911 ⁴⁶
668 1881 791 1927 necessario

31 1957 127 1992 carerent
148 1945 254 2008 hospitio,
274 1943 381 2007 clybanus
403 1943 545 2006 recolligebat
567 1960 612 1999 eos,
630 1944 666 1990 vel
688 1955 745 1991 certe
768 1945 791 1990 in

31 2010 112 2070 criptis,
125 2026 164 2053 seu
176 2010 286 2069 speluncis
297 2009 414 2053 humiliter
425 2009 529 2052 noctibus
539 2008 663 2052 latitabant.

79 2071 164 2117 Diebus
171 2079 186 2103 u
197 2087 251 2118 vero
257 2070 362 2116 manibus
369 2071 472 2131 propriis,
479 2070 520 2132 qui
531 2080 647 2128 noverant,
656 2070 791 2128 laborabant,

31 2135 149 2182 existentes
161 2136 184 2182 in
195 2133 301 2181 domibus
309 2133 458 2196 leprosorum,
466 2133 503 2182 vel
511 2135 535 2180 in
542 2135 590 2181 aliis
600 2136 656 2181 locis
667 2136 767 2181 honestis
776 2136 791 2167 ⁴³

32 2200 151 2247 servientes
161 2199 267 2246 omnibus
282 2198 397 2245 humiliter
409 2210 431 2245 et
442 2200 530 2246 devote.

78 2264 176 2310 Nullum
197 2264 296 2309 officium
324 2279 423 2310 exercere
449 2263 561 2322 volebant,
589 2263 617 2309 de
644 2280 690 2328 quo
717 2274 794 2326 posset

33 2328 160 2374 scandalum
178 2329 257 2373 exoriri
266 2336 282 2360 ⁴⁹
300 2328 339 2371 sed
355 2344 442 2388 semper
458 2338 532 2373 sancta
547 2338 569 2373 et
582 2329 644 2390 justa
660 2329 754 2374 honesta
771 2338 793 2373 et

33 2391 96 2436 utilia
117 2402 241 2452 operantes
264 2407 350 2445 omnes,
372 2408 424 2436 cum
447 2391 530 2453 quibus
551 2390 746 2448 conversabantur,
766 2392 794 2437 ad

33 2453 164 2501 humilitatis
175 2453 302 2518 exemplum
314 2464 336 2500 et
347 2455 484 2517 patientiam,
496 2454 653 2518 provocabant.
663 2463 679 2488 ⁵⁰
712 2456 745 2502 Ita
757 2472 795 2503 eos

71 2580 87 2604 ³4
101 2575 133 2612 Os.
143 2577 201 2612 omits.
266 2579 282 2604 ³⁵
296 2576 320 2612 L.
331 2578 391 2613 inserts
401 2579 528 2615 conveniereut.
585 2576 601 2606 ³⁶
615 2581 652 2615 Ox.
663 2578 756 2614 distinctio.

71 2627 253 2666 ssWmmfflm
367 2626 493 2667 ffimmm
609 2630 757 2679 ffithh

71 2681 87 2707 40
102 2679 122 2715 L.
132 2691 193 2716 ourrs.
260 2683 274 2708 41
289 2680 322 2715 Os.
333 2681 440 2717 sanctissimi.
514 2685 530 2709 4²
539 2680 567 2717 H.
578 2681 612 2717 and
619 2681 647 2717 M.
658 2693 758 2717 sncvxrrns.

72 2728 776 2780 tfflpmanmmuummvammfflffle

72 2779 387 2824 affimmwffimm
588 2781 760 2823 immmm

72 2834 88 2862 49
102 2830 134 2869 Os.
145 2834 169 2871 eis
176 2834 222 2871 oriri.
421 2835 436 2864 ⁵⁰
451 2836 477 2873 H.
488 2836 521 2872 and
530 2837 560 2873 W.
572 2848 671 2876 onerarem.
