1919 3169
124 95 152 153 38
340 92 499 139 tnoaunn
515 92 670 154 auriono

45 241 119 309 F01.3o
343 245 377 288 De
391 247 527 295 paupertate
540 244 671 289 utensilium

92 379 120 424 [C]
171 342 251 434 non
263 376 337 421 solum
349 375 471 420 domorum
487 378 637 440 arrogantiam
653 375 743 422 odiebat
759 376 828 422 homo
841 376 890 431 iste,

124 458 210 497 verum,
223 441 345 486 domorum
356 440 460 486 utensilia
470 440 541 487 multa
552 451 574 486 et
585 441 694 504 exquisita
705 440 829 503 plurimum
840 457 890 502 per-

123 506 236 553 horrebat.
269 504 347 551 Nichil
366 503 390 551 in
414 505 503 563 mensis,
521 506 589 553 nichil
614 505 638 552 in
659 506 724 562 vasis,
742 522 788 568 quo
811 504 890 551 mundi

124 572 285 624 recordaretur,
312 568 406 626 amabat,
429 580 455 615 ut
482 571 558 615 omnia
584 570 794 632 peregrinationem,
816 569 892 616 omnia

124 643 238 681 cantarent
253 632 353 678 exilium.

77 806 122 849 [C·J]
170 769 295 857 Enetum
310 811 352 860 est,
363 801 461 865 quodam
477 800 513 847 die
529 802 616 864 pasche,
627 812 652 849 ut
668 801 747 849 fratres
765 802 788 847 in
800 801 891 849 heremo

124 869 192 929 grecii
203 882 310 920 mensam,
321 865 445 911 accuratius
455 866 531 920 solito,
542 866 597 910 albis
613 877 635 911 et
651 866 729 912 vitreis
739 877 890 928 prepararent.

124 931 267 977 Descendens
279 938 354 974 autem
365 938 428 991 pater
439 928 467 974 de
479 929 540 985 cella,
552 930 613 975 venit
624 930 652 976 ad
662 945 768 986 mensam,
782 931 891 991 conspicit

124 997 170 1043 alto
181 996 247 1043 sitam
257 1010 358 1059 vaneque
375 1003 492 1050 ornatam;
510 994 549 1041 sed
564 994 646 1042 ridenti
660 1011 735 1041 mense
752 1011 890 1059 nequaquam

123 1063 213 1109 arridet.
247 1060 337 1106 Furtim
354 1070 376 1105 et
393 1059 532 1122 pedetentim
549 1060 642 1106 retrahit
658 1077 764 1124 gressum,
782 1060 890 1123 capellum

124 1127 238 1173 cuiusdam
256 1125 366 1187 pauperis,
379 1124 418 1187 qui
435 1135 490 1170 tunc
509 1125 592 1180 aderat,
603 1126 670 1187 capiti
687 1142 728 1171 suo
745 1126 850 1187 imponit,
869 1136 892 1171 et

123 1191 228 1236 baculum
241 1206 310 1233 manu
327 1200 416 1251 gestans
432 1189 548 1250 egreditur
564 1189 629 1235 foras.
663 1190 774 1250 Expectat
791 1190 846 1235 foris
863 1192 890 1235 ad

124 1255 231 1312 hostiurn,
243 1253 315 1298 donec
328 1253 434 1315 incipiant
447 1252 545 1308 fratres3
561 1252 672 1314 siquidem
689 1252 749 1298 soliti
766 1263 829 1300 erant
845 1269 890 1299 non

124 1330 239 1382 expectare
250 1319 333 1380 ipsum,
345 1319 435 1380 quando
446 1334 492 1362 non
510 1316 596 1363 veniret
614 1318 641 1363 ad
659 1317 756 1380 signum.
792 1317 839 1364 Illis
856 1317 891 1364 in-

124 1384 257 1446 cipientibus
276 1382 417 1438 manducare,
437 1382 517 1427 clamat
536 1398 603 1427 verus
621 1398 706 1445 pauper
724 1383 753 1428 ad
772 1382 888 1429 hostium:

124 1450 209 1493 Amore
217 1446 304 1492 domini
315 1446 352 1490 dei
360 1445 432 1499 facite,
442 1446 531 1508 inquid,
540 1445 718 1508 heleemosynam
726 1448 763 1491 isti
771 1449 891 1509 peregrino

124 1511 216 1576 pauperi
230 1520 252 1556 et
268 1509 365 1557 infirmo.
398 1509 544 1570 Respondent
560 1508 655 1557 fratres:
673 1510 735 1557 intra
750 1510 800 1566 huc,
813 1510 890 1570 homo,

124 1578 185 1624 illius
195 1591 278 1634 amore,
289 1591 357 1638 quem
368 1574 485 1620 invocasti.

172 1644 273 1704 Repente
290 1639 417 1702 ingreditur
438 1649 460 1684 et
482 1654 529 1684 sese
547 1639 716 1686 comedentibus
733 1639 807 1686 offert.
848 1642 891 1688 Sed

124 1716 234 1769 quantum
261 1714 378 1765 stuporem
405 1703 476 1749 eredis
497 1705 641 1764 peregrinum
666 1703 751 1749 civibus
772 1704 889 1750 intulisse?

124 1772 198 1817 Datur
204 1768 289 1831 petenti
296 1766 387 1812 seutella
396 1783 402 1822 3
410 1774 412 1777 '
420 1777 442 1811 et
453 1766 508 1825 solo,
515 1766 576 1811 solus
584 1767 722 1824 recumbens,
731 1768 818 1813 discum
826 1768 891 1831 ponit

124 1835 147 1880 in
159 1835 232 1881 cinere
243 1851 247 1879 :
266 1833 342 1879 Modo
353 1832 426 1889 sedeo,
439 1831 477 1887 ait,
489 1840 515 1876 ut
525 1830 595 1876 frater
606 1831 687 1877 Minor
698 1847 703 1887 ;
724 1842 746 1879 et
758 1834 785 1879 ad
796 1832 889 1880 fratres:

124 1901 201 1962 Magis
212 1915 253 1945 nos
264 1897 367 1959 exempla
373 1897 509 1959 paupertatis
516 1896 556 1941 filii
563 1897 598 1942 dei
607 1914 675 1959 quam
683 1907 767 1943 ceteros
774 1897 891 1960 religiosos

79 2021 81 2024 y
124 1981 203 2027 cogere
210 1962 283 2010 debet.
310 1962 414 2007 Mensam
421 1961 469 2008 vidi
480 1971 579 2022 paratam
586 1971 608 2007 et
619 1972 721 2007 ornatam
732 1972 755 2008 et
766 1978 890 2024 pauperum

125 2028 240 2074 hostiatim
251 2027 354 2071 euntium
366 2041 412 2069 non
428 2041 474 2069 esse
491 2025 596 2087 cognovi.
630 2025 730 2070 Similem
746 2026 806 2071 hunc
822 2026 891 2071 fuisse

125 2092 245 2156 peregrino
259 2090 299 2147 illi,
311 2089 350 2154 qui
367 2088 427 2136 solus
444 2098 490 2135 erat
507 2088 530 2134 in
548 2088 667 2135 ierusalem
684 2089 764 2137 eodem
782 2090 825 2148 die,
837 2090 891 2137 facti

125 2157 192 2204 series
209 2154 305 2219 probat3
328 2171 367 2200 cor
384 2152 542 2200 nichilominus
559 2153 638 2201 ardens
654 2154 678 2200 in
695 2154 817 2218 discipulis,
836 2155 891 2203 dum

125 2224 262 2286 loqueretur,
273 2220 353 2267 effecit.

69 2402 123 2443 [c-1J]
154 2421 156 2423 ψ
171 2357 218 2441 In
232 2388 302 2447 libris,
315 2386 470 2434 testimonium
485 2385 522 2431 dei
539 2401 636 2448 querere,
649 2402 695 2431 non
711 2386 817 2448 pretium,
828 2387 892 2433 hedi-

126 2457 260 2511 ficationem,
267 2470 313 2499 non
324 2451 515 2514 pulchritudinem
526 2450 639 2506 edocebat,
646 2467 728 2512 paucos
736 2463 810 2498 tamen
817 2452 892 2498 haberi

126 2521 223 2577 volebat,
230 2519 364 2580 eosdemque
371 2516 399 2561 ad
407 2513 502 2560 fratrum
508 2516 624 2577 egentium
631 2516 784 2562 necessitatem
790 2528 891 2578 paratos3

127 2586 188 2631 unde
210 2600 260 2630 cum
282 2582 374 2645 quidam
396 2580 497 2625 minister
515 2579 583 2625 libros
602 2579 730 2626 ambitiosos
749 2581 892 2644 multumque

126 2649 225 2697 valentes
235 2646 283 2693 eius
293 2644 381 2692 licentia
398 2643 526 2689 retinendos
544 2653 663 2706 expeteret,
681 2644 767 2690 audivit
784 2645 811 2690 ab
828 2645 891 2708 ipso:

127 2712 224 2760 Librum
235 2710 350 2773 evangelii,
364 2708 426 2773 quod
439 2708 590 2770 promisimus,
601 2724 643 2770 pro
659 2708 705 2754 tuis
720 2709 783 2755 libris
799 2711 892 2772 perdere

126 2780 188 2826 nolo.
237 2778 276 2822 Tu
295 2775 388 2838 quidem
407 2773 469 2836 quod
488 2772 593 2830 volueris,
612 2771 694 2831 facies;
720 2790 769 2821 mea
788 2792 834 2822 non
853 2776 892 2822 fiet

126 2843 222 2890 licentia.
