1919 3169
243 102 440 151 TRACTATUS
457 105 630 152 SECUNDUS
790 121 817 167 31

53 202 111 249 unde
133 210 155 245 et
177 200 257 245 fratres
279 200 302 245 in
324 200 371 244 eius
392 208 465 244 morte
486 199 606 246 dixerunt:
630 200 753 246 Verenon
774 199 819 246 fuit

53 265 163 327 cognitus,
183 265 239 311 dum
259 264 352 320 viveret,
372 273 461 309 sanctus
480 264 527 312 iste,
563 265 605 310 Sed
624 265 691 310 huius
712 266 818 311 Bernardi

53 329 130 376 laudes
146 337 169 374 et
185 329 233 374 aliis
250 328 370 374 narrandas
386 326 538 389 relinquimus,

93 458 127 498 De
141 456 210 497 fratre
223 457 335 507 temptato
349 454 388 505 qui
401 454 430 496 de
443 466 513 496 manu
523 456 598 498 sancti
607 456 699 507 aliquod
708 457 940 512 scripturum-xxxva]

55 511 137 555 habere
150 509 248 551 volebat.

102 586 184 673 Qum
197 625 297 660 maneret
310 625 398 659 sanctus
411 616 434 658 in
449 626 526 660 monte
538 616 638 661 Alverne
654 618 708 661 cella
724 617 821 660 reclusus

55 698 114 731 unus
127 682 155 726 de
172 680 243 734 sotiis,
259 695 341 740 magno
357 679 475 734 desiderio,
491 680 592 740 cupiebat
609 679 689 726 habere
705 681 733 726 de
747 679 820 727 verbis

55 745 141 793 domini
149 743 291 789 remarcabile
302 743 413 805 scriptum
421 759 489 788 manu
497 743 567 804 ipsius
576 743 819 790 breviterannotatum.

56 814 152 858 Gravem
167 809 235 863 enim,
250 825 293 871 qua
308 807 436 863 vexabatur,
452 809 620 871 temptationem,
636 826 681 855 non
696 811 767 855 carnis
781 810 820 856 sed

55 876 153 938 spiritus,
172 873 275 918 credebat
296 888 323 917 ex
345 873 507 930 hooevaderc,
526 874 563 920 vel
581 885 641 919 certe
662 875 733 921 levius
755 875 818 922 ferre.

55 940 105 984 Tali
113 938 222 999 desiderio
228 938 344 998 languens,
351 937 445 997 pavebat
454 953 501 980 rem
510 938 594 998 aperire
602 939 659 999 patri
668 939 819 995 sanctissim03

55 1004 91 1050 sed
104 1004 139 1049 cui
150 1003 220 1048 homo
231 1002 294 1058 dixit,
307 1001 396 1062 spiritus
406 1000 520 1046 revelavit.

103 1066 206 1127 Quadam
217 1066 277 1110 enim
289 1065 324 1110 die
336 1075 400 1111 vocat
411 1081 462 1110 eum
476 1065 552 1110 beatus
570 1065 718 1120 Francischus
729 1066 819 1113 dicens:

56 1134 124 1178 Porta
135 1130 191 1176 mihi
202 1140 285 1176 cartam
297 1141 319 1175 et
332 1140 489 1187 atramentum,
501 1130 607 1193 quoniam
619 1131 685 1177 verba
699 1130 785 1177 domini
798 1142 821 1178 et

55 1199 130 1243 laudes
141 1197 189 1240 eius
199 1196 293 1240 scribere
304 1197 365 1248 volo,
377 1211 421 1254 que
437 1195 559 1239 meditatus
575 1211 625 1239 sum
641 1196 665 1239 in
681 1196 749 1240 corde
762 1212 819 1240 mco.

55 1259 135 1304 Allatis
148 1258 255 1320 ,protinus
272 1273 314 1321 que
331 1256 430 1319 petierat,
449 1255 536 1313 scribat,
549 1273 617 1302 manu
633 1258 732 1320 propria,
743 1258 820 1303 laudes
826 1271 864 1310 Fol.
873 1275 911 1307 103⁰

56 1324 91 1369 dei
112 1333 135 1368 et
157 1323 224 1367 verba
245 1338 289 1384 que
308 1322 382 1381 voluit
400 1331 423 1366 et
441 1322 522 1367 ultimo
541 1321 719 1368 benedictionem
738 1322 821 1381 fratris,

56 1389 145 1434 dicens:
179 1386 263 1447 Accipe
285 1385 325 1431 tibi
350 1386 457 1431 cartulam
480 1387 545 1431 istam
567 1397 590 1432 et
611 1404 681 1449 usque
708 1388 736 1433 ad
761 1389 820 1434 diem

57 1453 135 1496 mortis
145 1462 184 1494 tue
201 1451 311 1495 custodias
324 1450 450 1510 diligenter.
484 1450 587 1510 Fugatur
603 1453 678 1495 statim
695 1452 769 1496 omnis
785 1453 822 1496 illa

56 1515 165 1577 tenptatio
177 1530 183 1570 ;
200 1525 301 1560 servatur
311 1514 385 1559 littera
396 1524 417 1559 et
428 1514 451 1558 in
463 1515 585 1575 posterium
598 1516 698 1560 miranda
709 1515 788 1560 effecit.

96 1653 129 1693 De
143 1651 223 1693 eodem
237 1651 306 1693 fratre
320 1651 356 1692 cui
369 1650 436 1693 iuxta
449 1650 585 1693 desiderium
599 1650 699 1693 tunicam
713 1650 780 1694 dedit.
827 1661 950 1706 [rr-xxxvnj]

101 1735 147 1819 In
153 1768 233 1813 eodem
240 1766 308 1812 fratre
317 1766 377 1811 aliud
386 1767 455 1811 sancti
463 1767 532 1828 patris
540 1767 639 1811 mirabile
647 1767 733 1812 claruit.
760 1768 820 1813 Nam

57 1842 164 1894 tempore,
184 1848 229 1896 quo
250 1832 352 1877 infirmus
373 1830 457 1876 iacebat
478 1832 501 1876 in
522 1831 604 1893 palatio
622 1832 681 1893 apud
700 1832 821 1892 Assisium,

0 1899 2 1960 ᾗ
57 1897 128 1943 dictus
145 1897 214 1943 frater
230 1896 337 1960 cogitavit
356 1897 415 1957 apud
434 1912 457 1941 se
475 1897 564 1942 dicens:
598 1897 635 1941 En
653 1898 722 1942 morti
741 1914 821 1960 appro-

0 1987 3 1997 e
57 1962 149 2022 pinquat
181 1972 243 2021 pater
275 1971 298 2004 et
332 1961 524 2022 quamplurimum
563 1959 713 2004 consolaretur
748 1963 821 2006 anima

1 2033 5 2086 ξ
58 2040 111 2080 mea,
127 2026 144 2071 si
161 2035 212 2086 post
228 2034 324 2070 mortem
340 2023 444 2069 haberem
460 2024 559 2069 tunicam
576 2025 645 2086 patris
663 2024 715 2070 mei.
749 2026 821 2078 Quasi

2 2087 5 2132 ἒ
57 2090 129 2136 cordis
141 2091 276 2136 desiderium
288 2089 332 2134 oris
343 2090 423 2150 petitio
435 2089 509 2147 fuerit,
519 2098 569 2150 post
581 2106 659 2150 parurn
669 2090 745 2135 statim
757 2102 821 2137 vocat

58 2169 109 2199 eum
121 2155 197 2201 beatus
210 2154 354 2200 Francischus
371 2153 460 2199 dicens:
479 2153 532 2198 Tibi
548 2154 611 2199 trado
626 2154 726 2199 tunicam
737 2155 803 2202 istam
814 2172 820 2212 ;

57 2219 128 2279 accipe
140 2235 195 2277 cam,
207 2229 233 2262 ut
244 2230 284 2262 tua
295 2219 322 2262 de
334 2227 407 2261 cetero
415 2218 451 2273 sit,
463 2234 529 2280 quam
540 2218 591 2262 licet
602 2218 672 2278 ipsam
679 2217 755 2275 feram,
765 2220 820 2266 dum

58 2282 143 2338 metito,
155 2284 195 2328 tibi
206 2293 281 2328 tamen
293 2282 355 2327 cedat
368 2282 392 2326 in
406 2291 486 2327 morte.
520 2283 626 2336 Miratus
636 2282 663 2326 de
679 2291 742 2328 tanta
752 2284 821 2345 patris
874 2336 876 2342 Α

58 2346 216 2406 profunditate,
242 2348 318 2404 frater,
343 2347 442 2392 tunicam
467 2347 557 2392 tandem
582 2345 707 2393 consolatus
729 2350 820 2410 accepit,

1 2414 9 2477 3
58 2426 148 2474 eamque
164 2413 310 2473 postmodum
325 2410 348 2455 in
363 2411 485 2468 Franciam,
497 2410 588 2457 devotio
600 2422 681 2467 sancta,
693 2415 820 2461 transvexit.

75 2545 265 2641 odie-petrifflm
284 2544 314 2587 ad
332 2543 382 2596 ejus
397 2543 489 2595 jussum
505 2545 564 2587 inter
577 2543 660 2585 herbas
673 2549 779 2596 agrestes
791 2548 930 2600 dem-xxxa]

112 2610 124 2639 e
137 2610 204 2641 inven
216 2611 235 2641 o.

103 2673 149 2757 In
165 2705 246 2751 ultimo
263 2722 301 2750 sue
319 2704 455 2749 infirmitatis
473 2715 573 2764 tempore
592 2706 707 2751 nocturnis
726 2707 822 2753 tenebris

75 2769 198 2814 etrosillum
222 2769 337 2814 comedere
361 2769 447 2823 volens,
469 2768 582 2813 humiliter
609 2768 680 2829 petiit¹
725 2771 822 2818 Vocatus

71 2833 206 2893 oquinarius‚
218 2844 245 2879 ut
260 2833 344 2887 afferat,
355 2832 422 2878 nichil
433 2832 456 2876 in
467 2842 530 2877 corto
540 2843 595 2878 tunc
606 2850 629 2877 se
640 2833 744 2898 colligere
757 2854 821 2898 posse
