1919 3169
149 84 180 130 90
367 68 525 114 ansanus
541 67 697 128 ANTIQUA

196 165 251 211 Non
262 181 285 211 se
295 174 384 226 poterat
394 181 434 226 per
444 165 529 227 gaudio
539 181 617 226 capere
627 176 717 211 sanctus
733 164 863 210 Franciscus
878 162 918 209 tali

148 244 262 291 respersus
273 228 371 275 filiorum
381 230 451 275 odore
461 243 467 283 ;
484 228 561 275 subito
572 228 667 274 surrexit
680 229 704 274 in
720 227 809 273 laudem
821 236 843 273 et
854 225 917 289 quasi

148 292 189 339 hec
207 294 254 340 sola
273 292 314 355 sibi
334 292 405 357 gloria
421 291 487 349 foret,
502 294 579 340 audire
598 293 656 339 bona
672 293 700 339 de
718 291 832 349 fratribus,
846 291 918 353 plenis

149 360 260 406 eructavit
281 358 417 405 visceribus:
442 358 530 405 Gratias
552 358 593 405 tibi
614 375 664 422 ago,
683 358 774 405 domine
793 372 917 420 pauperum

148 425 296 470 sanctificator
307 434 330 469 et
341 433 421 480 rector,
434 425 473 486 qui
484 441 521 469 me
532 425 560 470 de
570 424 678 469 fratribus
692 424 747 469 meis
757 423 796 468 tali
807 421 917 468 letificasti

149 490 236 534 auditu.
270 488 374 543 Benedic,
383 504 469 549 precor,
478 488 528 534 illos
539 489 618 534 fratres
629 487 785 533 benedictione
797 486 919 548 largissima

149 562 172 597 et
180 568 264 609 omnes,
273 551 311 614 qui
323 568 362 614 per
372 551 430 597 bona
438 553 540 615 exempla
550 551 649 599 redolere
660 550 746 597 faciunt
756 549 918 616 professionem

149 635 220 674 suam,
231 618 293 665 dono
303 618 391 680 speciali
402 618 520 664 sanctifica.

90 818 146 858 [z-vJ
197 780 290 861 Ilicet
300 807 353 851 hinc
364 808 434 852 sancti
445 808 560 854 caritatem
571 808 708 863 noverimus,
719 823 763 870 que
780 808 919 871 congaudere

148 872 211 920 iubet
222 871 357 918 successibus
368 871 511 926 dilectorum,
522 873 573 918 illos
584 882 667 930 tamen,
678 872 718 936 qui
729 873 752 917 in
769 871 920 918 heremitoriis

149 937 288 984 dissimiliter
298 936 385 993 vivunt,
398 954 445 982 non
456 953 535 999 parum
549 937 660 984 credimus
675 937 815 1000 redargutos.
848 936 919 983 Multi

148 1004 209 1049 enim
217 1003 292 1048 locum
303 1002 499 1062 contemplationis
510 1012 646 1048 convertunt
654 1003 678 1047 in
686 1002 760 1048 otium
770 1012 794 1047 et
805 1002 920 1048 heremiti-

149 1082 201 1112 cum
227 1066 306 1122 ritum,
329 1065 368 1127 qui
395 1065 510 1110 animabus
534 1064 675 1127 perficiendis
701 1064 806 1111 inventus
832 1075 872 1121 est,
895 1065 918 1110 in

149 1132 259 1177 sentinam
280 1127 419 1176 transferunt
440 1130 572 1193 voluptatis.
605 1130 668 1176 Talis
686 1131 769 1177 horum
789 1141 919 1194 temporum

149 1196 283 1242 anachoritis
294 1195 426 1241 constitutio
441 1206 482 1252 est,
494 1196 570 1241 vivere
586 1212 772 1258 unumquemque
788 1212 829 1257 pro
845 1196 917 1242 libitu,

150 1261 205 1308 Non
227 1277 269 1322 pro
290 1258 394 1305 omnibus
415 1259 493 1315 istud3
518 1260 600 1306 scimus
621 1260 681 1305 enim
702 1271 789 1306 sanctos
810 1260 834 1306 in
855 1277 919 1306 carne

150 1326 252 1371 viventes
268 1324 360 1382 optimis
376 1324 399 1367 in
415 1323 507 1368 heremo
524 1323 611 1384 legibus
628 1323 720 1377 vivere3
737 1324 826 1368 scimus-
836 1333 858 1368 et
874 1340 918 1377 eos,

150 1388 190 1452 qui
207 1397 369 1450 precesserunt,
381 1397 455 1449 patres
472 1387 538 1434 flores
554 1386 666 1434 solitarios
683 1387 787 1434 extitisse.
822 1388 919 1435 Utinam

151 1470 196 1499 non
204 1453 339 1517 degenerent
350 1451 420 1498 nostri
431 1452 541 1516 temporis
552 1452 660 1498 heremite
671 1451 698 1499 ab
706 1452 744 1499 illa
752 1453 921 1516 pulchritudine

151 1520 272 1580 primitiva,
285 1518 349 1562 cuius
359 1517 445 1562 iustitie
456 1519 504 1563 laus
515 1528 590 1563 manet
600 1528 682 1565 eterna.

200 1584 299 1628 Monens
316 1581 344 1626 ad
362 1581 492 1626 charitatem
510 1597 587 1627 omnes
604 1591 693 1627 sanctus
712 1581 850 1638 Franciscus,
868 1582 921 1627 affa-

152 1646 261 1694 bilitatem
272 1656 294 1692 et
306 1646 451 1692 domesticam
468 1645 641 1693 familiaritatem
658 1646 772 1694 ortabatur
788 1648 921 1694 ostendere:

151 1713 219 1768 Volo,
232 1711 320 1775 inquid,
331 1721 357 1756 ut
368 1710 448 1757 fratres
461 1711 505 1757 mei
516 1712 574 1757 filios
591 1712 692 1758 eiusdem
708 1713 785 1757 matris
803 1714 922 1758 ostendant

151 1792 174 1822 se
196 1786 219 1823 et
240 1776 303 1840 quod
327 1776 433 1833 tunicam,
459 1775 495 1822 vel
522 1777 636 1832 chordam,
658 1793 697 1823 seu
724 1777 837 1840 quidquid
864 1793 922 1824 unus

152 1842 249 1902 petierit,
260 1841 316 1887 alter
327 1840 448 1886 liberaliter
458 1840 549 1887 tribuat.
582 1841 665 1886 Libros
677 1852 700 1886 et
713 1843 822 1903 placentia
832 1859 923 1905 queque

75 1911 113 1947 Fol.
124 1905 194 1958 84sibi
212 1905 386 1959 communicent,
402 1906 457 1969 quin
474 1906 549 1966 potius
565 1916 630 1968 cogat
648 1922 707 1952 unus
724 1906 819 1952 alterum
836 1906 921 1953 tollere.

153 1972 185 2015 Et
203 1988 230 2014 ne
247 1971 270 2015 in
290 1970 333 2014 hoc
352 1970 437 2031 aliquid
455 1970 539 2014 diceret
557 1986 642 2024 eorum,
662 1987 706 2033 que
723 1987 762 2032 per
781 1972 856 2031 ipsum
876 1987 922 2016 non

152 2035 249 2080 efficeret
260 2033 370 2089 Christus,
382 2034 470 2094 primus
480 2044 527 2079 erat
537 2033 565 2079 ad
576 2035 616 2080 hec
627 2036 703 2080 omnia
713 2033 819 2082 facienda.

87 2241 149 2282 [avt]
201 2204 327 2295 Gontigit
343 2235 401 2280 duos
418 2233 495 2279 fratres
511 2235 602 2296 gallicos
621 2253 702 2297 magne
718 2236 841 2282 sanctitatis
861 2238 923 2283 viros

153 2299 232 2346 obvios
243 2314 359 2345 occurrere
374 2307 450 2343 sancto
467 2298 601 2355 Francisco;
619 2300 741 2345 inauditam
758 2317 813 2345 vero
828 2301 923 2347 letitiam

153 2365 181 2410 de
192 2365 242 2428 ipso
254 2362 394 2416 habentibus,
407 2364 449 2408 hoc
462 2364 493 2408 eis
509 2365 619 2425 gaudium
631 2365 762 2427 duplicavit,
774 2367 837 2428 quod
853 2365 923 2430 longo

154 2430 181 2475 ad
199 2429 260 2476 istud
278 2438 340 2474 erant
358 2426 470 2474 desiderio
486 2426 581 2491 fatigati.
625 2430 679 2476 Post
697 2429 772 2476 dulces
790 2430 882 2476 affectus
901 2441 924 2477 et

154 2510 232 2541 suaves
254 2492 335 2539 affatus
356 2492 458 2537 tunicam
477 2509 489 2537 a
507 2504 584 2540 sancto
603 2494 722 2540 Francisco
744 2495 810 2556 petiit
831 2495 923 2542 illorum

154 2559 233 2604 ardens
240 2556 332 2604 devotio
341 2571 348 2611 3
365 2556 404 2618 qui
413 2555 489 2601 statim
500 2574 582 2602 exuens
590 2558 698 2615 tunicam,
707 2559 825 2622 nudusque
833 2576 924 2605 manens

109 2626 111 2632 '
154 2622 297 2668 devotissime
308 2621 402 2667 tradidit
417 2619 461 2665 illis
477 2631 499 2666 et
515 2623 605 2668 alterius
621 2638 700 2669 eorum
717 2624 873 2685 pauperiorem
889 2641 923 2670 ac-

154 2697 241 2750 ceptam
251 2688 288 2749 pia
299 2684 476 2733 commutatione
487 2686 586 2735 vestivit.
620 2687 675 2734 Non
686 2687 761 2735 solum
774 2689 833 2749 talia,
843 2706 924 2737 verum

154 2769 177 2797 se
187 2753 261 2815 ipsum
276 2750 473 2813 superimpendere
488 2763 579 2813 paratus
595 2763 642 2799 erat
659 2763 681 2799 et
699 2769 840 2818 quecumque
850 2765 925 2817 peter-

154 2828 228 2873 entur,
238 2815 345 2878 erogabat
355 2815 483 2862 latissimus.
