1919 3169
132 97 173 130 ιω
351 82 512 129 aroanna
528 72 686 143 anatona

129 179 315 224 restaurationem
342 178 427 222 celestis
455 179 537 224 domus
564 178 633 224 velud
661 179 769 223 vivorum
793 179 893 239 lapidum

129 242 227 305 expolita
243 241 356 303 congeries
372 251 420 287 erat
436 242 557 304 aliquando
573 240 746 289 transferendus.

177 308 265 354 Verum
276 316 396 369 postquam
408 307 431 352 in
442 306 493 353 loco
504 307 544 353 illo
555 307 673 353 convenire
682 316 790 368 ceperunt
798 307 895 369 virgines

131 373 207 419 christi
225 382 247 417 et
266 372 295 417 de
313 371 406 418 diversis
425 373 506 418 mundi
523 371 624 435 partibus
641 371 764 434 aggregari,
784 387 896 419 summam

131 438 262 498 profitentes
273 434 434 496 perfectionem
445 437 468 482 in
483 437 623 483 observantia
639 437 776 497 paupertatis
791 437 897 483 altissime

132 518 156 548 ac
168 500 270 547 omnium
284 500 398 545 virtutum
414 500 526 558 decorem,
537 501 588 544 licet
603 510 666 562 pater
683 500 772 544 illarum
789 501 896 561 paulatim

132 581 195 612 suam
206 564 340 627 presentiam
356 566 494 627 corporalem
511 564 649 620 subduxerit,
660 563 766 611 affectum
783 575 858 610 tamen
874 566 897 609 in

132 631 213 691 spiritu
223 638 300 674 sancto
310 629 338 674 ad
346 630 444 690 ipsarum
456 647 533 676 curam
540 645 626 690 semper
635 628 741 674 extendit.
775 629 836 674 Nam
845 647 897 675 cum

132 693 247 755 perplura
258 708 346 737 summe
357 692 499 755 perfectionis
510 703 642 757 argumenta
653 694 755 753 probatas
763 704 852 739 sanctus
863 709 898 738 eas

134 757 265 818 cognoverit
276 758 379 803 omnium
391 774 433 818 pro
451 759 534 804 christo
551 767 637 819 paratas
653 757 776 804 substinere
790 758 899 804 iacturam

133 832 156 867 et
175 820 248 867 subire
265 819 372 878 lahorem,
391 837 431 866 nec
448 838 460 865 a
479 823 559 865 sanctis
576 821 686 867 mandatis
703 821 760 865 velle
779 821 899 883 aliquando

135 886 252 939 declinare,
259 885 363 947 promisit
369 885 399 930 eis
407 896 429 931 et
436 886 482 931 aliis
490 896 644 949 paupertatem
651 886 674 930 in
682 885 773 930 resimili
782 901 900 932 conversa-

134 953 196 997 tione
215 951 373 1011 profitentibus
392 967 460 997 suum
476 962 499 997 et
518 950 614 997 fratrum
637 967 730 997 suorum
750 950 858 997 auxilium
877 961 899 995 et

135 1015 254 1060 consilium
276 1025 387 1074 perpetuo
408 1014 518 1059 exhibere.
563 1015 618 1058 Hoc
640 1031 734 1075 semper,
757 1015 813 1060 dum
835 1016 899 1069 vixit,

136 1079 253 1142 diligenter
264 1079 359 1124 exsolvit
370 1087 392 1124 et
403 1078 450 1123 fieri
462 1094 556 1140 semper,
568 1094 620 1124 cum
632 1080 700 1123 morti
711 1079 827 1139 proximus
836 1089 899 1136 esset,

137 1162 182 1190 non
205 1143 342 1205 negligenter
362 1144 482 1199 mandavit,
504 1160 577 1190 unum
595 1153 662 1205 atque
680 1143 778 1189 eundem
796 1144 901 1205 spiritum

137 1209 212 1254 dicens
229 1208 308 1252 fratres
327 1217 350 1252 et
369 1208 471 1253 dominas
488 1207 535 1252 illas
552 1208 698 1268 pauperculas
717 1208 745 1252 de
764 1209 807 1252 hoc
826 1208 902 1252 seculo

136 1272 246 1316 eduxisse.

186 1332 323 1380 Mirantibus
350 1334 487 1396 quandoque
513 1332 626 1389 fratribus,
655 1333 719 1396 quod
746 1343 791 1379 tam
819 1343 903 1380 sanctas

60 1411 99 1448 Fol.
109 1399 215 1461 94christi
225 1396 320 1445 famulas
334 1415 372 1444 sua
389 1398 499 1460 presentia
517 1398 626 1459 corporali
644 1414 689 1443 non
707 1398 781 1461 sepius
798 1399 904 1454 visitaret,

139 1464 241 1511 dicebat:
266 1464 321 1510 Non
343 1465 443 1519 credatis,
463 1463 580 1520 karissimi,
599 1463 662 1526 quod
684 1480 720 1509 eas
739 1463 836 1525 perfecte
858 1481 904 1510 non

139 1528 238 1591 diligam.
271 1529 293 1573 Si
304 1529 364 1573 enim
376 1529 460 1573 crimen
471 1538 527 1573 esset
538 1544 574 1573 eas
591 1528 614 1573 in
632 1528 716 1574 christo
733 1528 817 1584 fovere,
829 1546 904 1574 nonne

139 1594 211 1639 maius
229 1591 310 1638 fuisset
329 1608 364 1638 eas
383 1593 467 1637 christo
486 1592 600 1638 iunxisse?
641 1592 672 1638 Et
691 1592 784 1654 quidem
803 1609 849 1638 non
868 1609 904 1638 eas

140 1674 228 1706 vocasse
239 1656 302 1703 nulla
312 1654 392 1703 fuisset
403 1656 483 1702 iniuria
493 1672 499 1712 ;
517 1672 562 1702 non
574 1671 651 1702 curare
667 1666 754 1702 vocatas
771 1673 860 1703 summa
871 1668 904 1704 est

140 1722 288 1768 inclementia.
321 1722 363 1768 Sed
381 1724 510 1782 exemplum
528 1722 558 1767 do
575 1722 646 1777 vobis,
665 1731 691 1767 ut
709 1724 903 1782 quemadmodum

139 1803 183 1848 ego
193 1786 257 1842 facio,
268 1788 299 1832 ita
316 1796 338 1832 et
355 1802 397 1832 vos
414 1785 505 1831 faciatis.
538 1785 607 1842 Nolo,
619 1785 682 1848 quod
699 1785 778 1849 aliquis
796 1787 824 1833 ad
841 1787 904 1833 visit-

139 1851 224 1897 andum
235 1866 270 1896 eas
282 1860 431 1911 spontaneum
442 1865 466 1895 se
477 1849 556 1896 offerat
566 1865 572 1904 ;
590 1850 628 1895 sed
640 1850 730 1905 invitos,
742 1860 768 1895 ut
779 1851 904 1911 plurimum

139 1916 260 1960 renitentes
271 1915 338 1959 iubeo
349 1914 448 1975 ipsarum
461 1914 556 1958 servitiis
573 1914 683 1975 deputari,
695 1914 820 1974 spirituales
838 1916 905 1960 dum-

139 1990 200 2027 taxat
212 1978 279 2036 viros,
290 1978 359 2041 digna
369 1987 392 2023 et
402 1977 498 2041 longeva
509 1978 677 2025 conversatione
687 1977 801 2040 probatos.

79 2119 136 2160 [ra-J]
187 2076 270 2162 Qum
281 2108 341 2151 enirn
352 2106 420 2150 semel
431 2106 523 2167 quidam
534 2106 608 2163 frater,
620 2107 660 2167 qui
671 2107 727 2151 duas
735 2107 758 2150 in
769 2109 905 2152 monasterio

140 2175 240 2239 quodam
261 2171 317 2218 filias
341 2169 438 2232 perfecte
465 2170 639 2217 conversationis
665 2169 765 2227 habebat,
789 2171 904 2232 quoddam

140 2238 303 2302 pauperculum
312 2235 474 2281 munusculum
485 2252 512 2280 ex
523 2244 586 2296 parte
597 2235 667 2280 sancti
675 2234 771 2280 libenter
777 2236 805 2281 ad
816 2235 903 2281 dictum

139 2305 216 2352 locum
224 2320 246 2350 se
255 2302 338 2348 diceret
347 2298 482 2355 delaturum,
491 2300 613 2361 increpavit
621 2315 674 2346 eum
681 2309 769 2346 sanctus
777 2301 902 2358 durissime,

141 2370 209 2415 verba
229 2383 276 2412 non
298 2364 367 2409 modo
389 2364 505 2408 referenda
527 2365 647 2418 inculcans,
669 2365 745 2424 sicque
772 2381 811 2424 per
834 2365 903 2410 alium

141 2441 288 2485 recusantem,
310 2429 349 2474 sed
371 2443 416 2472 non
438 2426 571 2474 obstinatius
598 2427 760 2489 persistentem,
783 2429 904 2473 transmisit

141 2498 250 2546 exenium.
296 2492 363 2539 Alius
384 2491 452 2538 frater
474 2492 497 2537 in
518 2508 583 2556 yeme
606 2507 670 2538 causa
698 2493 855 2554 compassionis
876 2493 904 2539 ad

141 2563 301 2609 monasterium
320 2558 435 2621 quoddam
454 2558 550 2614 accessit,
569 2559 608 2604 sed
627 2557 768 2602 voluntatem
785 2559 856 2603 saneti
874 2560 904 2604 sic

141 2629 250 2673 efficacem
271 2626 300 2670 de
321 2639 368 2667 non
389 2622 465 2666 eundo
487 2622 597 2677 nescivit;
624 2638 664 2681 per
692 2621 757 2682 plura
785 2623 853 2668 millia
881 2624 904 2668 in

141 2691 289 2738 maximarum
306 2686 393 2733 nivium
409 2684 493 2748 frigore
509 2684 574 2731 illum
592 2685 681 2730 nudum
698 2701 789 2747 pergere
806 2685 866 2731 fecit.

72 2823 138 2866 [ΕΞ-Π]
187 2786 340 2880 Erequenti
351 2814 512 2876 supplicatione
523 2814 597 2875 vicarij
610 2824 698 2859 sanctus
715 2824 777 2875 pater
795 2817 904 2877 pulsatus,
