1919 3169
263 113 424 159 Lucanus
440 113 597 172 ANTIQUA
783 131 812 175 99

48 209 144 256 Fecisset
160 208 203 253 hoc
219 209 302 271 ipsum,
314 208 356 254 nisi
373 209 524 269 deprehensus
538 225 550 253 a
567 208 682 264 fratribus,
694 209 735 255 alia
752 224 811 256 com-

48 273 177 336 pensatione
188 272 275 318 fecisset
286 272 378 333 pauperi
390 272 511 333 provideri.
545 273 607 327 Eius,
621 272 709 335 inquid,
720 271 760 335 qui
773 289 813 319 nos

48 338 149 383 multum
160 338 248 392 amavit,
261 336 361 382 multum
372 346 405 381 est
416 351 478 380 amor
490 337 604 382 amandus

93 431 238 529 Hagelos,
257 466 297 527 qui
317 464 434 510 nobiscum
454 465 477 509 in
496 465 540 509 acie
559 474 619 520 sunt,
637 464 677 528 qui
694 465 878 520 nobiscummuj]

46 532 163 577 ambulant
184 531 208 574 in
230 530 306 574 medio
328 529 408 574 umbre
435 529 521 584 mortis,
544 530 641 575 maximo
662 530 810 576 venerabatur

46 595 135 640 affectu.
168 592 235 638 Tales
250 591 333 655 ubique
351 592 420 637 sotios
437 592 571 638 reverendos
588 609 634 638 esse
651 592 746 650 dicebat,
757 593 811 640 tales

47 659 206 706 nichilominus
225 658 363 704 invocandos
385 657 495 703 custodes.
529 656 654 704 Inoffensos
676 674 755 705 eorum
777 676 810 705 as-

45 735 123 786 pectus
134 739 221 770 servare
232 720 333 778 docebat,
345 737 384 767 nec
397 737 525 782 presumere
543 738 618 767 coram
636 723 666 767 eis
684 724 748 785 quod
764 740 809 769 non

46 804 122 834 coram
132 786 262 832 hominibus
272 786 341 830 fieret.
374 786 420 830 Pro
431 801 458 829 eo
475 785 538 847 quod
556 786 579 830 in
597 797 718 847 conspectu
735 787 810 848 angel-

46 868 113 906 orum
124 849 258 912 psallebatur
271 849 294 893 in
311 864 364 894 coro
382 864 466 905 ornnes,
478 848 518 911 qui
535 859 633 910 possent,
646 850 668 895 in
685 851 809 896 oratorium

46 916 164 962 convenire
175 913 264 959 volebat
274 922 297 958 et
307 912 391 958 ibidem
402 911 494 974 psallere
503 913 622 975 sapienter.

93 981 189 1027 Beatum
202 995 256 1025 vero
273 976 401 1033 Michelem‚
420 994 447 1023 eo
464 978 527 1040 quod
544 978 669 1025 animarum
686 991 808 1042 represent-

46 1046 155 1091 andarum
171 1043 262 1090 haberet
279 1043 383 1098 offitium,
395 1059 445 1103 sepe
463 1042 549 1088 dicebat
566 1043 709 1090 excellentius
725 1044 808 1091 honor-

46 1110 148 1167 andum;
173 1125 225 1155 nam
247 1106 275 1154 ad
296 1107 405 1153 honorem
427 1107 496 1153 sancti
517 1106 621 1153 Michelis
643 1108 701 1154 inter
723 1108 808 1156 festum

46 1173 205 1234 assumptionis
216 1183 238 1218 et
246 1173 331 1217 festum
339 1172 386 1216 cius
395 1171 562 1233 quadragenam
568 1172 658 1217 dierum
666 1174 809 1218 devotissime

46 1237 158 1283 ieiunabat
168 1252 175 1292 ¹,
192 1236 279 1281 dicebat
289 1235 349 1280 enim
359 1251 365 1280 ι
383 1233 488 1286 Quilibet
495 1250 538 1295 pro
545 1235 603 1280 tanti
610 1236 695 1280 honore
703 1237 809 1299 principis

46 1300 131 1365 aliquid
142 1299 222 1356 laudis,
234 1299 270 1346 vel
280 1298 379 1345 muneris
390 1298 513 1361 specialiter
525 1298 568 1346 deo
579 1298 670 1347 deberet
681 1300 768 1347 offerre.

95 1401 217 1478 Qatrem
228 1430 283 1486 Jesu
294 1427 402 1471 indicibili
415 1427 604 1487 complectebatur
616 1444 696 1482 amore,
709 1446 736 1473 eo
747 1431 886 1491 quodlDD·IJl

46 1498 165 1546 dominum
185 1490 305 1538 maiestatis
323 1489 416 1535 fratrem
434 1489 499 1535 nobis
516 1490 621 1545 effecerit,
639 1492 760 1552 peculiares
777 1493 809 1538 illi

46 1558 186 1625 persolvebat
202 1556 287 1611 laudes
299 1553 408 1601 fundebat
425 1571 508 1615 preces,
520 1553 627 1600 offerebat
644 1555 736 1602 affectus
753 1569 811 1619 quot

47 1639 70 1674 et
81 1626 177 1690 qualiter
191 1622 289 1668 humana
305 1635 407 1680 promere
424 1618 501 1681 lingua
518 1635 564 1665 non
581 1620 656 1679 possit.
691 1621 733 1668 Sed
748 1623 811 1683 quod

46 1692 136 1737 letificat
163 1686 295 1749 plurimum,
323 1683 409 1728 ordinis
435 1683 565 1727 advocatam
593 1684 663 1745 ipsam
685 1685 810 1744 constituit,

47 1757 139 1817 suisque
149 1753 188 1798 alis
200 1765 257 1811 quos
265 1748 384 1792 relicturus
393 1755 439 1791 erat
448 1747 505 1794 filios
515 1762 585 1808 usque
594 1748 616 1791 in
625 1748 692 1792 finem
701 1749 812 1795 fovendos

47 1830 70 1865 et
81 1814 230 1881 protegendos
241 1809 350 1859 submisit.
386 1809 428 1856 Eia
439 1826 562 1872 pauperum
579 1812 692 1868 advocata,
704 1813 772 1874 imple
788 1815 811 1860 in

48 1884 112 1931 nobis
123 1879 211 1929 tutricis
222 1875 320 1924 offitium
331 1891 403 1937 usque
414 1875 442 1921 ad
453 1875 584 1937 prefinitum
595 1886 685 1939 tempus
696 1895 708 1923 a
718 1888 787 1940 patre.

93 1981 897 2069 RativitatempueriJesuprealiissolempnitatibusineffabilem-111]

48 2078 161 2124 alacritate
172 2074 264 2129 colebat,
277 2073 361 2118 festum
373 2071 483 2117 festorum
495 2088 598 2129 asserens,
611 2090 657 2135 quo
675 2074 730 2120 deus
741 2075 813 2122 infans

48 2142 156 2205 parvulus
175 2139 247 2186 factus
266 2138 294 2184 ad
316 2136 384 2183 ubera
405 2136 512 2197 pependit
533 2137 636 2183 humana.
670 2137 813 2187 Infantilium

49 2207 142 2255 illorum
153 2204 308 2253 membrorum
319 2201 434 2265 ymagines
444 2200 546 2248 famelica
557 2202 692 2265 cogitatione
702 2204 815 2253 lambebat

49 2284 72 2318 et
83 2273 180 2334 aliquata
191 2286 262 2330 puero
274 2268 397 2327 compassio
408 2267 432 2311 in
443 2283 481 2311 cor
492 2282 560 2312 suum
572 2267 639 2312 etiam
654 2268 721 2314 verba
739 2270 813 2316 dulce.

49 2336 107 2382 dinis
129 2333 223 2380 faciebat
244 2348 306 2377 more
328 2329 450 2375 infantium
475 2329 591 2375 balbutire.
636 2332 695 2376 Cum
718 2334 745 2378 de
767 2351 813 2380 non

50 2400 193 2447 comedendis
210 2394 313 2442 carnibus
331 2393 419 2440 collatio
436 2394 506 2450 fieret,
521 2395 574 2458 quia
591 2396 637 2441 dies
654 2398 741 2444 veneris
758 2410 811 2455 erat,

50 2465 166 2526 respondit
177 2463 241 2508 fratri
254 2461 344 2506 Morico
356 2459 447 2504 dicens:
466 2460 553 2515 Peccas‚
564 2460 640 2517 frater,
649 2461 709 2506 diem
726 2465 813 2509 veneris

51 2546 133 2575 vocans
144 2545 191 2592 quo
202 2543 258 2588 puer
270 2534 335 2570 natus
347 2533 379 2568 est
391 2521 463 2568 nobis.
496 2523 563 2581 Volo,
575 2524 661 2586 inquid,
674 2528 812 2587 quodetiam

51 2594 143 2653 parietes
154 2592 193 2638 tali
204 2591 240 2636 die
251 2588 369 2635 comedant
386 2603 461 2631 carnes
478 2598 508 2642 et,
519 2588 537 2632 si
554 2605 599 2634 non
617 2601 718 2648 possunt,
726 2593 766 2637 ‘vel
783 2594 812 2639 de

50 2655 105 2703 foris
115 2657 228 2702 liniantur.

99 2721 195 2768 Volebat
206 2721 248 2766 hoc
259 2718 294 2764 die
309 2732 417 2780 pauperes
434 2732 447 2759 a
464 2715 572 2762 divitibus
588 2718 689 2775 saturari,
701 2737 811 2768 annonam

51 2797 74 2832 et
95 2786 182 2832 femum
211 2785 261 2846 plus
289 2783 356 2828 solito
384 2779 456 2826 bobus
483 2790 506 2826 et
532 2781 598 2827 asinis
624 2782 744 2845 indulgeri.
789 2788 811 2832 Si

51 2849 140 2897 locutus
167 2850 239 2903 fuero,
268 2844 395 2907 imperatori
425 2845 554 2905 supplicabo
584 2847 734 2894 constitutum
765 2851 811 2896 fieri
