1919 3169
243 87 441 134 TRACTATUS
458 84 635 137 SECUNDUS
790 88 823 149 287

59 202 82 231 se
103 194 126 230 et
148 184 210 246 quod
235 183 340 240 tunicam,
362 181 401 245 >vel
428 182 541 239 chordam,
563 199 603 229 seu
630 181 741 246 quidquid
767 200 825 230 unus

59 248 156 313 petierit,
167 249 222 295 alter
232 247 353 294 liberaliter
363 247 452 294 tribuat.
485 248 568 295 Libros
580 257 603 295 et
617 248 725 309 placentia
735 264 825 312 queque

59 313 101 360 sibi
118 313 291 367 communicent,
307 312 361 375 quin
378 312 452 374 potius
468 324 533 376 cogat
550 329 610 359 unus
626 311 721 358 alterum
737 312 823 359 tollere.

59 380 91 426 Et
109 395 136 423 ne
153 377 176 423 in
195 378 238 423 hoe
257 377 341 439 aliquid
359 376 449 424 deberet
468 395 551 435 eorum,
571 395 615 441 que
632 377 761 440 peripsum
778 394 824 425 non

54 442 155 488 ‘efficeret
166 441 275 496 Christus,
287 440 374 500 primus
384 451 431 486 erat
441 442 469 487 ad
480 443 519 488 hec
530 444 605 488 omnia
615 441 722 488 facienda.

112 587 146 627 De
159 584 249 626 duobus
262 583 369 627 fratribus
382 585 470 636 gallicis
484 586 566 636 quibus
579 586 657 629 tunica
670 586 769 628 tradidit.
827 592 932 636 [rt-cxij]

82 732 84 734 >
106 671 232 761 Gontigit
248 699 305 744 duos
321 697 398 744 fratres
415 699 505 761 gallicos
524 715 603 761 magne
620 700 742 757 sanctitatis
763 700 824 747 viros

59 765 137 811 obvios
148 780 262 811 occurrere
278 773 354 808 sancto
371 763 504 820 Francisc03
521 764 642 815 inauditam
659 770 714 809 vero
729 763 824 810 letitiam

59 830 86 877 de
97 830 146 892 ipso
158 827 297 882 habentibus,
310 828 351 873 hoc
364 827 395 873 eis
411 829 519 890 gaudium
535 829 664 891 duplicavit,
676 829 739 893 quod
754 829 824 893 longo

59 896 86 941 ad
97 895 158 941 istud
169 904 231 940 erant
237 893 348 940 desiderio
356 892 450 955 fatigati.
485 894 539 940 Post
547 893 621 941 dulces
632 893 712 941 affatus
723 895 823 942 tunicam

59 976 72 1003 a
82 969 158 1003 sancto
174 958 292 1002 Francisco
303 958 368 1018 petiit
379 958 470 1002 illorum
481 959 559 1003 ardens
570 959 677 1013 devotio;
694 960 733 1019 qui
747 961 823 1004 statim

58 1038 140 1068 exuens
148 1022 255 1078 tunicam,
265 1022 382 1085 nudusque
390 1037 480 1067 manens
490 1020 632 1068 devotissime
643 1022 736 1069 tradidit
747 1022 790 1069 illis
801 1032 824 1070 et

54 1088 148 1135 'alterius
170 1103 249 1134 eorum
273 1087 428 1148 pauperiorem
452 1098 562 1149 acceptam
589 1087 625 1150 pia
648 1087 824 1135 commutatione

59 1152 158 1200 vestivit.
191 1152 246 1198 Non
262 1151 336 1198 solum
349 1151 407 1210 talia,
418 1163 498 1199 verum
508 1168 531 1197 se
542 1152 615 1214 ipsum
629 1153 824 1215 superimpendere

59 1227 148 1279 paratus
159 1226 206 1261 erat
216 1226 239 1260 et
249 1231 389 1278 quecumque
400 1226 536 1277 peterentur,
547 1215 653 1278 erogabat
663 1216 790 1262 letissimus.

94 1360 128 1402 De
141 1358 282 1402 detractione
295 1362 318 1401 et
331 1358 445 1409 quomodo
457 1358 548 1424 volebat
561 1356 695 1401 detractoris
708 1359 787 1421 puniri.
826 1380 941 1425 [amm]

104 1438 231 1523 Demum
253 1485 305 1514 cum
326 1469 412 1513 animus
434 1469 525 1513 caritate
546 1470 645 1530 repletus
666 1470 709 1514 deo
730 1470 824 1516 odibiles
883 1504 887 1525 ,

60 1534 128 1591 odiat,
139 1533 230 1595 vigebat
241 1533 303 1578 istud
314 1533 337 1578 in
348 1542 424 1578 sancto
436 1533 560 1591 Francisco.
585 1534 728 1580 Detractores
739 1535 823 1597 quippe

60 1616 125 1661 super
135 1598 197 1645 aliud
208 1598 342 1645 vitiosorum
353 1614 425 1660 genus
435 1595 572 1644 horribiliter
587 1614 698 1654 execrans,
709 1601 821 1647 uenenum
888 1607 894 1627 '·

59 1665 82 1710 in
93 1666 171 1727 lingua
179 1663 237 1710 ferre
247 1681 285 1710 eos
296 1664 390 1720 dicebat,
401 1662 500 1726 aliosque
508 1679 594 1709 veneno
604 1664 709 1719 inficere3
726 1664 822 1728 ideoque

58 1729 217 1790 rumigerulos,
234 1729 363 1790 pulicesque
384 1727 505 1782 mordaces,
524 1728 541 1773 si
560 1729 651 1790 quando
668 1728 823 1790 loquerentur,

60 1792 150 1850 vitabat,
160 1792 325 1854 avertebatque,
336 1801 404 1853 prout
422 1791 528 1849 vidimus,
545 1807 616 1850 aures,
634 1807 662 1837 ne
678 1793 718 1838 tali
735 1792 824 1854 pollue-

59 1867 121 1904 retur
133 1857 218 1904 auditu.
747 1897 749 1901 ,
810 1897 812 1900 ,

108 1921 211 1968 Audiens
222 1936 318 1982 namque
329 1920 396 1964 semel
407 1920 528 1981 quemdam
540 1918 630 1964 fratrem
641 1920 723 1965 famam
734 1921 825 1968 alterius

59 1986 181 2050 denigrare,
200 2001 319 2032 conversus
338 1984 365 2030 ad
384 1983 476 2030 fratrem
492 1984 586 2031 Petrum
603 1985 696 2048 cathanij
715 1985 823 2033 vicarium

60 2066 134 2106 suurn,
140 2050 237 2095 terribile
243 2049 286 2093 hoc
291 2049 476 2093 intulitverbum:
489 2048 824 2109 Instantreligionidiscrimina,

60 2114 101 2159 nisi
110 2113 274 2160 detractoribus
282 2111 386 2158 obvietur
395 2127 401 2167 3
419 2112 464 2157 cito
475 2111 600 2157 multorum
611 2113 756 2159 suavissimus
767 2115 824 2161 odor

60 2177 145 2237 fetebit,
156 2178 198 2225 nisi
209 2177 333 2226 fetidorum
344 2192 383 2223 ora
393 2175 531 2224 claudantur.
565 2176 641 2239 Surge,
654 2192 727 2240 surge,
736 2177 824 2226 discute

60 2242 179 2308 diligenter
200 2253 223 2291 et
244 2242 262 2289 si
283 2252 411 2289 accusatum
433 2242 524 2289 fratrem
546 2242 653 2303 repereris
674 2243 823 2302 innocentem,

60 2320 200 2355 accusantem
227 2308 284 2354 dura
311 2307 447 2353 correctione
477 2306 562 2354 cunctis
594 2307 662 2354 redde
695 2308 823 2355 notabilem.

61 2373 148 2431 Trude‚
169 2372 257 2435 inquid,
279 2387 332 2416 eum
358 2370 382 2415 in
407 2386 487 2416 manus
510 2370 592 2432 pugilis
614 2370 736 2429 florentini,
757 2373 776 2417 si
797 2383 824 2418 tu

60 2437 106 2499 ipse
121 2438 201 2500 punire
212 2452 257 2483 non
268 2435 357 2498 poteris,
393 2434 495 2480 Fratrem
508 2444 582 2480 autem
593 2433 718 2493 Johannem
729 2435 757 2482 de
768 2436 823 2483 flora

61 2503 136 2549 virum
163 2518 270 2566 magnum
297 2509 382 2547 statura
409 2500 528 2563 virumque
561 2515 692 2563 magnarum
721 2502 822 2565 pugilem

59 2568 173 2628 apellabat.
198 2569 290 2614 Summa
297 2565 350 2614 volo
357 2566 380 2611 in
389 2566 445 2628 quid
457 2564 598 2627 providentia
605 2581 668 2612 cures
677 2576 704 2613 tu
715 2577 737 2613 et
746 2585 823 2614 omnes

60 2632 202 2690 ministri-ne
213 2630 304 2692 pestifer
314 2630 355 2674 iste
366 2629 459 2675 morbus
469 2629 536 2675 latius
546 2645 568 2674 se
578 2628 700 2676 diffundat.
716 2677 718 2679 .

31 2704 33 2706 ’
107 2697 288 2760 Nonnumquam
314 2710 369 2742 vero
395 2710 456 2752 eum,
483 2692 523 2756 qui
549 2691 641 2738 fratrem
668 2710 737 2740 suum
763 2694 822 2741 fame

60 2761 131 2825 gloria
151 2760 293 2824 prouidentia
313 2758 426 2821 spoliaret,
450 2757 560 2805 iudicabat
586 2758 663 2804 tunica
685 2759 823 2821 spoliandam

61 2843 101 2873 nec
122 2828 150 2874 ad
171 2827 291 2874 dominum
312 2824 389 2872 oculos
416 2839 480 2885 posse
506 2823 585 2879 levare,
608 2822 650 2869 nisi
672 2824 735 2886 prius
760 2825 822 2888 quod
