1919 3169
89 68 118 114 62
274 66 475 114 TRACTATUS
494 66 667 114 SECUNDUS

89 163 201 220 molestat,
212 164 251 210 uni
262 163 356 209 domino
373 162 482 210 sollicitus
498 162 562 209 servi.
596 162 659 208 lllico
676 161 785 226 dyabolus
800 177 854 207 con-

88 227 155 276 fusus
176 229 287 286 abscessit,
306 238 440 292 sanctusque
464 229 488 277 in
507 228 561 275 cella
581 228 711 285 revertitur,
729 227 855 290 glorificans

90 294 216 341 dominum.

139 360 241 410 Quidam
262 357 385 420 spiritualis
405 357 482 415 frater,
501 358 541 420 qui
562 367 618 402 tunc
638 357 729 402 vacabat
751 356 855 414 orationi,

90 422 144 468 luna
161 423 241 469 clarius
257 422 380 479 incedente,
397 432 473 468 totum
490 422 587 468 intuitus
603 431 653 477 est;
673 430 762 467 sanctus
779 430 855 466 autern

91 498 207 549 comperto
228 487 376 549 postmodum
398 488 461 551 quod
482 487 520 533 ille
541 504 564 533 se
585 485 609 532 in
631 496 696 533 nocte
714 484 813 542 vidisset,
833 495 856 532 et

91 552 168 599 dolens
184 553 292 608 multum,
303 553 409 614 precepit,
427 563 454 599 ut
471 569 518 599 rem
536 551 593 598 nulli
610 552 729 615 detegeret,
744 550 816 596 donec
833 551 856 596 in

90 619 165 662 seculo
182 618 274 663 viveret.

7 783 88 824 xcan]
130 766 249 819 Quomodo
267 767 388 819 quemdam
404 768 497 811 fratrem
515 779 529 809 a
546 768 696 819 temptatione
713 766 816 810 liberavit
833 770 857 809 et

91 818 150 861 bone
163 820 325 872 temptationis.

138 898 223 977 Vice
233 920 331 987 quadam
342 938 395 967 cum
405 920 474 967 frater
485 939 545 968 unus
560 930 684 984 temptatus
700 920 760 967 solus
772 920 858 967 sederet

92 1005 144 1036 curn
164 998 247 1046 sancto,
264 987 322 1033 dixit
337 987 373 1033 ei:
396 988 443 1033 Ora
459 1004 501 1050 pro
517 1004 559 1043 me,
578 987 674 1050 benigne
690 996 769 1049 pater3
791 987 858 1033 credo

91 1053 204 1118 equidem,
214 1053 277 1116 quod
288 1052 316 1098 de
327 1052 382 1097 meis
393 1053 578 1114 temptationibus
590 1052 699 1098 continuo
709 1051 827 1110 liberabor,
840 1053 858 1098 si

92 1136 134 1182 pro
151 1135 187 1164 me
203 1117 273 1164 fueris
289 1117 395 1179 dignatus
412 1133 481 1163 orare.
514 1117 603 1179 Nempe
620 1133 686 1179 supra
702 1116 761 1162 vires
772 1117 859 1180 affligor

92 1194 115 1228 et
127 1184 180 1238 scio,
192 1184 255 1244 quod
266 1192 288 1225 te
299 1182 373 1241 ipsum
385 1197 431 1225 non
442 1183 516 1227 lateat.
549 1182 613 1225 Dixit
625 1183 644 1225 ei
655 1192 745 1225 sanctus
757 1182 859 1225 Francis-

92 1247 163 1293 chus:
187 1246 266 1303 Crede,
287 1244 342 1289 mihi
362 1244 393 1289 fili
413 1246 520 1307 quoniam
539 1245 610 1306 magis
629 1255 746 1306 propterea
767 1260 858 1292 servum

92 1311 128 1359 dei
140 1321 161 1357 te
178 1310 244 1357 credo
255 1320 277 1356 et
289 1325 335 1371 quo
346 1309 417 1371 magis
427 1320 569 1372 temptatum,
586 1309 657 1372 magis
674 1326 686 1355 a
699 1326 735 1355 me
751 1308 859 1356 dilectum

92 1385 114 1422 te
123 1375 212 1423 noveris
222 1392 228 1430 3
246 1385 268 1421 et
277 1374 393 1420 subiunxit
405 1392 409 1420 :
427 1375 485 1421 Vere
493 1374 543 1421 dico
551 1375 599 1430 tibi,
609 1373 685 1420 nullus
694 1391 716 1420 se
725 1374 760 1420 dei
769 1391 859 1422 servum

93 1450 194 1501 reputare
211 1439 285 1495 debet,
303 1455 421 1500 quousque
439 1456 477 1500 per
495 1440 652 1500 temptationes
669 1448 691 1483 et
707 1438 860 1484 tribulationes

92 1504 209 1550 transierit.
242 1502 355 1558 Annulus‚
371 1502 457 1565 inquid,
474 1503 643 1566 quodammodo
660 1511 693 1547 est
710 1502 771 1549 victo
787 1513 861 1566 temp-

93 1570 155 1627 tatio,
168 1584 214 1633 quo
225 1567 332 1614 dominus
343 1567 384 1611 sibi
396 1568 515 1629 desponsat
526 1568 622 1613 animam
634 1567 691 1615 servi
706 1568 748 1612 sui.
781 1567 861 1614 Plures

93 1634 134 1680 sibi
156 1635 185 1681 de
206 1632 295 1680 annosis
317 1632 402 1678 meritis
423 1632 568 1679 blandiuntur
589 1642 611 1679 et
633 1632 695 1679 nulla
716 1632 861 1679 substinuisse

93 1709 254 1760 temptamenta
266 1697 378 1752 letantur3
396 1697 434 1743 sed
450 1698 557 1759 quoniam
573 1707 625 1743 ante
641 1714 784 1759 congressum
801 1697 862 1744 solus

94 1780 131 1808 eos
140 1775 210 1808 terror
217 1762 317 1817 elideret,
324 1761 394 1806 sciant
402 1761 493 1821 spiritus
502 1763 536 1806 sui
545 1762 682 1806 debilitatem
691 1761 861 1807 considerariam

95 1844 108 1874 a
124 1826 232 1883 domin03
252 1825 291 1874 vix
307 1824 367 1871 enim
385 1823 523 1873 obiiciuntur
541 1826 660 1873 certamina
672 1823 747 1881 fortia,
763 1825 805 1872 nisi
823 1826 862 1873 ubi

96 1891 163 1939 fuerit
174 1891 246 1939 virtus
257 1888 359 1953 perfecta

4 2061 94 2104 [ri-xcix]
112 2053 239 2146 'leualiter
251 2050 427 2092 verberaverunt
441 2062 493 2092 eum
509 2051 618 2093 demones
636 2054 659 2093 et
676 2049 738 2101 quod
756 2051 863 2103 fugiende

98 2116 118 2147 si
134 2116 141 2145 1
155 2115 222 2146 curre.

145 2189 227 2279 Dori
254 2217 328 2264 solum
352 2219 538 2279 temptationibus
562 2221 596 2267 vir
620 2222 661 2267 iste
683 2220 832 2283 impetebatur
854 2237 866 2265 a

101 2281 198 2337 sathana,
219 2297 298 2328 verum
324 2297 392 2326 manu
416 2282 443 2326 ad
467 2298 559 2327 manum
586 2285 704 2346 colligebat
730 2301 782 2330 curn
810 2285 864 2344 ipso.

102 2345 203 2408 Rogatus
225 2344 316 2410 quando
337 2362 349 2389 a
366 2345 459 2391 domino
475 2347 558 2405 Leone,
577 2348 682 2395 cardinali
698 2359 772 2394 sancte
789 2347 866 2403 cruciS,

102 2419 129 2455 ut
148 2425 222 2455 secum
241 2412 265 2456 in
284 2409 340 2455 urbe
359 2410 474 2470 paululum
493 2421 621 2468 moraretur,
640 2422 724 2458 turrem
745 2412 866 2474 quamdam

102 2484 211 2520 remotam
232 2473 307 2537 elegit,
326 2489 370 2537 que
392 2490 431 2536 per
452 2492 533 2521 novem
555 2477 696 2523 testitudines
718 2486 868 2522 concamerata

103 2540 165 2602 quasi
184 2539 348 2587 mansiunculas
369 2539 506 2587 heremiticas
527 2541 658 2603 preferebat.
702 2542 778 2589 Prima
798 2542 867 2605 igitur

103 2614 168 2649 nocte
179 2621 230 2650 cum
241 2614 292 2666 post
303 2603 427 2649 orationem
438 2606 481 2651 deo
490 2605 563 2651 fusam
572 2607 639 2652 vellet
648 2608 766 2670 quiescere,
773 2608 868 2652 veniunt

104 2668 210 2714 demones
220 2679 243 2714 et
253 2668 345 2714 hostiles
353 2685 434 2729 agones
442 2670 568 2715 immovent
575 2682 650 2717 sancto
659 2672 702 2727 dei,
710 2688 779 2732 quem
786 2671 868 2717 diutis-

105 2732 159 2778 sime
170 2749 194 2778 ac
205 2732 322 2779 durissime
333 2731 480 2791 verberantes,
491 2733 519 2780 ad
531 2734 639 2782 ultimum
655 2735 719 2799 quasi
735 2735 868 2782 seminecem

104 2798 242 2861 relinquunt.
286 2797 333 2842 lllis
349 2798 520 2855 discedentibus,
535 2810 637 2862 reparato
653 2802 745 2848 tandem
761 2800 869 2856 anhelitu,
