<?xml version="1.0" encoding="UTF-8"?>
<!DOCTYPE html PUBLIC "-//W3C//DTD XHTML 1.0 Transitional//EN"
    "http://www.w3.org/TR/xhtml1/DTD/xhtml1-transitional.dtd">
<html xmlns="http://www.w3.org/1999/xhtml" xml:lang="en" lang="en">
 <head>
  <title>
</title>
<meta http-equiv="Content-Type" content="text/html;charset=utf-8" />
  <meta name='ocr-system' content='tesseract 3.04.00' />
  <meta name='ocr-capabilities' content='ocr_page ocr_carea ocr_par ocr_line ocrx_word'/>
</head>
<body>
  <div class='ocr_page' id='page_1' title='image "./MN5146ucmf_4_0124.png"; bbox 0 0 1919 3169; ppageno 0'>
   <div class='ocr_carea' id='block_1_1' title="bbox 137 55 680 114">
    <p class='ocr_par' dir='ltr' id='par_1_1' title="bbox 137 55 680 114">
     <span class='ocr_line' id='line_1_1' title="bbox 137 55 680 114; baseline -0.002 -14"><span class='ocrx_word' id='word_1_1' title='bbox 137 67 164 114; x_wconf 84' lang='lat'>72</span> <span class='ocrx_word' id='word_1_2' title='bbox 347 55 505 101; x_wconf 86' lang='lat' dir='ltr'><strong>LEGENDA</strong></span> <span class='ocrx_word' id='word_1_3' title='bbox 523 55 680 101; x_wconf 88' lang='lat' dir='ltr'><strong>GREGORII</strong></span> 
     </span>
    </p>
   </div>
   <div class='ocr_carea' id='block_1_2' title="bbox 135 148 909 1291">
    <p class='ocr_par' dir='ltr' id='par_1_2' title="bbox 135 148 900 406">
     <span class='ocr_line' id='line_1_2' title="bbox 135 148 900 210; baseline -0.004 -16"><span class='ocrx_word' id='word_1_4' title='bbox 135 149 250 196; x_wconf 89' lang='lat' dir='ltr'>ambulare</span> <span class='ocrx_word' id='word_1_5' title='bbox 266 165 305 210; x_wconf 92' lang='lat' dir='ltr'>per</span> <span class='ocrx_word' id='word_1_6' title='bbox 321 150 390 194; x_wconf 86' lang='lat' dir='ltr'>ardua</span> <span class='ocrx_word' id='word_1_7' title='bbox 405 159 428 193; x_wconf 90' lang='lat' dir='ltr'>et</span> <span class='ocrx_word' id='word_1_8' title='bbox 446 150 531 195; x_wconf 89' lang='lat' dir='ltr'>montis</span> <span class='ocrx_word' id='word_1_9' title='bbox 546 150 664 195; x_wconf 87' lang='lat' dir='ltr'>ascendere</span> <span class='ocrx_word' id='word_1_10' title='bbox 682 151 796 206; x_wconf 84' lang='lat' dir='ltr'>verticem,</span> <span class='ocrx_word' id='word_1_11' title='bbox 812 150 835 193; x_wconf 92' lang='lat' dir='ltr'>in</span> <span class='ocrx_word' id='word_1_12' title='bbox 857 148 900 192; x_wconf 93' lang='lat' dir='ltr'>hoc</span> 
     </span>
     <span class='ocr_line' id='line_1_3' title="bbox 136 212 897 276; baseline -0.003 -16"><span class='ocrx_word' id='word_1_13' title='bbox 136 213 209 276; x_wconf 86' lang='lat' dir='ltr'>gradu</span> <span class='ocrx_word' id='word_1_14' title='bbox 224 213 314 260; x_wconf 82' lang='lat' dir='ltr'>etiam³²</span> <span class='ocrx_word' id='word_1_15' title='bbox 331 212 391 275; x_wconf 89' lang='lat' dir='ltr'>apud</span> <span class='ocrx_word' id='word_1_16' title='bbox 411 229 464 258; x_wconf 91' lang='lat' dir='ltr'>eum</span> <span class='ocrx_word' id='word_1_17' title='bbox 483 213 599 261; x_wconf 86' lang='lat' dir='ltr'>invenient</span> <span class='ocrx_word' id='word_1_18' title='bbox 616 228 714 274; x_wconf 87' lang='lat' dir='ltr'>congrua</span> <span class='ocrx_word' id='word_1_19' title='bbox 722 221 738 245; x_wconf 78' lang='lat'>³³</span> <span class='ocrx_word' id='word_1_20' title='bbox 754 213 897 259; x_wconf 87' lang='lat' dir='ltr'>monimenta.</span> 
     </span>
     <span class='ocr_line' id='line_1_4' title="bbox 137 278 900 342; baseline -0.005 -17"><span class='ocrx_word' id='word_1_21' title='bbox 137 280 159 325; x_wconf 86' lang='lat' dir='ltr'>Si</span> <span class='ocrx_word' id='word_1_22' title='bbox 170 279 210 342; x_wconf 87' lang='lat' dir='ltr'>qui</span> <span class='ocrx_word' id='word_1_23' title='bbox 221 279 318 341; x_wconf 89' lang='lat' dir='ltr'>denique</span> <span class='ocrx_word' id='word_1_24' title='bbox 329 278 392 339; x_wconf 88' lang='lat' dir='ltr'>signa</span> <span class='ocrx_word' id='word_1_25' title='bbox 406 287 429 323; x_wconf 92' lang='lat' dir='ltr'>et</span> <span class='ocrx_word' id='word_1_26' title='bbox 440 278 546 325; x_wconf 88' lang='lat' dir='ltr'>miracula</span> <span class='ocrx_word' id='word_1_27' title='bbox 561 287 666 340; x_wconf 87' lang='lat' dir='ltr'>querunt,</span> <span class='ocrx_word' id='word_1_28' title='bbox 677 278 746 339; x_wconf 87' lang='lat' dir='ltr'>ipsius</span> <span class='ocrx_word' id='word_1_29' title='bbox 760 279 900 340; x_wconf 82' lang='lat' dir='ltr'>interrogent</span> 
     </span>
     <span class='ocr_line' id='line_1_5' title="bbox 138 343 735 406; baseline -0.003 -16"><span class='ocrx_word' id='word_1_30' title='bbox 138 344 279 390; x_wconf 82' lang='lat' dir='ltr'>sanctitatem</span> <span class='ocrx_word' id='word_1_31' title='bbox 290 352 312 389; x_wconf 87' lang='lat' dir='ltr'>et</span> <span class='ocrx_word' id='word_1_32' title='bbox 323 343 386 405; x_wconf 92' lang='lat' dir='ltr'>quod</span> <span class='ocrx_word' id='word_1_33' title='bbox 394 350 409 373; x_wconf 68' lang='lat'>³⁴</span> <span class='ocrx_word' id='word_1_34' title='bbox 420 344 535 405; x_wconf 90' lang='lat' dir='ltr'>postulant</span> <span class='ocrx_word' id='word_1_35' title='bbox 546 350 735 406; x_wconf 85' lang='lat' dir='ltr'>consequentur.³⁵</span> 
     </span>
    </p>

    <p class='ocr_par' dir='ltr' id='par_1_3' title="bbox 139 406 909 1291">
     <span class='ocr_line' id='line_1_6' title="bbox 188 406 901 471; baseline -0.003 -18"><span class='ocrx_word' id='word_1_36' title='bbox 188 409 219 453; x_wconf 90' lang='lat' dir='ltr'>Et</span> <span class='ocrx_word' id='word_1_37' title='bbox 231 407 324 471; x_wconf 86' lang='lat' dir='ltr'>quidem</span> <span class='ocrx_word' id='word_1_38' title='bbox 339 406 436 469; x_wconf 88' lang='lat' dir='ltr'>gloriosa</span> <span class='ocrx_word' id='word_1_39' title='bbox 447 408 494 454; x_wconf 82' lang='lat' dir='ltr'>vita</span> <span class='ocrx_word' id='word_1_40' title='bbox 509 409 580 470; x_wconf 88' lang='lat' dir='ltr'>ipsius</span> <span class='ocrx_word' id='word_1_41' title='bbox 590 408 691 470; x_wconf 83' lang='lat' dir='ltr'>priorum</span> <span class='ocrx_word' id='word_1_42' title='bbox 709 417 835 453; x_wconf 89' lang='lat' dir='ltr'>sanctorum</span> <span class='ocrx_word' id='word_1_43' title='bbox 852 422 901 468; x_wconf 91' lang='lat' dir='ltr'>per-</span> 
     </span>
     <span class='ocr_line' id='line_1_7' title="bbox 139 470 902 533; baseline -0.003 -16"><span class='ocrx_word' id='word_1_44' title='bbox 139 472 260 518; x_wconf 86' lang='lat' dir='ltr'>fectionem</span> <span class='ocrx_word' id='word_1_45' title='bbox 271 470 368 518; x_wconf 86' lang='lat' dir='ltr'>illustrat</span> <span class='ocrx_word' id='word_1_46' title='bbox 382 470 468 517; x_wconf 91' lang='lat' dir='ltr'>lumine</span> <span class='ocrx_word' id='word_1_47' title='bbox 478 472 590 518; x_wconf 79' lang='lat' dir='ltr'>clariori³⁶</span> <span class='ocrx_word' id='word_1_48' title='bbox 622 472 707 517; x_wconf 78' lang='lat' dir='ltr'>Probat</span> <span class='ocrx_word' id='word_1_49' title='bbox 717 472 760 517; x_wconf 89' lang='lat' dir='ltr'>hoc</span> <span class='ocrx_word' id='word_1_50' title='bbox 771 473 843 533; x_wconf 81' lang='lat' dir='ltr'>passio</span> <span class='ocrx_word' id='word_1_51' title='bbox 854 471 902 515; x_wconf 88' lang='lat' dir='ltr'>iesu</span> 
     </span>
     <span class='ocr_line' id='line_1_8' title="bbox 141 534 904 596; baseline -0.004 -16"><span class='ocrx_word' id='word_1_52' title='bbox 141 536 217 581; x_wconf 89' lang='lat' dir='ltr'>christi</span> <span class='ocrx_word' id='word_1_53' title='bbox 238 544 260 581; x_wconf 89' lang='lat' dir='ltr'>et</span> <span class='ocrx_word' id='word_1_54' title='bbox 281 535 329 580; x_wconf 88' lang='lat' dir='ltr'>eius</span> <span class='ocrx_word' id='word_1_55' title='bbox 350 551 405 580; x_wconf 84' lang='lat' dir='ltr'>crux</span> <span class='ocrx_word' id='word_1_56' title='bbox 426 535 556 596; x_wconf 88' lang='lat' dir='ltr'>plenissime</span> <span class='ocrx_word' id='word_1_57' title='bbox 577 534 736 581; x_wconf 59' lang='lat' dir='ltr'>manifestatas</span> <span class='ocrx_word' id='word_1_58' title='bbox 769 536 858 581; x_wconf 86' lang='lat' dir='ltr'>Revera</span> <span class='ocrx_word' id='word_1_59' title='bbox 879 534 904 578; x_wconf 88' lang='lat' dir='ltr'>in</span> 
     </span>
     <span class='ocr_line' id='line_1_9' title="bbox 141 598 903 663; baseline -0.005 -17"><span class='ocrx_word' id='word_1_60' title='bbox 141 600 242 663; x_wconf 90' lang='lat' dir='ltr'>quinque</span> <span class='ocrx_word' id='word_1_61' title='bbox 260 598 363 662; x_wconf 86' lang='lat' dir='ltr'>partibus</span> <span class='ocrx_word' id='word_1_62' title='bbox 381 600 481 662; x_wconf 90' lang='lat' dir='ltr'>corporis</span> <span class='ocrx_word' id='word_1_63' title='bbox 503 600 610 663; x_wconf 80' lang='lat' dir='ltr'>passionis</span> <span class='ocrx_word' id='word_1_64' title='bbox 632 610 654 647; x_wconf 93' lang='lat' dir='ltr'>et</span> <span class='ocrx_word' id='word_1_65' title='bbox 673 599 769 646; x_wconf 66' lang='lat' dir='ltr'>crucis³⁸,</span> <span class='ocrx_word' id='word_1_66' title='bbox 788 598 903 662; x_wconf 88' lang='lat' dir='ltr'>signaculo</span> 
     </span>
     <span class='ocr_line' id='line_1_10' title="bbox 141 662 904 727; baseline -0.004 -16"><span class='ocrx_word' id='word_1_67' title='bbox 141 675 204 727; x_wconf 89' lang='lat' dir='ltr'>pater</span> <span class='ocrx_word' id='word_1_68' title='bbox 221 663 351 712; x_wconf 89' lang='lat' dir='ltr'>venerabilis</span> <span class='ocrx_word' id='word_1_69' title='bbox 369 674 403 710; x_wconf 92' lang='lat' dir='ltr'>est</span> <span class='ocrx_word' id='word_1_70' title='bbox 417 664 519 727; x_wconf 86' lang='lat' dir='ltr'>signatus</span> <span class='ocrx_word' id='word_1_71' title='bbox 536 682 560 711; x_wconf 88' lang='lat' dir='ltr'>ac</span> <span class='ocrx_word' id='word_1_72' title='bbox 578 665 596 710; x_wconf 92' lang='lat' dir='ltr'>si</span> <span class='ocrx_word' id='word_1_73' title='bbox 614 666 637 711; x_wconf 92' lang='lat' dir='ltr'>in</span> <span class='ocrx_word' id='word_1_74' title='bbox 654 681 717 711; x_wconf 88' lang='lat' dir='ltr'>cruce</span> <span class='ocrx_word' id='word_1_75' title='bbox 735 681 787 711; x_wconf 92' lang='lat' dir='ltr'>cum</span> <span class='ocrx_word' id='word_1_76' title='bbox 804 664 841 711; x_wconf 90' lang='lat' dir='ltr'>dei</span> <span class='ocrx_word' id='word_1_77' title='bbox 856 662 904 708; x_wconf 85' lang='lat' dir='ltr'>filio</span> 
     </span>
     <span class='ocr_line' id='line_1_11' title="bbox 141 728 904 791; baseline -0.003 -17"><span class='ocrx_word' id='word_1_78' title='bbox 141 729 288 790; x_wconf 84' lang='lat' dir='ltr'>pependisset.</span> <span class='ocrx_word' id='word_1_79' title='bbox 323 730 490 775; x_wconf 84' lang='lat' dir='ltr'>Sacramentum</span> <span class='ocrx_word' id='word_1_80' title='bbox 507 730 549 774; x_wconf 91' lang='lat' dir='ltr'>hoc</span> <span class='ocrx_word' id='word_1_81' title='bbox 566 746 674 791; x_wconf 86' lang='lat' dir='ltr'>magnum</span> <span class='ocrx_word' id='word_1_82' title='bbox 685 740 718 775; x_wconf 95' lang='lat' dir='ltr'>est</span> <span class='ocrx_word' id='word_1_83' title='bbox 728 740 751 775; x_wconf 91' lang='lat' dir='ltr'>et</span> <span class='ocrx_word' id='word_1_84' title='bbox 761 728 904 791; x_wconf 86' lang='lat' dir='ltr'>prerogative</span> 
     </span>
     <span class='ocr_line' id='line_1_12' title="bbox 142 790 906 847; baseline -0.004 -9"><span class='ocrx_word' id='word_1_85' title='bbox 142 793 267 839; x_wconf 86' lang='lat' dir='ltr'>dilectionis</span> <span class='ocrx_word' id='word_1_86' title='bbox 286 792 371 838; x_wconf 88' lang='lat' dir='ltr'>indicat</span> <span class='ocrx_word' id='word_1_87' title='bbox 390 792 545 847; x_wconf 80' lang='lat' dir='ltr'>maiestatem3</span> <span class='ocrx_word' id='word_1_88' title='bbox 563 793 602 838; x_wconf 90' lang='lat' dir='ltr'>sed</span> <span class='ocrx_word' id='word_1_89' title='bbox 609 800 624 825; x_wconf 79' lang='lat'>³⁹</span> <span class='ocrx_word' id='word_1_90' title='bbox 641 810 747 838; x_wconf 86' lang='lat' dir='ltr'>arcanum</span> <span class='ocrx_word' id='word_1_91' title='bbox 765 793 789 837; x_wconf 86' lang='lat' dir='ltr'>in</span> <span class='ocrx_word' id='word_1_92' title='bbox 806 808 833 838; x_wconf 91' lang='lat' dir='ltr'>eo</span> <span class='ocrx_word' id='word_1_93' title='bbox 852 790 906 836; x_wconf 81' lang='lat' dir='ltr'>latet</span> 
     </span>
     <span class='ocr_line' id='line_1_13' title="bbox 143 856 907 920; baseline -0.003 -18"><span class='ocrx_word' id='word_1_94' title='bbox 143 856 280 913; x_wconf 88' lang='lat' dir='ltr'>consilium;</span> <span class='ocrx_word' id='word_1_95' title='bbox 299 866 321 902; x_wconf 91' lang='lat' dir='ltr'>et</span> <span class='ocrx_word' id='word_1_96' title='bbox 337 857 485 903; x_wconf 84' lang='lat' dir='ltr'>reverendum</span> <span class='ocrx_word' id='word_1_97' title='bbox 501 858 630 919; x_wconf 82' lang='lat' dir='ltr'>contegitur</span> <span class='ocrx_word' id='word_1_98' title='bbox 647 858 778 920; x_wconf 85' lang='lat' dir='ltr'>mysterium</span> <span class='ocrx_word' id='word_1_99' title='bbox 794 856 882 904; x_wconf 89' lang='lat' dir='ltr'>cuidam</span> <span class='ocrx_word' id='word_1_100' title='bbox 892 864 907 886; x_wconf 66' lang='lat'>⁴⁰</span> 
     </span>
     <span class='ocr_line' id='line_1_14' title="bbox 144 920 907 985; baseline -0.005 -17"><span class='ocrx_word' id='word_1_101' title='bbox 144 922 206 985; x_wconf 89' lang='lat' dir='ltr'>quod</span> <span class='ocrx_word' id='word_1_102' title='bbox 218 921 260 968; x_wconf 92' lang='lat' dir='ltr'>soli</span> <span class='ocrx_word' id='word_1_103' title='bbox 273 920 316 967; x_wconf 89' lang='lat' dir='ltr'>deo</span> <span class='ocrx_word' id='word_1_104' title='bbox 328 921 445 984; x_wconf 86' lang='lat' dir='ltr'>cognitum</span> <span class='ocrx_word' id='word_1_105' title='bbox 458 922 584 978; x_wconf 89' lang='lat' dir='ltr'>credimus;</span> <span class='ocrx_word' id='word_1_106' title='bbox 602 932 624 968; x_wconf 91' lang='lat' dir='ltr'>et</span> <span class='ocrx_word' id='word_1_107' title='bbox 633 938 672 985; x_wconf 89' lang='lat' dir='ltr'>per</span> <span class='ocrx_word' id='word_1_108' title='bbox 683 923 758 985; x_wconf 90' lang='lat' dir='ltr'>ipsum</span> <span class='ocrx_word' id='word_1_109' title='bbox 766 931 869 967; x_wconf 87' lang='lat' dir='ltr'>sanctum</span> <span class='ocrx_word' id='word_1_110' title='bbox 881 936 907 965; x_wconf 79' lang='lat' dir='ltr'>ex</span> 
     </span>
     <span class='ocr_line' id='line_1_15' title="bbox 144 986 908 1049; baseline -0.004 -16"><span class='ocrx_word' id='word_1_111' title='bbox 144 996 206 1049; x_wconf 88' lang='lat' dir='ltr'>parte</span> <span class='ocrx_word' id='word_1_112' title='bbox 214 995 229 1019; x_wconf 80' lang='lat'>⁴²</span> <span class='ocrx_word' id='word_1_113' title='bbox 241 986 374 1034; x_wconf 85' lang='lat' dir='ltr'>revelatum.</span> <span class='ocrx_word' id='word_1_114' title='bbox 407 988 528 1049; x_wconf 84' lang='lat' dir='ltr'>Propterea</span> <span class='ocrx_word' id='word_1_115' title='bbox 545 988 568 1033; x_wconf 91' lang='lat' dir='ltr'>in</span> <span class='ocrx_word' id='word_1_116' title='bbox 582 988 629 1033; x_wconf 91' lang='lat' dir='ltr'>eius</span> <span class='ocrx_word' id='word_1_117' title='bbox 646 988 749 1033; x_wconf 88' lang='lat' dir='ltr'>laudibus</span> <span class='ocrx_word' id='word_1_118' title='bbox 761 1004 807 1033; x_wconf 90' lang='lat' dir='ltr'>non</span> <span class='ocrx_word' id='word_1_119' title='bbox 818 986 908 1047; x_wconf 86' lang='lat' dir='ltr'>expedit</span> 
     </span>
     <span class='ocr_line' id='line_1_16' title="bbox 145 1051 909 1115; baseline -0.004 -17"><span class='ocrx_word' id='word_1_120' title='bbox 145 1052 216 1098; x_wconf 87' lang='lat' dir='ltr'>multa</span> <span class='ocrx_word' id='word_1_121' title='bbox 226 1059 359 1114; x_wconf 62' lang='lat' dir='ltr'>temptarer</span> <span class='ocrx_word' id='word_1_122' title='bbox 370 1052 433 1097; x_wconf 90' lang='lat' dir='ltr'>cuius</span> <span class='ocrx_word' id='word_1_123' title='bbox 441 1051 489 1097; x_wconf 90' lang='lat' dir='ltr'>laus</span> <span class='ocrx_word' id='word_1_124' title='bbox 498 1051 524 1098; x_wconf 90' lang='lat' dir='ltr'>ab</span> <span class='ocrx_word' id='word_1_125' title='bbox 533 1052 583 1115; x_wconf 87' lang='lat' dir='ltr'>ipso</span> <span class='ocrx_word' id='word_1_126' title='bbox 592 1062 633 1110; x_wconf 84' lang='lat' dir='ltr'>est,</span> <span class='ocrx_word' id='word_1_127' title='bbox 642 1052 682 1115; x_wconf 90' lang='lat' dir='ltr'>qui</span> <span class='ocrx_word' id='word_1_128' title='bbox 695 1062 730 1098; x_wconf 89' lang='lat' dir='ltr'>est</span> <span class='ocrx_word' id='word_1_129' title='bbox 741 1052 790 1099; x_wconf 91' lang='lat' dir='ltr'>laus</span> <span class='ocrx_word' id='word_1_130' title='bbox 798 1051 909 1105; x_wconf 76' lang='lat' dir='ltr'>omnium,</span> 
     </span>
     <span class='ocr_line' id='line_1_17' title="bbox 145 1115 909 1178; baseline -0.003 -17"><span class='ocrx_word' id='word_1_131' title='bbox 145 1116 197 1163; x_wconf 86' lang='lat' dir='ltr'>fons</span> <span class='ocrx_word' id='word_1_132' title='bbox 208 1127 230 1163; x_wconf 93' lang='lat' dir='ltr'>et</span> <span class='ocrx_word' id='word_1_133' title='bbox 248 1117 320 1162; x_wconf 91' lang='lat' dir='ltr'>honor</span> <span class='ocrx_word' id='word_1_134' title='bbox 331 1115 468 1162; x_wconf 86' lang='lat' dir='ltr'>fortissimus</span> <span class='ocrx_word' id='word_1_135' title='bbox 481 1117 536 1162; x_wconf 90' lang='lat' dir='ltr'>dans</span> <span class='ocrx_word' id='word_1_136' title='bbox 552 1117 637 1178; x_wconf 89' lang='lat' dir='ltr'>premia</span> <span class='ocrx_word' id='word_1_137' title='bbox 652 1117 715 1163; x_wconf 87' lang='lat' dir='ltr'>lucis.</span> <span class='ocrx_word' id='word_1_138' title='bbox 748 1116 909 1163; x_wconf 89' lang='lat' dir='ltr'>Benedicentes</span> 
     </span>
     <span class='ocr_line' id='line_1_18' title="bbox 145 1180 909 1243; baseline -0.003 -17"><span class='ocrx_word' id='word_1_139' title='bbox 145 1181 215 1243; x_wconf 86' lang='lat' dir='ltr'>igitur</span> <span class='ocrx_word' id='word_1_140' title='bbox 232 1181 302 1227; x_wconf 89' lang='lat' dir='ltr'>deum</span> <span class='ocrx_word' id='word_1_141' title='bbox 319 1190 428 1238; x_wconf 84' lang='lat' dir='ltr'>sanctum,</span> <span class='ocrx_word' id='word_1_142' title='bbox 442 1197 521 1227; x_wconf 89' lang='lat' dir='ltr'>verum</span> <span class='ocrx_word' id='word_1_143' title='bbox 529 1189 544 1213; x_wconf 68' lang='lat'>⁴³</span> <span class='ocrx_word' id='word_1_144' title='bbox 559 1190 582 1225; x_wconf 93' lang='lat' dir='ltr'>et</span> <span class='ocrx_word' id='word_1_145' title='bbox 599 1181 731 1242; x_wconf 82' lang='lat' dir='ltr'>gloriosum,</span> <span class='ocrx_word' id='word_1_146' title='bbox 749 1182 776 1227; x_wconf 89' lang='lat' dir='ltr'>ad</span> <span class='ocrx_word' id='word_1_147' title='bbox 793 1180 909 1227; x_wconf 89' lang='lat' dir='ltr'>historiam</span> 
     </span>
     <span class='ocr_line' id='line_1_19' title="bbox 144 1262 290 1291; baseline 0 -2"><span class='ocrx_word' id='word_1_148' title='bbox 144 1262 290 1291; x_wconf 74' lang='lat' dir='ltr'>recurramus,</span> 
     </span>
    </p>
   </div>
   <div class='ocr_carea' id='block_1_3' title="bbox 90 1455 884 1560">
    <p class='ocr_par' dir='ltr' id='par_1_4' title="bbox 90 1455 884 1560">
     <span class='ocr_line' id='line_1_20' title="bbox 90 1455 884 1508; baseline -0.004 -7"><span class='ocrx_word' id='word_1_149' title='bbox 90 1461 143 1503; x_wconf 75' lang='lat' dir='ltr'>[a-IJ]</span> <span class='ocrx_word' id='word_1_150' title='bbox 174 1458 208 1501; x_wconf 89' lang='lat' dir='ltr'>De</span> <span class='ocrx_word' id='word_1_151' title='bbox 217 1469 307 1501; x_wconf 88' lang='lat' dir='ltr'>summo</span> <span class='ocrx_word' id='word_1_152' title='bbox 316 1456 428 1499; x_wconf 87' lang='lat' dir='ltr'>desiderio</span> <span class='ocrx_word' id='word_1_153' title='bbox 437 1456 497 1499; x_wconf 86' lang='lat' dir='ltr'>beati</span> <span class='ocrx_word' id='word_1_154' title='bbox 507 1456 610 1498; x_wconf 80' lang='lat' dir='ltr'>francisci</span> <span class='ocrx_word' id='word_1_155' title='bbox 619 1472 624 1502; x_wconf 86' lang='lat'>;</span> <span class='ocrx_word' id='word_1_156' title='bbox 639 1460 662 1498; x_wconf 90' lang='lat' dir='ltr'>et</span> <span class='ocrx_word' id='word_1_157' title='bbox 671 1457 768 1508; x_wconf 86' lang='lat' dir='ltr'>qualiter</span> <span class='ocrx_word' id='word_1_158' title='bbox 777 1458 812 1498; x_wconf 82' lang='lat' dir='ltr'>in¹</span> <span class='ocrx_word' id='word_1_159' title='bbox 822 1455 871 1499; x_wconf 86' lang='lat' dir='ltr'>libri</span> <span class='ocrx_word' id='word_1_160' title='bbox 879 1460 884 1478; x_wconf 86' lang='lat'><em>¹</em></span> 
     </span>
     <span class='ocr_line' id='line_1_21' title="bbox 237 1509 812 1560; baseline -0.007 -8"><span class='ocrx_word' id='word_1_161' title='bbox 237 1510 362 1560; x_wconf 83' lang='lat' dir='ltr'>aperitione</span> <span class='ocrx_word' id='word_1_162' title='bbox 371 1510 483 1551; x_wconf 82' lang='lat' dir='ltr'>intellexit</span> <span class='ocrx_word' id='word_1_163' title='bbox 493 1510 521 1550; x_wconf 86' lang='lat' dir='ltr'>de</span> <span class='ocrx_word' id='word_1_164' title='bbox 530 1521 562 1558; x_wconf 79' lang='lat' dir='ltr'>se,</span> <span class='ocrx_word' id='word_1_165' title='bbox 573 1509 657 1549; x_wconf 88' lang='lat' dir='ltr'>domini</span> <span class='ocrx_word' id='word_1_166' title='bbox 666 1510 812 1551; x_wconf 87' lang='lat' dir='ltr'>voluntatem.</span> 
     </span>
    </p>
   </div>
   <div class='ocr_carea' id='block_1_4' title="bbox 147 1598 912 2733">
    <p class='ocr_par' dir='ltr' id='par_1_5' title="bbox 192 1598 910 1682">
     <span class='ocr_line' id='line_1_22' title="bbox 192 1598 910 1682; baseline -0.003 -17"><span class='ocrx_word' id='word_1_167' title='bbox 192 1598 327 1682; x_wconf 73' lang='lat' dir='ltr'>fflempore</span> <span class='ocrx_word' id='word_1_168' title='bbox 349 1619 448 1682; x_wconf 87' lang='lat' dir='ltr'>quodam</span> <span class='ocrx_word' id='word_1_169' title='bbox 470 1618 554 1675; x_wconf 84' lang='lat' dir='ltr'>beatus,</span> <span class='ocrx_word' id='word_1_170' title='bbox 575 1629 597 1663; x_wconf 94' lang='lat' dir='ltr'>et</span> <span class='ocrx_word' id='word_1_171' title='bbox 615 1618 746 1664; x_wconf 82' lang='lat' dir='ltr'>venerabilis</span> <span class='ocrx_word' id='word_1_172' title='bbox 768 1629 830 1681; x_wconf 87' lang='lat' dir='ltr'>pater</span> <span class='ocrx_word' id='word_1_173' title='bbox 849 1616 910 1662; x_wconf 93' lang='lat' dir='ltr'>fran-</span> 
     </span>
    </p>

    <p class='ocr_par' dir='ltr' id='par_1_6' title="bbox 147 1683 912 2440">
     <span class='ocr_line' id='line_1_23' title="bbox 148 1683 910 1744; baseline -0.001 -16"><span class='ocrx_word' id='word_1_174' title='bbox 148 1685 217 1729; x_wconf 88' lang='lat' dir='ltr'>ciscus</span> <span class='ocrx_word' id='word_1_175' title='bbox 236 1684 319 1729; x_wconf 87' lang='lat' dir='ltr'>relictis</span> <span class='ocrx_word' id='word_1_176' title='bbox 338 1683 474 1729; x_wconf 89' lang='lat' dir='ltr'>secularibus</span> <span class='ocrx_word' id='word_1_177' title='bbox 492 1683 569 1741; x_wconf 82' lang='lat' dir='ltr'>turbis,</span> <span class='ocrx_word' id='word_1_178' title='bbox 589 1699 633 1744; x_wconf 92' lang='lat' dir='ltr'>que</span> <span class='ocrx_word' id='word_1_179' title='bbox 652 1684 679 1728; x_wconf 87' lang='lat' dir='ltr'>ad</span> <span class='ocrx_word' id='word_1_180' title='bbox 698 1684 852 1729; x_wconf 84' lang='lat' dir='ltr'>audiendum²</span> <span class='ocrx_word' id='word_1_181' title='bbox 872 1691 910 1727; x_wconf 82' lang='lat' dir='ltr'>et³</span> 
     </span>
     <span class='ocr_line' id='line_1_24' title="bbox 147 1746 909 1811; baseline -0.007 -16"><span class='ocrx_word' id='word_1_182' title='bbox 147 1749 287 1796; x_wconf 79' lang='lat' dir='ltr'>videndum3</span> <span class='ocrx_word' id='word_1_183' title='bbox 299 1764 350 1794; x_wconf 89' lang='lat' dir='ltr'>eum</span> <span class='ocrx_word' id='word_1_184' title='bbox 364 1748 481 1811; x_wconf 82' lang='lat' dir='ltr'>quotidie³</span> <span class='ocrx_word' id='word_1_185' title='bbox 493 1747 637 1795; x_wconf 86' lang='lat' dir='ltr'>devotissime</span> <span class='ocrx_word' id='word_1_186' title='bbox 654 1747 823 1805; x_wconf 88' lang='lat' dir='ltr'>concurrebant,</span> <span class='ocrx_word' id='word_1_187' title='bbox 835 1746 909 1791; x_wconf 89' lang='lat' dir='ltr'>locum</span> 
     </span>
     <span class='ocr_line' id='line_1_25' title="bbox 148 1811 910 1875; baseline -0.004 -16"><span class='ocrx_word' id='word_1_188' title='bbox 148 1814 229 1875; x_wconf 91' lang='lat' dir='ltr'>quietis</span> <span class='ocrx_word' id='word_1_189' title='bbox 246 1823 268 1859; x_wconf 93' lang='lat' dir='ltr'>et</span> <span class='ocrx_word' id='word_1_190' title='bbox 279 1822 389 1858; x_wconf 88' lang='lat' dir='ltr'>secretum</span> <span class='ocrx_word' id='word_1_191' title='bbox 403 1812 531 1857; x_wconf 91' lang='lat' dir='ltr'>solitudinis</span> <span class='ocrx_word' id='word_1_192' title='bbox 542 1812 613 1874; x_wconf 88' lang='lat' dir='ltr'>petiit,</span> <span class='ocrx_word' id='word_1_193' title='bbox 625 1812 717 1873; x_wconf 88' lang='lat' dir='ltr'>cupiens</span> <span class='ocrx_word' id='word_1_194' title='bbox 729 1812 759 1857; x_wconf 94' lang='lat' dir='ltr'>ibi</span> <span class='ocrx_word' id='word_1_195' title='bbox 774 1828 850 1858; x_wconf 88' lang='lat' dir='ltr'>vacare</span> <span class='ocrx_word' id='word_1_196' title='bbox 867 1811 910 1856; x_wconf 92' lang='lat' dir='ltr'>deo</span> 
     </span>
     <span class='ocr_line' id='line_1_26' title="bbox 148 1876 910 1939; baseline -0.004 -16"><span class='ocrx_word' id='word_1_197' title='bbox 148 1887 171 1923; x_wconf 91' lang='lat' dir='ltr'>et</span> <span class='ocrx_word' id='word_1_198' title='bbox 182 1888 302 1939; x_wconf 80' lang='lat' dir='ltr'>extergere,</span> <span class='ocrx_word' id='word_1_199' title='bbox 314 1877 332 1921; x_wconf 90' lang='lat' dir='ltr'>si</span> <span class='ocrx_word' id='word_1_200' title='bbox 344 1877 400 1938; x_wconf 89' lang='lat' dir='ltr'>quid</span> <span class='ocrx_word' id='word_1_201' title='bbox 411 1877 510 1937; x_wconf 85' lang='lat' dir='ltr'>pulveris</span> <span class='ocrx_word' id='word_1_202' title='bbox 522 1877 562 1921; x_wconf 91' lang='lat' dir='ltr'>sibi</span> <span class='ocrx_word' id='word_1_203' title='bbox 575 1892 601 1921; x_wconf 84' lang='lat' dir='ltr'>ex</span> <span class='ocrx_word' id='word_1_204' title='bbox 613 1878 780 1922; x_wconf 87' lang='lat' dir='ltr'>conversatione</span> <span class='ocrx_word' id='word_1_205' title='bbox 791 1876 910 1922; x_wconf 88' lang='lat' dir='ltr'>hominum</span> 
     </span>
     <span class='ocr_line' id='line_1_27' title="bbox 148 1940 910 2003; baseline -0.004 -15"><span class='ocrx_word' id='word_1_206' title='bbox 148 1941 277 1988; x_wconf 90' lang='lat' dir='ltr'>adhesisset.</span> <span class='ocrx_word' id='word_1_207' title='bbox 305 1941 360 1986; x_wconf 85' lang='lat' dir='ltr'>Mos</span> <span class='ocrx_word' id='word_1_208' title='bbox 372 1940 419 1986; x_wconf 91' lang='lat' dir='ltr'>eius</span> <span class='ocrx_word' id='word_1_209' title='bbox 430 1951 476 1986; x_wconf 91' lang='lat' dir='ltr'>erat</span> <span class='ocrx_word' id='word_1_210' title='bbox 487 1951 577 2001; x_wconf 91' lang='lat' dir='ltr'>tempus</span> <span class='ocrx_word' id='word_1_211' title='bbox 589 1941 716 2001; x_wconf 88' lang='lat' dir='ltr'>impensum</span> <span class='ocrx_word' id='word_1_212' title='bbox 725 1940 766 1986; x_wconf 90' lang='lat' dir='ltr'>sibi</span> <span class='ocrx_word' id='word_1_213' title='bbox 777 1942 805 1988; x_wconf 90' lang='lat' dir='ltr'>ad</span> <span class='ocrx_word' id='word_1_214' title='bbox 816 1940 910 2003; x_wconf 83' lang='lat' dir='ltr'>gratiam</span> 
     </span>
     <span class='ocr_line' id='line_1_28' title="bbox 148 2003 910 2068; baseline -0.003 -17"><span class='ocrx_word' id='word_1_215' title='bbox 148 2005 321 2068; x_wconf 86' lang='lat' dir='ltr'>promerendam</span> <span class='ocrx_word' id='word_1_216' title='bbox 348 2004 449 2050; x_wconf 84' lang='lat' dir='ltr'>dividere</span> <span class='ocrx_word' id='word_1_217' title='bbox 471 2014 493 2049; x_wconf 90' lang='lat' dir='ltr'>et</span> <span class='ocrx_word' id='word_1_218' title='bbox 515 2013 583 2066; x_wconf 91' lang='lat' dir='ltr'>prout</span> <span class='ocrx_word' id='word_1_219' title='bbox 605 2014 708 2066; x_wconf 90' lang='lat' dir='ltr'>oportere</span> <span class='ocrx_word' id='word_1_220' title='bbox 730 2004 826 2061; x_wconf 80' lang='lat' dir='ltr'>videbat,</span> <span class='ocrx_word' id='word_1_221' title='bbox 849 2003 910 2049; x_wconf 87' lang='lat' dir='ltr'>aliud</span> 
     </span>
     <span class='ocr_line' id='line_1_29' title="bbox 149 2067 911 2133; baseline -0.003 -17"><span class='ocrx_word' id='word_1_222' title='bbox 149 2071 306 2133; x_wconf 85' lang='lat' dir='ltr'>proximorum</span> <span class='ocrx_word' id='word_1_223' title='bbox 322 2067 389 2116; x_wconf 89' lang='lat' dir='ltr'>lucris</span> <span class='ocrx_word' id='word_1_224' title='bbox 404 2068 614 2133; x_wconf 74' lang='lat' dir='ltr'>impendere„aliud</span> <span class='ocrx_word' id='word_1_225' title='bbox 630 2069 825 2132; x_wconf 89' lang='lat' dir='ltr'>contemplationis</span> <span class='ocrx_word' id='word_1_226' title='bbox 843 2067 911 2115; x_wconf 90' lang='lat' dir='ltr'>beatis</span> 
     </span>
     <span class='ocr_line' id='line_1_30' title="bbox 148 2134 910 2197; baseline -0.004 -15"><span class='ocrx_word' id='word_1_227' title='bbox 148 2136 267 2182; x_wconf 88' lang='lat' dir='ltr'>secessibus</span> <span class='ocrx_word' id='word_1_228' title='bbox 289 2150 426 2181; x_wconf 89' lang='lat' dir='ltr'>consumare.</span> <span class='ocrx_word' id='word_1_229' title='bbox 469 2134 597 2197; x_wconf 84' lang='lat' dir='ltr'>Assumpsit</span> <span class='ocrx_word' id='word_1_230' title='bbox 624 2134 718 2197; x_wconf 89' lang='lat' dir='ltr'>proinde</span> <span class='ocrx_word' id='word_1_231' title='bbox 742 2152 817 2182; x_wconf 86' lang='lat' dir='ltr'>secum</span> <span class='ocrx_word' id='word_1_232' title='bbox 839 2135 910 2180; x_wconf 91' lang='lat' dir='ltr'>socios</span> 
     </span>
     <span class='ocr_line' id='line_1_31' title="bbox 149 2200 910 2263; baseline -0.004 -15"><span class='ocrx_word' id='word_1_233' title='bbox 149 2203 215 2249; x_wconf 90' lang='lat' dir='ltr'>valde</span> <span class='ocrx_word' id='word_1_234' title='bbox 234 2217 320 2263; x_wconf 72' lang='lat' dir='ltr'>paucos</span> <span class='ocrx_word' id='word_1_235' title='bbox 339 2201 421 2262; x_wconf 92' lang='lat' dir='ltr'>quibus</span> <span class='ocrx_word' id='word_1_236' title='bbox 439 2200 487 2245; x_wconf 88' lang='lat' dir='ltr'>eius</span> <span class='ocrx_word' id='word_1_237' title='bbox 503 2201 642 2246; x_wconf 85' lang='lat' dir='ltr'>conversatio</span> <span class='ocrx_word' id='word_1_238' title='bbox 660 2210 735 2245; x_wconf 89' lang='lat' dir='ltr'>sancta</span> <span class='ocrx_word' id='word_1_239' title='bbox 753 2202 824 2262; x_wconf 90' lang='lat' dir='ltr'>magis</span> <span class='ocrx_word' id='word_1_240' title='bbox 843 2216 910 2262; x_wconf 90' lang='lat' dir='ltr'>quam</span> 
     </span>
     <span class='ocr_line' id='line_1_32' title="bbox 149 2263 911 2322; baseline -0.004 -11"><span class='ocrx_word' id='word_1_241' title='bbox 149 2266 228 2312; x_wconf 91' lang='lat' dir='ltr'>ceteris</span> <span class='ocrx_word' id='word_1_242' title='bbox 239 2275 292 2311; x_wconf 90' lang='lat' dir='ltr'>nota</span> <span class='ocrx_word' id='word_1_243' title='bbox 303 2274 354 2322; x_wconf 81' lang='lat' dir='ltr'>erat,</span> <span class='ocrx_word' id='word_1_244' title='bbox 367 2274 393 2309; x_wconf 90' lang='lat' dir='ltr'>ut</span> <span class='ocrx_word' id='word_1_245' title='bbox 409 2274 525 2309; x_wconf 89' lang='lat' dir='ltr'>tuerentur</span> <span class='ocrx_word' id='word_1_246' title='bbox 536 2280 588 2309; x_wconf 91' lang='lat' dir='ltr'>eum</span> <span class='ocrx_word' id='word_1_247' title='bbox 598 2263 625 2310; x_wconf 89' lang='lat' dir='ltr'>ab</span> <span class='ocrx_word' id='word_1_248' title='bbox 642 2264 741 2320; x_wconf 89' lang='lat' dir='ltr'>incursu,</span> <span class='ocrx_word' id='word_1_249' title='bbox 754 2274 776 2310; x_wconf 88' lang='lat' dir='ltr'>et</span> <span class='ocrx_word' id='word_1_250' title='bbox 791 2263 911 2310; x_wconf 87' lang='lat' dir='ltr'>conturba-</span> 
     </span>
     <span class='ocr_line' id='line_1_33' title="bbox 149 2328 912 2391; baseline -0.001 -17"><span class='ocrx_word' id='word_1_251' title='bbox 149 2332 213 2374; x_wconf 88' lang='lat' dir='ltr'>tione</span> <span class='ocrx_word' id='word_1_252' title='bbox 232 2330 351 2374; x_wconf 90' lang='lat' dir='ltr'>hominum</span> <span class='ocrx_word' id='word_1_253' title='bbox 369 2340 392 2373; x_wconf 88' lang='lat' dir='ltr'>et</span> <span class='ocrx_word' id='word_1_254' title='bbox 411 2345 472 2373; x_wconf 91' lang='lat' dir='ltr'>suam</span> <span class='ocrx_word' id='word_1_255' title='bbox 493 2328 592 2389; x_wconf 89' lang='lat' dir='ltr'>quietem</span> <span class='ocrx_word' id='word_1_256' title='bbox 612 2329 636 2371; x_wconf 89' lang='lat' dir='ltr'>in</span> <span class='ocrx_word' id='word_1_257' title='bbox 655 2328 760 2372; x_wconf 89' lang='lat' dir='ltr'>omnibus</span> <span class='ocrx_word' id='word_1_258' title='bbox 777 2329 912 2391; x_wconf 80' lang='lat' dir='ltr'>diligerent⁴</span> 
     </span>
     <span class='ocr_line' id='line_1_34' title="bbox 150 2402 319 2440; baseline 0 -1"><span class='ocrx_word' id='word_1_259' title='bbox 150 2403 188 2440; x_wconf 85' lang='lat' dir='ltr'>ac⁵</span> <span class='ocrx_word' id='word_1_260' title='bbox 199 2402 319 2440; x_wconf 85' lang='lat' dir='ltr'>servarent.</span> 
     </span>
    </p>

    <p class='ocr_par' dir='ltr' id='par_1_7' title="bbox 175 2503 866 2576">
     <span class='ocr_line' id='line_1_35' title="bbox 175 2503 866 2576; baseline -0.012 -8"><span class='ocrx_word' id='word_1_261' title='bbox 175 2535 191 2560; x_wconf 76' lang='lat'>3²</span> <span class='ocrx_word' id='word_1_262' title='bbox 204 2531 232 2569; x_wconf 88' lang='lat' dir='ltr'>H.</span> <span class='ocrx_word' id='word_1_263' title='bbox 241 2539 264 2568; x_wconf 91' lang='lat' dir='ltr'>et.</span> <span class='ocrx_word' id='word_1_264' title='bbox 341 2533 357 2558; x_wconf 80' lang='lat'>³3</span> <span class='ocrx_word' id='word_1_265' title='bbox 371 2531 397 2567; x_wconf 90' lang='lat' dir='ltr'>H.</span> <span class='ocrx_word' id='word_1_266' title='bbox 407 2538 517 2576; x_wconf 76' lang='lat' dir='ltr'>congruente.</span> <span class='ocrx_word' id='word_1_267' title='bbox 546 2529 577 2573; x_wconf 68' lang='lat' dir='ltr'>L..</span> <span class='ocrx_word' id='word_1_268' title='bbox 587 2527 626 2565; x_wconf 80' lang='lat' dir='ltr'>Ox.</span> <span class='ocrx_word' id='word_1_269' title='bbox 635 2528 669 2565; x_wconf 89' lang='lat' dir='ltr'>and</span> <span class='ocrx_word' id='word_1_270' title='bbox 678 2529 708 2565; x_wconf 90' lang='lat' dir='ltr'>W.</span> <span class='ocrx_word' id='word_1_271' title='bbox 718 2525 833 2573; x_wconf 85' lang='lat' dir='ltr'>congruentia.</span> <span class='ocrx_word' id='word_1_272' title='bbox 841 2503 866 2549; x_wconf 35' lang='lat' dir='ltr'>w!</span> 
     </span>
    </p>

    <p class='ocr_par' dir='ltr' id='par_1_8' title="bbox 175 2576 834 2632">
     <span class='ocr_line' id='line_1_36' title="bbox 175 2576 834 2632; baseline -0.011 -13"><span class='ocrx_word' id='word_1_273' title='bbox 175 2587 191 2613; x_wconf 72' lang='grc'>34</span> <span class='ocrx_word' id='word_1_274' title='bbox 205 2583 232 2621; x_wconf 89' lang='lat' dir='ltr'>H.</span> <span class='ocrx_word' id='word_1_275' title='bbox 242 2596 299 2632; x_wconf 87' lang='lat' dir='ltr'>qnam.</span> <span class='ocrx_word' id='word_1_276' title='bbox 389 2583 405 2609; x_wconf 77' lang='lat'>3⁵</span> <span class='ocrx_word' id='word_1_277' title='bbox 419 2582 457 2618; x_wconf 85' lang='lat' dir='ltr'>Ox.</span> <span class='ocrx_word' id='word_1_278' title='bbox 466 2591 582 2630; x_wconf 83' lang='lat' dir='ltr'>assequentur.</span> <span class='ocrx_word' id='word_1_279' title='bbox 678 2578 694 2607; x_wconf 74' lang='lat'>³⁶</span> <span class='ocrx_word' id='word_1_280' title='bbox 708 2577 741 2615; x_wconf 88' lang='lat' dir='ltr'>Os.</span> <span class='ocrx_word' id='word_1_281' title='bbox 751 2576 834 2614; x_wconf 85' lang='lat' dir='ltr'>claritate.</span> 
     </span>
    </p>

    <p class='ocr_par' dir='ltr' id='par_1_9' title="bbox 175 2628 879 2672">
     <span class='ocr_line' id='line_1_37' title="bbox 175 2628 879 2672; baseline -0.01 -1"><span class='ocrx_word' id='word_1_282' title='bbox 175 2639 192 2664; x_wconf 82' lang='lat'>³⁷</span> <span class='ocrx_word' id='word_1_283' title='bbox 205 2637 238 2672; x_wconf 92' lang='lat' dir='ltr'>Os.</span> <span class='ocrx_word' id='word_1_284' title='bbox 247 2635 359 2670; x_wconf 84' lang='lat' dir='ltr'>demonstrat.</span> <span class='ocrx_word' id='word_1_285' title='bbox 398 2632 414 2660; x_wconf 70' lang='lat'>³⁸</span> <span class='ocrx_word' id='word_1_286' title='bbox 428 2635 460 2669; x_wconf 87' lang='lat' dir='ltr'>Os.</span> <span class='ocrx_word' id='word_1_287' title='bbox 469 2632 513 2668; x_wconf 87' lang='lat' dir='ltr'>adds</span> <span class='ocrx_word' id='word_1_288' title='bbox 521 2633 578 2668; x_wconf 86' lang='lat' dir='ltr'>etiam.</span> <span class='ocrx_word' id='word_1_289' title='bbox 617 2635 633 2660; x_wconf 79' lang='lat'>³9</span> <span class='ocrx_word' id='word_1_290' title='bbox 647 2634 679 2668; x_wconf 89' lang='lat' dir='ltr'>Os.</span> <span class='ocrx_word' id='word_1_291' title='bbox 689 2640 712 2667; x_wconf 91' lang='lat' dir='ltr'>et.</span> <span class='ocrx_word' id='word_1_292' title='bbox 750 2633 766 2658; x_wconf 83' lang='lat'>40</span> <span class='ocrx_word' id='word_1_293' title='bbox 780 2630 812 2665; x_wconf 91' lang='lat' dir='ltr'>Os.</span> <span class='ocrx_word' id='word_1_294' title='bbox 822 2628 879 2664; x_wconf 88' lang='lat' dir='ltr'>omits.</span> 
     </span>
    </p>

    <p class='ocr_par' dir='ltr' id='par_1_10' title="bbox 176 2681 848 2733">
     <span class='ocr_line' id='line_1_38' title="bbox 176 2681 848 2733; baseline -0.013 -8"><span class='ocrx_word' id='word_1_295' title='bbox 176 2692 191 2717; x_wconf 79' lang='lat'>41</span> <span class='ocrx_word' id='word_1_296' title='bbox 206 2689 238 2726; x_wconf 85' lang='lat' dir='ltr'>Os.</span> <span class='ocrx_word' id='word_1_297' title='bbox 248 2686 291 2723; x_wconf 87' lang='lat' dir='ltr'>adds</span> <span class='ocrx_word' id='word_1_298' title='bbox 300 2685 374 2723; x_wconf 83' lang='lat' dir='ltr'>cuidam.</span> <span class='ocrx_word' id='word_1_299' title='bbox 452 2687 468 2713; x_wconf 83' lang='lat'>4²</span> <span class='ocrx_word' id='word_1_300' title='bbox 481 2682 508 2722; x_wconf 93' lang='lat' dir='ltr'>H.</span> <span class='ocrx_word' id='word_1_301' title='bbox 518 2692 641 2733; x_wconf 76' lang='lat' dir='ltr'>contemptam.</span> <span class='ocrx_word' id='word_1_302' title='bbox 719 2684 735 2711; x_wconf 81' lang='lat'>4³</span> <span class='ocrx_word' id='word_1_303' title='bbox 749 2681 781 2718; x_wconf 87' lang='lat' dir='ltr'>Os.</span> <span class='ocrx_word' id='word_1_304' title='bbox 791 2681 848 2718; x_wconf 86' lang='lat' dir='ltr'>omits.</span> 
     </span>
    </p>
   </div>
   <div class='ocr_carea' id='block_1_5' title="bbox 175 2733 885 2830">
    <p class='ocr_par' dir='ltr' id='par_1_11' title="bbox 175 2733 885 2830">
     <span class='ocr_line' id='line_1_39' title="bbox 176 2733 885 2781; baseline -0.013 -5"><span class='ocrx_word' id='word_1_305' title='bbox 176 2740 222 2777; x_wconf 83' lang='lat' dir='ltr'>¹L.</span> <span class='ocrx_word' id='word_1_306' title='bbox 232 2738 305 2781; x_wconf 82' lang='lat' dir='ltr'>omits.</span> <span class='ocrx_word' id='word_1_307' title='bbox 347 2736 512 2774; x_wconf 83' lang='lat' dir='ltr'>²Ox.addseum.</span> <span class='ocrx_word' id='word_1_308' title='bbox 552 2737 605 2772; x_wconf 79' lang='lat' dir='ltr'>3Os.</span> <span class='ocrx_word' id='word_1_309' title='bbox 620 2737 676 2772; x_wconf 86' lang='lat' dir='ltr'>omits.</span> <span class='ocrx_word' id='word_1_310' title='bbox 720 2734 774 2770; x_wconf 66' lang='lat'>40³.</span> <span class='ocrx_word' id='word_1_311' title='bbox 784 2733 885 2781; x_wconf 88' lang='lat' dir='ltr'>deligenter.</span> 
     </span>
     <span class='ocr_line' id='line_1_40' title="bbox 175 2791 294 2830; baseline -0.025 0"><span class='ocrx_word' id='word_1_312' title='bbox 175 2793 229 2830; x_wconf 84' lang='lat' dir='ltr'>⁵Os.</span> <span class='ocrx_word' id='word_1_313' title='bbox 238 2791 294 2829; x_wconf 86' lang='lat' dir='ltr'>omits.</span> 
     </span>
    </p>
   </div>
   <div class='ocr_carea' id='block_1_6' title="bbox 0 0 982 3169">
    <p class='ocr_par' dir='ltr' id='par_1_12' title="bbox 0 0 982 3169">
     <span class='ocr_line' id='line_1_41' title="bbox 0 0 982 3169; baseline 0 0"><span class='ocrx_word' id='word_1_314' title='bbox 0 0 982 3169; x_wconf 95' lang='lat' dir='ltr'> </span> 
     </span>
    </p>
   </div>
  </div>
 </body>
</html>
