1919 3169
196 439 421 491 LEGENDA
461 439 693 488 GREGORII

133 810 314 884 INDEX
359 806 760 883 CAPITULORUM

339 1049 464 1112 [nuruum
478 1048 560 1113 orus]

66 1257 165 1277 PARAGRAPHO

207 1290 306 1327 Pnouoeus

208 1358 287 1408 Qualiter
296 1366 405 1396 conversatus
414 1360 435 1395 sit
443 1360 461 1395 in
469 1359 529 1395 habitu
537 1370 555 1396 et
564 1361 621 1396 animo
630 1360 701 1397 seculari
749 1390 753 1398 .

210 1428 289 1478 Qualiter
298 1429 341 1466 deus
350 1429 424 1466 visitavit
434 1441 463 1465 cor
472 1430 508 1466 eius
517 1442 546 1479 per
556 1431 632 1480 corporis
639 1430 755 1468 infirmitatem

258 1499 276 1525 et
284 1497 385 1525 nocturnam
394 1489 476 1525 visionem

209 1558 288 1608 Qualiter
302 1567 365 1603 mente,
380 1558 410 1595 sed
423 1571 457 1595 non
471 1571 543 1608 corpore
556 1569 630 1597 mutatus
643 1561 665 1598 de
676 1563 755 1599 thesauro

258 1620 328 1656 invento
336 1627 354 1653 et
363 1631 424 1666 sponsa
433 1617 525 1664 allegorice
534 1618 634 1668 loquebatur
693 1648 697 1656 .
751 1649 755 1657 .

208 1688 274 1727 Modus
284 1688 400 1725 conversionis

212 1757 291 1807 Qualiter
304 1756 378 1794 venditis
395 1756 479 1803 omnibus,
493 1757 583 1807 pecuniam
600 1765 696 1808 susceptam
713 1771 756 1795 con-

259 1817 329 1867 tempsit
348 1843 756 1856 ........

210 1884 289 1932 Qualiter
298 1893 345 1933 pater
354 1885 389 1919 eius
397 1897 500 1934 persequens
509 1883 568 1932 ligavit
577 1896 617 1920 eum
636 1911 640 1920 .
693 1910 698 1919 .

210 1950 290 1999 Qualiter
305 1960 359 1987 mater
377 1951 412 1986 eius
430 1950 481 1988 solvit
498 1965 549 1995 eum3
565 1959 582 1986 et
598 1951 686 2001 quomodo
699 1964 758 1988 coram

260 2012 342 2062 episcopo
354 2011 408 2048 assisii
421 2024 439 2047 se
451 2010 545 2049 denudavit
577 2040 582 2050 .
635 2040 640 2049 ,
692 2039 697 2048 .
751 2039 755 2049 .

211 2080 290 2128 Qualiter
299 2094 309 2117 a
318 2079 411 2116 latronibus
421 2089 480 2128 captus
488 2081 575 2129 projectus
584 2078 617 2115 fuit
625 2081 643 2115 in
655 2080 712 2116 nivem
720 2095 725 2125 ς
739 2088 757 2115 et

261 2139 349 2189 quomodo
358 2140 427 2176 servivit
436 2138 506 2188 leprosis
521 2166 756 2177 .....

212 2207 308 2255 Quomodo
321 2207 418 2244 construxit
431 2205 522 2243 ecclesiam
536 2207 589 2242 sancti
604 2206 690 2250 damiani;
704 2215 722 2242 et
736 2207 758 2243 de

262 2266 391 2303 conversatione
398 2265 505 2302 dominarum
514 2266 531 2301 in
540 2264 602 2302 eodem
611 2263 651 2302 loco
660 2264 758 2312 degentium

214 2333 315 2381 Quomodo,
333 2342 400 2369 mutato
421 2332 487 2376 habitu,
507 2330 568 2369 refecit
588 2331 679 2368 ecclesiam
700 2341 758 2369 sancte

262 2394 315 2430 marie
329 2394 347 2430 in
360 2392 468 2443 portiuncula
481 2402 499 2429 et
514 2392 572 2429 audito
586 2392 681 2441 evangelio,
695 2392 759 2429 relictis

263 2454 347 2497 omnibus,
360 2454 445 2498 habitum,
457 2466 508 2503 quem
521 2452 581 2489 fratres
594 2453 663 2499 habent,
673 2453 759 2490 adinvenit

263 2521 281 2549 et
293 2512 335 2548 fecit
351 2538 758 2550 ........

214 2580 244 2617 De
253 2580 370 2628 predicatione
379 2579 463 2626 evangelii
472 2588 489 2614 et
497 2580 625 2615 annuntiatione
633 2580 692 2628 pacis3
702 2588 719 2614 et
728 2591 759 2614 seir

264 2640 356 2689 primorum
364 2637 435 2675 fratrum
445 2639 556 2675 conversione
583 2664 587 2674 .
641 2665 645 2673 .

214 2704 245 2742 De
254 2705 314 2756 spiritu
322 2706 412 2755 prophetie
421 2715 438 2742 et
447 2706 516 2742 monitis
525 2706 579 2742 sancti
587 2704 668 2742 francisci
699 2734 703 2742 .

217 2774 312 2821 Quomodo
321 2773 367 2809 misit
375 2786 405 2809 eos
414 2773 463 2809 binos
476 2784 505 2822 per
515 2773 596 2810 mundum
605 2774 648 2809 etin
657 2773 705 2810 brevi
716 2782 761 2809 tem·

265 2846 307 2881 pore
315 2834 377 2868 iterum
386 2833 485 2879 congregati
494 2842 532 2868 sunt
584 2862 587 2870 .

450 2900 464 2931 A
