1919 3169
345 88 525 137 nruncuan
767 102 809 149 129

50 187 128 233 cecidit
147 188 170 232 in
189 186 335 248 profundum.
375 185 450 243 Quem
464 185 570 234 ,fluminis
593 184 690 243 impetus
713 183 811 229 celeriter

49 267 137 307 vorans,
159 251 200 296 sub
223 250 300 296 sabulo
322 258 440 294 mortuum
462 248 572 309 sepelivit.
619 247 811 293 Proclamantibus

50 315 126 378 pueris
145 316 184 380 qui
204 331 255 361 cum
273 330 299 360 eo
319 311 438 360 alluserunt
456 312 514 359 circa
533 313 627 371 flumen,
644 312 687 358 viri
707 311 772 357 multi
788 321 811 358 et

50 380 152 425 mulieres
164 380 192 425 ad
202 381 278 425 locum
295 378 403 424 velociter
420 388 575 434 accesserunt;
592 378 661 432 etde
679 393 729 422 casu
747 378 811 438 pueri

50 444 131 502 edocti,
154 443 258 488 flebiliter
280 439 459 503 proclamabant:
487 443 566 487 Sancte
594 441 717 497 Francisce,
741 441 811 486 redde

50 524 147 570 puerum
166 508 223 568 patri
241 516 263 550 et
281 522 329 560 avo,
347 504 444 550 servitiis
461 505 622 560 desudantibus
639 506 691 551 tuis.
725 505 812 550 Revera

49 582 112 635 pater
135 581 157 617 et
178 587 233 618 avus
255 570 318 632 pueri
336 570 360 615 in
380 569 475 631 quadarn
495 571 586 617 ecclesia
605 571 628 617 in
648 571 733 617 honore
752 567 811 615 beati

51 636 160 682 Francisci
173 645 302 682 constructa
318 651 359 696 pro
375 650 439 695 posse
455 652 496 680 suo
511 635 669 688 deservierant.
704 636 810 698 Cumque

49 702 164 747 universus
175 699 272 761 populus
283 699 411 760 suppliciter
419 710 441 745 et
449 699 531 757 devote
540 701 618 746 merita
629 700 687 746 beati
699 699 810 746 Francisci

49 766 170 818 invocaret,
182 772 270 808 natator
281 763 372 826 quidam
388 762 465 824 procul
481 773 560 822 astans,
573 763 708 809 clamoribus
719 762 810 820 auditis,

50 830 146 877 accessit.
189 829 221 874 Et
242 838 358 890 comperto
380 838 432 888 post
453 828 544 891 longam
566 830 644 875 horam
666 846 764 892 puerum
786 829 810 874 in

50 895 142 940 flumine
154 893 268 947 cecidisse,
281 894 383 938 invocato
396 893 481 940 Christi
493 895 585 939 nomine
596 905 618 939 et
629 893 686 940 beati
698 894 809 940 Francisci

50 959 140 1015 meritis
161 957 269 1018 depositis
288 956 395 1013 vestibus,
414 973 438 1002 se
457 958 544 1003 nudum
564 959 654 1003 iactavit
672 958 696 1003 in
716 958 807 1005 flumen.

50 1023 96 1082 Qui
107 1037 159 1067 cum
170 1022 254 1076 locum,
267 1020 306 1065 ubi
318 1036 373 1081 puer
384 1020 500 1075 ceciderat,
512 1022 601 1082 penitus
618 1023 737 1083 ignoraret,
750 1023 810 1084 ripas

49 1096 71 1131 et
83 1085 180 1131 fundum
199 1084 299 1131 fluminis
318 1085 361 1129 huc
379 1095 401 1129 et
419 1083 471 1130 illuc
489 1086 547 1148 cepit
561 1084 655 1131 sollicite
666 1086 807 1149 perscrutari.

48 1150 151 1196 Tandem
162 1149 278 1196 voluntate
296 1149 371 1195 divina
389 1149 465 1195 locum
484 1150 578 1206 invenit,
597 1150 619 1196 in
637 1167 683 1214 quo
701 1151 769 1198 limus
785 1152 808 1198 in

49 1216 143 1262 modum
154 1214 265 1277 sepulchri
278 1214 341 1277 pueri
352 1213 444 1260 cadaver
455 1213 577 1262 obtexerat.
611 1216 686 1277 Quem
699 1210 809 1263 effodiens

49 1290 71 1324 et
88 1290 149 1325 extra
165 1289 289 1341 reportans,
302 1278 380 1325 dolens
397 1278 530 1324 defunctum
548 1281 653 1340 inspexit.
687 1282 742 1326 Sane
758 1281 809 1327 licet

48 1343 145 1405 populus
164 1343 202 1407 qui
221 1342 305 1389 astabat
327 1343 412 1389 videret
431 1353 549 1389 mortuum
571 1343 685 1402 iuvenem,
707 1344 763 1391 flens
785 1356 808 1391 et

49 1408 133 1454 eiulans
150 1408 310 1454 nichilominus
326 1407 491 1470 proclamabat:
511 1409 589 1455 Sancte
605 1408 727 1467 Francisce‚
739 1410 809 1457 redde

48 1489 144 1534 puerum
166 1474 224 1534 patri
246 1489 294 1519 suo.
339 1473 420 1518 Beatus
443 1473 581 1528 Franciscus,
603 1473 660 1520 sicut
679 1491 706 1520 ex
727 1469 808 1521 effectu

48 1538 157 1597 apparuit,
169 1537 290 1583 devotione
306 1537 385 1597 populi
402 1546 424 1581 et
440 1536 544 1598 precibus
560 1548 700 1599 provocatus,
712 1554 808 1599 puerum

48 1610 164 1646 mortuum
176 1601 283 1646 continuo
295 1600 416 1645 suscitavit.
450 1600 560 1662 Quicum
572 1601 677 1660 omnibus
687 1601 807 1649 letantibus

48 1666 128 1726 pariter
148 1677 170 1711 et
189 1665 323 1711 mirantibus
343 1665 480 1723 surrexisset,
500 1666 584 1727 portari
604 1682 626 1712 se
645 1667 673 1714 ad
692 1667 806 1714 ecclesiam

48 1730 105 1776 beati
125 1731 235 1777 Francisci
258 1730 388 1794 suppliciter
410 1730 541 1794 postulavit,
564 1730 627 1779 cuius
650 1749 673 1779 se
695 1733 806 1780 iuraverat

47 1805 117 1855 grana
132 1797 271 1841 suscitatum.

94 1858 120 1904 ln
140 1859 229 1907 civitate
244 1859 329 1915 Suessa,
345 1857 368 1903 in
385 1857 434 1905 vico
451 1858 490 1922 qui
507 1857 544 1906 Ad
561 1856 699 1922 Columpnas
714 1859 806 1920 dicitur,

47 1923 170 1971 animarum
185 1926 288 1987 perditor
299 1934 321 1969 et
335 1940 456 1985 corporum
472 1924 603 1970 interfector
615 1925 724 1986 dyabolus
735 1943 807 1988 quan-

47 1987 98 2033 dam
109 1989 204 2036 domum
215 1989 285 2035 diruit
297 1998 319 2035 et
334 1987 450 2035 subvertit,
485 1989 545 2034 Nam
557 2005 609 2033 cum
620 1990 705 2035 multos
716 2007 806 2051 pueros,

47 2051 86 2111 qui
98 2054 153 2099 circa
163 2054 255 2099 eandem
267 2054 361 2099 domum
373 2051 497 2112 puerilibus
507 2053 594 2098 lusibus
605 2052 740 2110 alludebant,
748 2055 807 2115 peri-

48 2130 107 2161 mere
116 2117 231 2174 niteretur,
240 2134 312 2163 unum
323 2126 411 2162 tanturn
422 2115 537 2162 absorbuit
544 2116 656 2175 iuvenem,
664 2134 732 2180 quem
739 2135 806 2165 ruens

47 2179 128 2227 domus
146 2183 221 2228 subito
238 2181 354 2228 interfecit.
387 2181 437 2226 Viri
455 2191 479 2228 et
495 2181 606 2237 mulieres,
622 2179 708 2227 ruentis
725 2184 807 2230 domus

48 2245 121 2291 sonitu
131 2248 227 2303 excitati,
239 2247 340 2308 undique
352 2257 499 2299 cucurrerunt
510 2265 516 2301 ;
534 2258 555 2292 et
566 2246 676 2291 elevantes
687 2247 739 2294 hinc
754 2249 806 2295 inde

46 2306 112 2370 ligna,
134 2311 213 2356 misere
234 2311 300 2355 matri
322 2319 439 2354 mortuum
464 2309 534 2354 filium
554 2309 708 2355 reddiderunt.
752 2312 806 2365 Que

46 2370 124 2420 faciem
140 2376 255 2439 crinesque
271 2374 386 2430 dilanians,
403 2374 544 2420 amarissimis
559 2374 642 2435 repleta
662 2374 806 2438 singultibus,

46 2435 186 2487 lacrimarum
213 2440 297 2488 rivulos
324 2440 426 2495 educens,
451 2440 509 2485 sicut
533 2450 626 2501 poterat,
654 2440 804 2488 acclamabat:

48 2502 125 2549 Sancte
136 2505 259 2562 Francisce,
271 2515 345 2550 sancte
356 2504 479 2559 Francisce‚
493 2504 560 2549 redde
572 2504 627 2548 mihi
638 2504 710 2550 filium
722 2523 805 2552 meum.

47 2565 100 2612 Non
116 2570 190 2615 solum
207 2580 282 2616 autem
298 2568 347 2623 ista,
359 2568 397 2613 sed
409 2577 431 2613 et
448 2567 577 2630 omnesqui
594 2567 684 2630 aderant
700 2579 746 2616 tarn
763 2571 805 2617 viri
812 2585 851 2624 F01,
862 2589 901 2635 51¹⁰

47 2645 113 2692 quarn
129 2635 233 2681 mulieres
249 2649 322 2680 amare
339 2632 429 2690 flebant,
445 2632 559 2679 dicentes:
583 2632 661 2679 Sancte
684 2634 805 2691 Francisce,

46 2696 113 2743 redde
128 2699 200 2745 filium
215 2699 293 2745 misere
306 2696 380 2743 matri.
414 2697 490 2743 Mater
504 2707 555 2760 post
568 2697 645 2742 horam
660 2709 730 2745 atam
744 2699 806 2762 gravi

47 2758 123 2807 dolore
133 2764 248 2825 respirans,
262 2764 319 2809 inse
334 2778 428 2816 reversa,
439 2762 482 2808 tale
497 2773 576 2807 votum
593 2762 681 2809 emisit:
700 2765 722 2810 O
734 2775 807 2810 sancte

47 2823 168 2887 Francisce‚
181 2828 250 2874 redde
266 2826 321 2873 mihi
338 2826 460 2871 miserrime
477 2844 553 2872 meum
569 2825 676 2872 dilectum
692 2827 772 2885 filium,
784 2840 806 2874 et

419 2907 427 2936 1
