1919 3169
138 35 167 77 80
349 17 508 76 Lanuuini
526 29 684 75 oaueouu

135 125 189 172 satis
200 127 244 172 iam
258 124 365 187 inciperet
376 124 463 170 dilatari
478 134 500 170 et
511 124 579 171 velud
590 124 670 171 cedrus
680 124 704 170 in
715 126 818 186 paradiso
829 126 865 173 dei
876 125 899 170 in

135 191 253 238 celestibus
260 200 388 236 sanctorum
399 188 516 235 attolleret·
524 190 631 235 verticem
642 190 793 248 meritorum
809 201 831 237 et
842 201 900 236 tam-

138 273 207 319 quam
218 257 283 303 vinea
293 254 362 301 electa
372 270 443 300 sacros
454 254 588 314 produceret
599 253 701 316 palmites
717 255 740 300 in
757 254 900 302 latitudinem

137 321 198 367 orbis
210 331 277 378 terre,
288 329 376 365 sanctus
387 317 508 364 franciscus
519 319 608 365 accessit
624 318 651 364 ad
668 319 809 365 dominum²³
821 336 900 382 papam

137 385 265 441 honorium,
277 384 317 444 qui
333 398 424 429 romane
440 392 495 428 tunc
512 392 597 445 preerat
614 382 711 442 ecclesie,
725 385 821 446 supplici
838 400 902 446 prece

137 460 214 511 petens
229 446 256 492 ab
272 464 307 505 eo,
319 456 346 493 ut
361 446 482 493 dominum
497 447 612 509 hugonem
623 447 753 509 episcopum
766 449 901 495 hostiensem

136 515 170 562 sui
182 512 324 574 fratrumque
335 527 436 569 suorum,
448 521 535 574 patrem
546 522 569 558 et
580 510 697 559 dominum
709 513 829 560 ordinaret.

186 578 276 624 Annuit
294 577 400 623 dominus
419 592 475 639 papa
494 576 596 639 precibus
615 578 684 624 sancti
704 588 726 624 et
748 578 843 641 benigne
862 577 903 623 ob-

137 654 264 702 temperans
274 657 337 686 suam
348 640 380 685 illi
392 657 459 701 super
469 642 573 687 ordinem
587 641 683 686 fratrum
699 642 796 688 contulit
805 653 902 702 potesta-

137 717 191 752 tem.
226 703 303 757 Quam
319 703 357 750 ille
372 712 499 749 reverenter
514 712 537 749 et
553 704 634 750 devote
650 705 770 767 suscipiens
786 716 902 768 tamquam

137 770 209 817 fidelis
237 784 314 816 servus
336 778 358 815 et
379 768 478 829 prudens
501 769 660 815 constitutus²4
686 786 753 833 super
773 769 903 816 familiam²⁵

139 834 225 883 domini
248 832 358 888 studebat,
375 833 448 880 modis
470 832 582 889 omnibus
600 834 676 881 cibum
695 845 772 881 eterne
794 835 840 883 vite
862 835 902 881 sibi

140 899 270 958 commissis,
287 899 411 945 ministrare
433 898 456 944 in
475 908 577 961 tempore
596 910 732 961 opportuno.
773 901 903 963 Propterea,

139 975 228 1012 sanctus
247 975 316 1026 pater,
327 964 401 1009 modis
418 963 530 1021 omnibus,
547 980 571 1009 se
587 964 717 1011 subiiciebat
734 966 754 1011 ei
765 976 787 1011 et
802 966 860 1011 miro
879 983 903 1011 ac

141 1029 252 1074 reverenti
269 1044 322 1073 eum
339 1027 485 1074 venerabatur
502 1028 607 1085 aflectu,²5
618 1028 699 1089 spiritu
719 1029 755 1076 dei
772 1029 904 1087 ducebatur,

141 1110 188 1157 quo
198 1092 296 1154 repletus
314 1101 378 1149 erat3
394 1099 417 1136 et
432 1089 484 1137 ideo
494 1089 561 1153 longe
574 1100 625 1137 ante
640 1092 769 1138 intuebatur
780 1094 842 1157 quod
854 1103 905 1155 post

143 1158 238 1206 modum
250 1166 296 1203 erat
307 1156 331 1202 in
343 1156 413 1202 oculis
424 1156 527 1201 omnium
538 1156 569 1200 sic
580 1155 691 1202 futurum.

190 1224 250 1269 Nam
272 1221 377 1285 quotiens
396 1219 510 1266 familiaris
531 1219 645 1283 religionis
665 1232 758 1284 urgente
780 1238 849 1278 causa,
870 1223 905 1268 vel

142 1289 219 1350 potius
231 1285 336 1332 charitate
353 1285 436 1342 christi,
453 1301 497 1346 qua
512 1301 565 1347 erga
580 1286 655 1347 ipsum
672 1286 785 1349 flagrabat,
803 1296 906 1349 cogente,

143 1352 237 1397 scribere
248 1350 317 1396 vellet
333 1350 361 1405 ei,
379 1365 521 1411 nequaquam
538 1349 690 1410 acquiescebat
706 1352 780 1412 ipsum
791 1353 815 1396 in
826 1352 906 1398 litteris

141 1417 186 1462 suis
196 1415 271 1464 vocari
282 1414 414 1476 episcopum
430 1413 573 1469 hostiensem,
586 1430 624 1459 seu
631 1421 646 1445 ²⁷
663 1415 837 1471 veletrensem,²8
848 1415 906 1460 sicut

144 1481 210 1528 ceteri
233 1478 353 1526 utebantur
370 1478 394 1524 in
411 1477 582 1524 salutationibus
601 1481 720 1537 consuetis,
737 1481 777 1525 sed
793 1491 906 1542 assumpta

144 1546 242 1600 materia,
264 1544 296 1588 sic
317 1542 404 1588 aiebat:
447 1543 508 1587 Patri
529 1544 716 1599 reverentissimo,
738 1546 792 1599 sive,
811 1546 906 1591 domino

143 1611 229 1672 hugoni
238 1609 308 1655 totius
316 1607 395 1653 mundi
404 1607 515 1668 episcopo¹
543 1608 600 1669 Sepe
607 1624 705 1671 namque
713 1608 907 1655 benedictionibus

143 1673 249 1720 inauditis
262 1670 372 1716 salutabat
383 1686 449 1725 eum3
467 1680 489 1715 et
497 1679 513 1701 ²⁹
528 1670 580 1716 licet
598 1682 656 1716 esset
671 1673 753 1718 devota
769 1674 907 1718 subiectione

144 1739 209 1795 filius,
221 1738 320 1782 dictante
331 1746 405 1780 tamen
416 1734 502 1795 spiritu,
515 1734 651 1797 quandoque
665 1737 739 1797 ipsum
750 1746 842 1797 paterno
854 1753 907 1781 con-

143 1803 254 1849 solabatur
265 1800 386 1863 colloquio,
398 1809 424 1844 ut
433 1797 570 1845 confortaret
578 1816 644 1861 super
652 1817 705 1846 eum
713 1800 883 1848 benedictiones
892 1810 907 1834 ³⁰

144 1878 241 1929 patrum,
252 1865 324 1910 donec
335 1865 421 1909 veniret
431 1863 566 1909 desiderium
577 1864 669 1910 collium
676 1873 691 1897 ³¹
706 1876 842 1912 eternorum.

192 1931 271 1976 Nimio
289 1944 380 1991 quoque
401 1943 476 1972 amore
495 1928 593 1973 dictus³²
611 1929 717 1975 dominus
735 1946 787 1993 erga
805 1940 907 1975 sanctum

145 1997 217 2042 virum
237 1992 360 2055 flagrabat3
379 2001 401 2036 et
418 1990 469 2036 ideo
489 1991 599 2054 quidquid
619 1992 695 2039 beatus
714 1993 749 2039 vir
767 1993 907 2055 loquebatur,

145 2058 257 2124 quidquid
273 2056 365 2102 faciebat
382 2055 481 2116 placebat
498 2056 517 2101 ei
533 2066 555 2101 et
574 2058 596 2101 in
613 2058 659 2103 sola
676 2058 763 2103 visione
779 2059 838 2104 illius
857 2076 908 2120 sepe

145 2136 208 2172 totus
224 2121 367 2169 afficiebatur.
375 2128 390 2151 ³³
423 2118 530 2165 Testatur
546 2121 593 2183 ipse
610 2122 688 2178 deco,
705 2122 768 2185 quod
785 2138 908 2186 numquam

145 2191 169 2235 in
181 2198 242 2235 tanta
258 2197 315 2233 esset
331 2202 371 2248 per
382 2184 536 2240 turb'atione‚³4
553 2202 591 2232 seu
607 2187 676 2234 animi
693 2189 813 2246 motu,³⁵’36
824 2189 909 2250 quod³⁷

145 2255 168 2300 in
195 2253 283 2299 visione
304 2267 328 2296 ac
347 2249 497 2294 collocutione
519 2251 589 2295 sancti
610 2250 712 2297 francisci
736 2268 802 2296 omne
827 2253 910 2297 mentis

145 2317 249 2362 nubilum
267 2329 313 2358 non
329 2313 477 2357 discederet38
496 2314 624 2375 rediretque
642 2331 754 2371 serenum,
771 2316 909 2376 effugaretur

144 2380 226 2427 accidia
237 2387 259 2423 et
269 2377 380 2441 gaudium
391 2377 487 2437 desuper
497 2377 609 2437 aspiraret.

183 2507 198 2531 ²³
208 2504 241 2540 Os.
250 2502 308 2539 omits.
436 2503 451 2528 ²4
461 2499 485 2537 L.
495 2499 538 2536 adds
547 2511 579 2537 est.
708 2503 723 2530 ²5
733 2503 765 2539 Os.
775 2502 818 2539 adds
828 2516 880 2540 suam.

184 2553 200 2578 ²⁶
209 2554 236 2592 H.
246 2563 352 2590 inornatus.
420 2553 435 2580 27
445 2552 477 2591 Os.
487 2552 530 2588 adds
540 2553 597 2591 etiam.
675 2551 691 2574 ²⁸
701 2553 725 2591 L.
734 2563 836 2592 netrensem.

184 2610 200 2635 29
209 2606 247 2642 Ox.
257 2605 309 2641 omits
317 2613 335 2640 et
344 2602 385 2639 licet
399 2630 403 2638 .
418 2629 423 2638 .
437 2628 441 2637 .
455 2615 505 2652 super
515 2616 559 2639 eum.
637 2607 653 2630 3⁰
663 2607 695 2640 Os
704 2606 859 2642 benedictionibus.

183 2661 199 2687 3¹
208 2656 240 2694 W.
250 2655 350 2705 colloqium.
378 2655 402 2692 L.
412 2653 543 2704 colloquiorum.
670 2659 685 2683 3²
696 2657 728 2693 Os.
738 2656 806 2694 ductus.

184 2713 199 2739 33
209 2710 242 2747 Os.
251 2707 362 2746 efficiebatur.
440 2709 457 2735 34
466 2706 493 2743 H.
503 2708 546 2743 adds
555 2708 619 2744 cordis.
696 2710 712 2736 ³⁵
721 2708 749 2746 H.
759 2711 816 2746 omits.

184 2761 199 2790 ³⁶
210 2764 234 2799 L.
244 2761 286 2797 adds
295 2770 345 2797 esser.
397 2762 413 2787 ³7
422 2757 449 2796 H.
459 2760 506 2808 quin.
558 2759 574 2787 ³⁸
583 2759 611 2803 Ρ.,
622 2762 659 2797 Ox.
669 2763 702 2797 and
713 2762 746 2806 H„
756 2762 859 2800 discederet.
