<?xml version="1.0" encoding="UTF-8"?>
<!DOCTYPE html PUBLIC "-//W3C//DTD XHTML 1.0 Transitional//EN"
    "http://www.w3.org/TR/xhtml1/DTD/xhtml1-transitional.dtd">
<html xmlns="http://www.w3.org/1999/xhtml" xml:lang="en" lang="en">
 <head>
  <title>
</title>
<meta http-equiv="Content-Type" content="text/html;charset=utf-8" />
  <meta name='ocr-system' content='tesseract 3.04.00' />
  <meta name='ocr-capabilities' content='ocr_page ocr_carea ocr_par ocr_line ocrx_word'/>
</head>
<body>
  <div class='ocr_page' id='page_1' title='image "./MN5146ucmf_4_0310.png"; bbox 0 0 1919 3169; ppageno 0'>
   <div class='ocr_carea' id='block_1_1' title="bbox 165 57 740 117">
    <p class='ocr_par' dir='ltr' id='par_1_1' title="bbox 165 57 740 117">
     <span class='ocr_line' id='line_1_1' title="bbox 165 57 740 117; baseline 0.005 -15"><span class='ocrx_word' id='word_1_1' title='bbox 165 71 194 117; x_wconf 85' lang='lat'>32</span> <span class='ocrx_word' id='word_1_2' title='bbox 347 57 548 104; x_wconf 80' lang='lat' dir='ltr'><strong>TRACTATUS</strong></span> <span class='ocrx_word' id='word_1_3' title='bbox 566 57 740 105; x_wconf 87' lang='lat' dir='ltr'>SECUNDUS</span> 
     </span>
    </p>
   </div>
   <div class='ocr_carea' id='block_1_2' title="bbox 164 152 933 1051">
    <p class='ocr_par' dir='ltr' id='par_1_2' title="bbox 164 152 932 472">
     <span class='ocr_line' id='line_1_2' title="bbox 164 152 931 217; baseline 0.001 -19"><span class='ocrx_word' id='word_1_4' title='bbox 164 152 288 214; x_wconf 85' lang='lat' dir='ltr'>respondit,</span> <span class='ocrx_word' id='word_1_5' title='bbox 305 153 396 198; x_wconf 88' lang='lat' dir='ltr'>dicens:</span> <span class='ocrx_word' id='word_1_6' title='bbox 419 154 549 198; x_wconf 90' lang='lat' dir='ltr'>Petrosillos</span> <span class='ocrx_word' id='word_1_7' title='bbox 566 154 658 198; x_wconf 74' lang='lat' dir='ltr'>cottidie</span> <span class='ocrx_word' id='word_1_8' title='bbox 675 155 781 214; x_wconf 89' lang='lat' dir='ltr'>decerpsi,</span> <span class='ocrx_word' id='word_1_9' title='bbox 798 165 931 217; x_wconf 85' lang='lat' dir='ltr'>tantumque</span> 
     </span>
     <span class='ocr_line' id='line_1_3' title="bbox 164 215 931 281; baseline 0.001 -19"><span class='ocrx_word' id='word_1_10' title='bbox 164 217 254 281; x_wconf 90' lang='lat' dir='ltr'>precidi,</span> <span class='ocrx_word' id='word_1_11' title='bbox 273 216 334 281; x_wconf 92' lang='lat' dir='ltr'>quod</span> <span class='ocrx_word' id='word_1_12' title='bbox 352 215 426 280; x_wconf 81' lang='lat' dir='ltr'>legere</span> <span class='ocrx_word' id='word_1_13' title='bbox 447 216 569 280; x_wconf 88' lang='lat' dir='ltr'>quicquam</span> <span class='ocrx_word' id='word_1_14' title='bbox 590 218 642 264; x_wconf 88' lang='lat' dir='ltr'>inde</span> <span class='ocrx_word' id='word_1_15' title='bbox 663 218 731 264; x_wconf 91' lang='lat' dir='ltr'>etiam</span> <span class='ocrx_word' id='word_1_16' title='bbox 750 217 799 263; x_wconf 89' lang='lat' dir='ltr'>luce</span> <span class='ocrx_word' id='word_1_17' title='bbox 818 217 875 263; x_wconf 89' lang='lat' dir='ltr'>clara</span> <span class='ocrx_word' id='word_1_18' title='bbox 893 218 931 265; x_wconf 84' lang='lat' dir='ltr'>vix</span> 
     </span>
     <span class='ocr_line' id='line_1_4' title="bbox 165 281 932 345; baseline 0 -16"><span class='ocrx_word' id='word_1_19' title='bbox 165 298 264 344; x_wconf 88' lang='lat' dir='ltr'>possum,</span> <span class='ocrx_word' id='word_1_20' title='bbox 284 292 369 345; x_wconf 88' lang='lat' dir='ltr'>quanto</span> <span class='ocrx_word' id='word_1_21' title='bbox 387 282 464 343; x_wconf 85' lang='lat' dir='ltr'>magis,</span> <span class='ocrx_word' id='word_1_22' title='bbox 484 281 587 344; x_wconf 79' lang='lat' dir='ltr'>obpansis</span> <span class='ocrx_word' id='word_1_23' title='bbox 606 299 665 328; x_wconf 91' lang='lat' dir='ltr'>nunc</span> <span class='ocrx_word' id='word_1_24' title='bbox 684 281 786 337; x_wconf 86' lang='lat' dir='ltr'>tenebris,</span> <span class='ocrx_word' id='word_1_25' title='bbox 808 282 932 329; x_wconf 89' lang='lat' dir='ltr'>discernere</span> 
     </span>
     <span class='ocr_line' id='line_1_5' title="bbox 165 346 931 405; baseline 0.001 -13"><span class='ocrx_word' id='word_1_26' title='bbox 165 364 203 393; x_wconf 91' lang='lat' dir='ltr'>eos</span> <span class='ocrx_word' id='word_1_27' title='bbox 214 346 354 393; x_wconf 87' lang='lat' dir='ltr'>interherbas</span> <span class='ocrx_word' id='word_1_28' title='bbox 365 347 417 392; x_wconf 87' lang='lat' dir='ltr'>alias</span> <span class='ocrx_word' id='word_1_29' title='bbox 428 362 474 392; x_wconf 84' lang='lat' dir='ltr'>non</span> <span class='ocrx_word' id='word_1_30' title='bbox 482 346 569 393; x_wconf 80' lang='lat' dir='ltr'><strong>valebo.</strong></span> <span class='ocrx_word' id='word_1_31' title='bbox 598 348 641 392; x_wconf 90' lang='lat' dir='ltr'>Cui</span> <span class='ocrx_word' id='word_1_32' title='bbox 652 357 755 393; x_wconf 90' lang='lat' dir='ltr'>sauctus:</span> <span class='ocrx_word' id='word_1_33' title='bbox 775 348 845 405; x_wconf 84' lang='lat' dir='ltr'>Vade,</span> <span class='ocrx_word' id='word_1_34' title='bbox 854 349 931 405; x_wconf 87' lang='lat' dir='ltr'>frater,</span> 
     </span>
     <span class='ocr_line' id='line_1_6' title="bbox 167 410 911 472; baseline 0.001 -17"><span class='ocrx_word' id='word_1_35' title='bbox 167 426 194 456; x_wconf 89' lang='lat' dir='ltr'>ne</span> <span class='ocrx_word' id='word_1_36' title='bbox 205 412 233 455; x_wconf 89' lang='lat' dir='ltr'>sit</span> <span class='ocrx_word' id='word_1_37' title='bbox 244 426 311 472; x_wconf 81' lang='lat' dir='ltr'>grave</span> <span class='ocrx_word' id='word_1_38' title='bbox 322 419 345 454; x_wconf 91' lang='lat' dir='ltr'>et</span> <span class='ocrx_word' id='word_1_39' title='bbox 356 410 444 470; x_wconf 91' lang='lat' dir='ltr'>primas,</span> <span class='ocrx_word' id='word_1_40' title='bbox 453 426 507 472; x_wconf 88' lang='lat' dir='ltr'>quas</span> <span class='ocrx_word' id='word_1_41' title='bbox 518 427 586 455; x_wconf 89' lang='lat' dir='ltr'>manu</span> <span class='ocrx_word' id='word_1_42' title='bbox 598 411 724 470; x_wconf 86' lang='lat' dir='ltr'>contigeris,</span> <span class='ocrx_word' id='word_1_43' title='bbox 737 410 815 456; x_wconf 79' lang='lat' dir='ltr'>herbas</span> <span class='ocrx_word' id='word_1_44' title='bbox 825 411 911 457; x_wconf 83' lang='lat' dir='ltr'>afferto.</span> 
     </span>
    </p>

    <p class='ocr_par' dir='ltr' id='par_1_3' title="bbox 164 473 933 1051">
     <span class='ocr_line' id='line_1_7' title="bbox 213 473 932 537; baseline 0 -18"><span class='ocrx_word' id='word_1_45' title='bbox 213 474 258 520; x_wconf 89' lang='lat' dir='ltr'>lvit</span> <span class='ocrx_word' id='word_1_46' title='bbox 269 473 337 519; x_wconf 87' lang='lat' dir='ltr'>frater</span> <span class='ocrx_word' id='word_1_47' title='bbox 347 473 370 518; x_wconf 93' lang='lat' dir='ltr'>in</span> <span class='ocrx_word' id='word_1_48' title='bbox 382 483 459 520; x_wconf 89' lang='lat' dir='ltr'>ortum</span> <span class='ocrx_word' id='word_1_49' title='bbox 469 483 492 520; x_wconf 87' lang='lat' dir='ltr'>et</span> <span class='ocrx_word' id='word_1_50' title='bbox 503 484 599 535; x_wconf 80' lang='lat' dir='ltr'>agrestes</span> <span class='ocrx_word' id='word_1_51' title='bbox 612 474 698 531; x_wconf 90' lang='lat' dir='ltr'>herbas,</span> <span class='ocrx_word' id='word_1_52' title='bbox 709 491 753 537; x_wconf 91' lang='lat' dir='ltr'>que</span> <span class='ocrx_word' id='word_1_53' title='bbox 767 474 834 519; x_wconf 84' lang='lat' dir='ltr'>nichil</span> <span class='ocrx_word' id='word_1_54' title='bbox 845 474 932 520; x_wconf 87' lang='lat' dir='ltr'>videnti</span> 
     </span>
     <span class='ocr_line' id='line_1_8' title="bbox 164 537 932 602; baseline 0.001 -18"><span class='ocrx_word' id='word_1_55' title='bbox 164 539 270 600; x_wconf 91' lang='lat' dir='ltr'>primitus</span> <span class='ocrx_word' id='word_1_56' title='bbox 286 548 440 595; x_wconf 86' lang='lat' dir='ltr'>occurrerunt,</span> <span class='ocrx_word' id='word_1_57' title='bbox 456 537 560 597; x_wconf 85' lang='lat' dir='ltr'>evellens,</span> <span class='ocrx_word' id='word_1_58' title='bbox 576 539 672 585; x_wconf 91' lang='lat' dir='ltr'>domum</span> <span class='ocrx_word' id='word_1_59' title='bbox 688 538 779 585; x_wconf 86' lang='lat' dir='ltr'>detulit.</span> <span class='ocrx_word' id='word_1_60' title='bbox 811 540 932 602; x_wconf 89' lang='lat' dir='ltr'>Aspiciunt</span> 
     </span>
     <span class='ocr_line' id='line_1_9' title="bbox 164 601 933 667; baseline 0.003 -19"><span class='ocrx_word' id='word_1_61' title='bbox 164 601 243 648; x_wconf 84' lang='lat' dir='ltr'>fratres</span> <span class='ocrx_word' id='word_1_62' title='bbox 260 602 339 648; x_wconf 88' lang='lat' dir='ltr'>herbas</span> <span class='ocrx_word' id='word_1_63' title='bbox 356 603 483 664; x_wconf 82' lang='lat' dir='ltr'>sylvestres,</span> <span class='ocrx_word' id='word_1_64' title='bbox 495 605 570 666; x_wconf 91' lang='lat' dir='ltr'>eisque</span> <span class='ocrx_word' id='word_1_65' title='bbox 586 603 715 665; x_wconf 86' lang='lat' dir='ltr'>diligentius</span> <span class='ocrx_word' id='word_1_66' title='bbox 729 603 843 660; x_wconf 70' lang='lat' dir='ltr'>revolutis</span> <span class='ocrx_word' id='word_1_67' title='bbox 856 615 933 667; x_wconf 88' lang='lat' dir='ltr'>petro-</span> 
     </span>
     <span class='ocr_line' id='line_1_10' title="bbox 164 665 932 731; baseline 0.003 -19"><span class='ocrx_word' id='word_1_68' title='bbox 164 666 240 714; x_wconf 90' lang='lat' dir='ltr'>sillum</span> <span class='ocrx_word' id='word_1_69' title='bbox 265 665 401 712; x_wconf 88' lang='lat' dir='ltr'>frondosum</span> <span class='ocrx_word' id='word_1_70' title='bbox 425 677 448 712; x_wconf 91' lang='lat' dir='ltr'>et</span> <span class='ocrx_word' id='word_1_71' title='bbox 471 678 577 712; x_wconf 88' lang='lat' dir='ltr'>tenerum</span> <span class='ocrx_word' id='word_1_72' title='bbox 600 667 720 712; x_wconf 87' lang='lat' dir='ltr'>inveniunt</span> <span class='ocrx_word' id='word_1_73' title='bbox 745 669 809 728; x_wconf 87' lang='lat' dir='ltr'>ipsas,</span> <span class='ocrx_word' id='word_1_74' title='bbox 834 670 862 714; x_wconf 87' lang='lat' dir='ltr'>de</span> <span class='ocrx_word' id='word_1_75' title='bbox 886 685 932 731; x_wconf 91' lang='lat' dir='ltr'>quo</span> 
     </span>
     <span class='ocr_line' id='line_1_11' title="bbox 164 730 933 793; baseline 0.003 -18"><span class='ocrx_word' id='word_1_76' title='bbox 164 748 245 793; x_wconf 89' lang='lat' dir='ltr'>parum</span> <span class='ocrx_word' id='word_1_77' title='bbox 264 730 383 776; x_wconf 89' lang='lat' dir='ltr'>comedens</span> <span class='ocrx_word' id='word_1_78' title='bbox 404 740 499 786; x_wconf 89' lang='lat' dir='ltr'>sanctus,</span> <span class='ocrx_word' id='word_1_79' title='bbox 520 733 618 778; x_wconf 91' lang='lat' dir='ltr'>multum</span> <span class='ocrx_word' id='word_1_80' title='bbox 636 730 776 778; x_wconf 83' lang='lat' dir='ltr'>confortatus</span> <span class='ocrx_word' id='word_1_81' title='bbox 796 742 835 778; x_wconf 88' lang='lat' dir='ltr'>est.</span> <span class='ocrx_word' id='word_1_82' title='bbox 867 732 933 777; x_wconf 80' lang='lat' dir='ltr'>Dixit</span> 
     </span>
     <span class='ocr_line' id='line_1_12' title="bbox 165 795 932 859; baseline 0 -17"><span class='ocrx_word' id='word_1_83' title='bbox 165 807 240 842; x_wconf 88' lang='lat' dir='ltr'>autem</span> <span class='ocrx_word' id='word_1_84' title='bbox 254 795 361 843; x_wconf 87' lang='lat' dir='ltr'>fratribus</span> <span class='ocrx_word' id='word_1_85' title='bbox 378 805 456 858; x_wconf 71' lang='lat' dir='ltr'>paterz‘</span> <span class='ocrx_word' id='word_1_86' title='bbox 475 795 564 843; x_wconf 78' lang='lat' dir='ltr'>Fratres</span> <span class='ocrx_word' id='word_1_87' title='bbox 580 795 624 843; x_wconf 88' lang='lat' dir='ltr'>mei</span> <span class='ocrx_word' id='word_1_88' title='bbox 641 795 761 852; x_wconf 79' lang='lat' dir='ltr'>karissimi,</span> <span class='ocrx_word' id='word_1_89' title='bbox 773 797 847 859; x_wconf 92' lang='lat' dir='ltr'>primo</span> <span class='ocrx_word' id='word_1_90' title='bbox 863 796 932 843; x_wconf 91' lang='lat' dir='ltr'>verbo</span> 
     </span>
     <span class='ocr_line' id='line_1_13' title="bbox 165 860 931 925; baseline 0 -18"><span class='ocrx_word' id='word_1_91' title='bbox 165 873 296 924; x_wconf 88' lang='lat' dir='ltr'>preceptum</span> <span class='ocrx_word' id='word_1_92' title='bbox 311 860 402 922; x_wconf 91' lang='lat' dir='ltr'>implete</span> <span class='ocrx_word' id='word_1_93' title='bbox 419 878 459 906; x_wconf 89' lang='lat' dir='ltr'>nec</span> <span class='ocrx_word' id='word_1_94' title='bbox 475 861 594 924; x_wconf 80' lang='lat' dir='ltr'>expectetis</span> <span class='ocrx_word' id='word_1_95' title='bbox 610 862 737 909; x_wconf 88' lang='lat' dir='ltr'>iterandum</span> <span class='ocrx_word' id='word_1_96' title='bbox 754 863 816 925; x_wconf 91' lang='lat' dir='ltr'>quod</span> <span class='ocrx_word' id='word_1_97' title='bbox 832 862 931 919; x_wconf 90' lang='lat' dir='ltr'>dicitur;</span> 
     </span>
     <span class='ocr_line' id='line_1_14' title="bbox 165 925 933 989; baseline 0.003 -18"><span class='ocrx_word' id='word_1_98' title='bbox 165 927 234 971; x_wconf 90' lang='lat' dir='ltr'>nichil</span> <span class='ocrx_word' id='word_1_99' title='bbox 244 927 304 971; x_wconf 86' lang='lat' dir='ltr'>enim</span> <span class='ocrx_word' id='word_1_100' title='bbox 321 925 505 987; x_wconf 87' lang='lat' dir='ltr'>impossibilitatis</span> <span class='ocrx_word' id='word_1_101' title='bbox 523 927 649 984; x_wconf 80' lang='lat' dir='ltr'>causemini,</span> <span class='ocrx_word' id='word_1_102' title='bbox 667 927 773 989; x_wconf 89' lang='lat' dir='ltr'>quoniam</span> <span class='ocrx_word' id='word_1_103' title='bbox 792 937 814 972; x_wconf 91' lang='lat' dir='ltr'>et</span> <span class='ocrx_word' id='word_1_104' title='bbox 831 927 848 971; x_wconf 91' lang='lat' dir='ltr'>si</span> <span class='ocrx_word' id='word_1_105' title='bbox 866 943 933 988; x_wconf 90' lang='lat' dir='ltr'>supra</span> 
     </span>
     <span class='ocr_line' id='line_1_15' title="bbox 165 988 851 1051; baseline 0.001 -16"><span class='ocrx_word' id='word_1_106' title='bbox 165 990 224 1036; x_wconf 88' lang='lat' dir='ltr'>vires</span> <span class='ocrx_word' id='word_1_107' title='bbox 242 990 289 1051; x_wconf 90' lang='lat' dir='ltr'>ipse</span> <span class='ocrx_word' id='word_1_108' title='bbox 306 990 442 1045; x_wconf 84' lang='lat' dir='ltr'>mandarem,</span> <span class='ocrx_word' id='word_1_109' title='bbox 456 988 542 1035; x_wconf 89' lang='lat' dir='ltr'>viribus</span> <span class='ocrx_word' id='word_1_110' title='bbox 558 989 684 1035; x_wconf 90' lang='lat' dir='ltr'>obedientia</span> <span class='ocrx_word' id='word_1_111' title='bbox 700 1007 746 1035; x_wconf 92' lang='lat' dir='ltr'>non</span> <span class='ocrx_word' id='word_1_112' title='bbox 762 1001 851 1037; x_wconf 88' lang='lat' dir='ltr'>careret.</span> 
     </span>
    </p>
   </div>
   <div class='ocr_carea' id='block_1_3' title="bbox 95 1116 747 1169">
    <p class='ocr_par' dir='ltr' id='par_1_4' title="bbox 95 1116 747 1169">
     <span class='ocr_line' id='line_1_16' title="bbox 95 1116 747 1169; baseline -0.005 -8"><span class='ocrx_word' id='word_1_113' title='bbox 95 1118 163 1163; x_wconf 71' lang='lat' dir='ltr'>lA-XL]</span> <span class='ocrx_word' id='word_1_114' title='bbox 356 1117 391 1159; x_wconf 88' lang='lat' dir='ltr'>De</span> <span class='ocrx_word' id='word_1_115' title='bbox 404 1119 538 1169; x_wconf 83' lang='lat' dir='ltr'>paupertate</span> <span class='ocrx_word' id='word_1_116' title='bbox 551 1120 575 1160; x_wconf 86' lang='lat' dir='ltr'>et</span> <span class='ocrx_word' id='word_1_117' title='bbox 588 1116 656 1160; x_wconf 88' lang='lat' dir='ltr'>laude</span> <span class='ocrx_word' id='word_1_118' title='bbox 668 1116 747 1169; x_wconf 82' lang='lat' dir='ltr'>ipsius.</span> 
     </span>
    </p>
   </div>
   <div class='ocr_carea' id='block_1_4' title="bbox 164 1187 936 2558">
    <p class='ocr_par' dir='ltr' id='par_1_5' title="bbox 164 1187 935 1926">
     <span class='ocr_line' id='line_1_17' title="bbox 212 1187 934 1280; baseline -0.003 -14"><span class='ocrx_word' id='word_1_119' title='bbox 212 1187 258 1273; x_wconf 70' lang='lat' dir='ltr'>In</span> <span class='ocrx_word' id='word_1_120' title='bbox 282 1218 339 1266; x_wconf 89' lang='lat' dir='ltr'>valle</span> <span class='ocrx_word' id='word_1_121' title='bbox 361 1217 509 1279; x_wconf 90' lang='lat' dir='ltr'>lacrymarum</span> <span class='ocrx_word' id='word_1_122' title='bbox 525 1218 623 1280; x_wconf 89' lang='lat' dir='ltr'>ponitus,</span> <span class='ocrx_word' id='word_1_123' title='bbox 640 1219 674 1264; x_wconf 91' lang='lat' dir='ltr'>vir</span> <span class='ocrx_word' id='word_1_124' title='bbox 690 1219 732 1264; x_wconf 88' lang='lat' dir='ltr'>iste</span> <span class='ocrx_word' id='word_1_125' title='bbox 755 1217 839 1275; x_wconf 84' lang='lat' dir='ltr'>beatus,</span> <span class='ocrx_word' id='word_1_126' title='bbox 860 1235 934 1265; x_wconf 88' lang='lat' dir='ltr'>comes</span> 
     </span>
     <span class='ocr_line' id='line_1_18' title="bbox 164 1282 933 1345; baseline 0.003 -18"><span class='ocrx_word' id='word_1_127' title='bbox 164 1284 262 1328; x_wconf 90' lang='lat' dir='ltr'>filiorum</span> <span class='ocrx_word' id='word_1_128' title='bbox 274 1283 393 1327; x_wconf 91' lang='lat' dir='ltr'>hominum</span> <span class='ocrx_word' id='word_1_129' title='bbox 404 1298 457 1343; x_wconf 88' lang='lat' dir='ltr'>opes</span> <span class='ocrx_word' id='word_1_130' title='bbox 468 1283 546 1342; x_wconf 88' lang='lat' dir='ltr'>inopes</span> <span class='ocrx_word' id='word_1_131' title='bbox 557 1282 696 1344; x_wconf 85' lang='lat' dir='ltr'>dedignatur,</span> <span class='ocrx_word' id='word_1_132' title='bbox 709 1283 806 1328; x_wconf 88' lang='lat' dir='ltr'>celsioris</span> <span class='ocrx_word' id='word_1_133' title='bbox 822 1282 933 1345; x_wconf 88' lang='lat' dir='ltr'>siquidem</span> 
     </span>
     <span class='ocr_line' id='line_1_19' title="bbox 164 1344 934 1409; baseline -0.004 -14"><span class='ocrx_word' id='word_1_134' title='bbox 164 1346 294 1395; x_wconf 88' lang='lat' dir='ltr'>ambitiosus</span> <span class='ocrx_word' id='word_1_135' title='bbox 311 1344 411 1409; x_wconf 83' lang='lat' dir='ltr'>fastigiis,</span> <span class='ocrx_word' id='word_1_136' title='bbox 424 1346 452 1393; x_wconf 89' lang='lat' dir='ltr'>de</span> <span class='ocrx_word' id='word_1_137' title='bbox 468 1346 529 1392; x_wconf 87' lang='lat' dir='ltr'>omni</span> <span class='ocrx_word' id='word_1_138' title='bbox 541 1346 608 1392; x_wconf 90' lang='lat' dir='ltr'>corde</span> <span class='ocrx_word' id='word_1_139' title='bbox 618 1346 689 1393; x_wconf 89' lang='lat' dir='ltr'>inhiat</span> <span class='ocrx_word' id='word_1_140' title='bbox 700 1345 831 1408; x_wconf 90' lang='lat' dir='ltr'>paupertati.</span> <span class='ocrx_word' id='word_1_141' title='bbox 866 1346 934 1393; x_wconf 90' lang='lat' dir='ltr'>Hanc</span> 
     </span>
     <span class='ocr_line' id='line_1_20' title="bbox 166 1410 934 1476; baseline -0.001 -18"><span class='ocrx_word' id='word_1_142' title='bbox 166 1412 212 1459; x_wconf 89' lang='lat' dir='ltr'>filio</span> <span class='ocrx_word' id='word_1_143' title='bbox 226 1412 262 1459; x_wconf 87' lang='lat' dir='ltr'>dei</span> <span class='ocrx_word' id='word_1_144' title='bbox 278 1410 409 1458; x_wconf 85' lang='lat' dir='ltr'>familiarem</span> <span class='ocrx_word' id='word_1_145' title='bbox 426 1412 550 1469; x_wconf 77' lang='lat' dir='ltr'>attendens,</span> <span class='ocrx_word' id='word_1_146' title='bbox 561 1412 613 1468; x_wconf 89' lang='lat' dir='ltr'>iam,</span> <span class='ocrx_word' id='word_1_147' title='bbox 625 1413 714 1476; x_wconf 91' lang='lat' dir='ltr'>iamque</span> <span class='ocrx_word' id='word_1_148' title='bbox 728 1422 779 1459; x_wconf 90' lang='lat' dir='ltr'>toto</span> <span class='ocrx_word' id='word_1_149' title='bbox 793 1410 846 1458; x_wconf 85' lang='lat' dir='ltr'>orbe</span> <span class='ocrx_word' id='word_1_150' title='bbox 857 1411 934 1474; x_wconf 86' lang='lat' dir='ltr'>repul-</span> 
     </span>
     <span class='ocr_line' id='line_1_21' title="bbox 167 1476 934 1540; baseline -0.001 -16"><span class='ocrx_word' id='word_1_151' title='bbox 167 1494 220 1535; x_wconf 85' lang='lat' dir='ltr'>sam,</span> <span class='ocrx_word' id='word_1_152' title='bbox 232 1476 313 1533; x_wconf 81' lang='lat' dir='ltr'>studet,</span> <span class='ocrx_word' id='word_1_153' title='bbox 327 1476 432 1522; x_wconf 85' lang='lat' dir='ltr'>charitate</span> <span class='ocrx_word' id='word_1_154' title='bbox 449 1486 557 1538; x_wconf 88' lang='lat' dir='ltr'>perpetua</span> <span class='ocrx_word' id='word_1_155' title='bbox 573 1476 723 1539; x_wconf 86' lang='lat' dir='ltr'>desponsarat.</span> <span class='ocrx_word' id='word_1_156' title='bbox 755 1478 852 1522; x_wconf 86' lang='lat' dir='ltr'>Amator</span> <span class='ocrx_word' id='word_1_157' title='bbox 864 1478 934 1540; x_wconf 88' lang='lat' dir='ltr'>igitur</span> 
     </span>
     <span class='ocr_line' id='line_1_22' title="bbox 167 1540 935 1594; baseline 0 -8"><span class='ocrx_word' id='word_1_158' title='bbox 167 1541 239 1587; x_wconf 84' lang='lat' dir='ltr'>faetus</span> <span class='ocrx_word' id='word_1_159' title='bbox 255 1540 303 1585; x_wconf 88' lang='lat' dir='ltr'>fore</span> <span class='ocrx_word' id='word_1_160' title='bbox 319 1540 385 1594; x_wconf 88' lang='lat' dir='ltr'>illius,</span> <span class='ocrx_word' id='word_1_161' title='bbox 399 1550 425 1584; x_wconf 93' lang='lat' dir='ltr'>ut</span> <span class='ocrx_word' id='word_1_162' title='bbox 441 1541 506 1584; x_wconf 84' lang='lat' dir='ltr'>uxori</span> <span class='ocrx_word' id='word_1_163' title='bbox 520 1540 617 1585; x_wconf 89' lang='lat' dir='ltr'>fortinus</span> <span class='ocrx_word' id='word_1_164' title='bbox 633 1541 748 1586; x_wconf 89' lang='lat' dir='ltr'>inhaberet</span> <span class='ocrx_word' id='word_1_165' title='bbox 764 1557 789 1585; x_wconf 86' lang='lat' dir='ltr'>ac</span> <span class='ocrx_word' id='word_1_166' title='bbox 800 1541 846 1585; x_wconf 91' lang='lat' dir='ltr'>duo</span> <span class='ocrx_word' id='word_1_167' title='bbox 862 1551 935 1586; x_wconf 90' lang='lat' dir='ltr'>essent</span> 
     </span>
     <span class='ocr_line' id='line_1_23' title="bbox 167 1603 934 1667; baseline -0.001 -16"><span class='ocrx_word' id='word_1_168' title='bbox 167 1606 190 1651; x_wconf 90' lang='lat' dir='ltr'>in</span> <span class='ocrx_word' id='word_1_169' title='bbox 201 1623 248 1652; x_wconf 92' lang='lat' dir='ltr'>uno</span> <span class='ocrx_word' id='word_1_170' title='bbox 259 1604 346 1666; x_wconf 88' lang='lat' dir='ltr'>spiritu,</span> <span class='ocrx_word' id='word_1_171' title='bbox 353 1619 399 1649; x_wconf 91' lang='lat' dir='ltr'>non</span> <span class='ocrx_word' id='word_1_172' title='bbox 411 1603 485 1649; x_wconf 90' lang='lat' dir='ltr'>solum</span> <span class='ocrx_word' id='word_1_173' title='bbox 497 1613 588 1664; x_wconf 90' lang='lat' dir='ltr'>patrem,</span> <span class='ocrx_word' id='word_1_174' title='bbox 597 1615 735 1667; x_wconf 88' lang='lat' dir='ltr'>matremque</span> <span class='ocrx_word' id='word_1_175' title='bbox 745 1603 848 1667; x_wconf 82' lang='lat' dir='ltr'>reliquid,</span> <span class='ocrx_word' id='word_1_176' title='bbox 855 1619 934 1651; x_wconf 90' lang='lat' dir='ltr'>verum</span> 
     </span>
     <span class='ocr_line' id='line_1_24' title="bbox 166 1668 934 1732; baseline -0.003 -16"><span class='ocrx_word' id='word_1_177' title='bbox 166 1670 232 1716; x_wconf 91' lang='lat' dir='ltr'>etiam</span> <span class='ocrx_word' id='word_1_178' title='bbox 251 1669 353 1715; x_wconf 89' lang='lat' dir='ltr'>universa</span> <span class='ocrx_word' id='word_1_179' title='bbox 370 1668 500 1724; x_wconf 88' lang='lat' dir='ltr'>submonit;</span> <span class='ocrx_word' id='word_1_180' title='bbox 516 1668 612 1730; x_wconf 89' lang='lat' dir='ltr'>proinde</span> <span class='ocrx_word' id='word_1_181' title='bbox 630 1670 693 1715; x_wconf 88' lang='lat' dir='ltr'>castis</span> <span class='ocrx_word' id='word_1_182' title='bbox 711 1686 760 1715; x_wconf 89' lang='lat' dir='ltr'>eam</span> <span class='ocrx_word' id='word_1_183' title='bbox 778 1668 869 1732; x_wconf 85' lang='lat' dir='ltr'>stringit</span> <span class='ocrx_word' id='word_1_184' title='bbox 887 1686 934 1714; x_wconf 92' lang='lat' dir='ltr'>am-</span> 
     </span>
     <span class='ocr_line' id='line_1_25' title="bbox 167 1733 934 1797; baseline -0.001 -16"><span class='ocrx_word' id='word_1_185' title='bbox 167 1735 276 1797; x_wconf 79' lang='lat' dir='ltr'>plexibus,</span> <span class='ocrx_word' id='word_1_186' title='bbox 294 1750 335 1780; x_wconf 90' lang='lat' dir='ltr'>nec</span> <span class='ocrx_word' id='word_1_187' title='bbox 352 1733 380 1779; x_wconf 92' lang='lat' dir='ltr'>ad</span> <span class='ocrx_word' id='word_1_188' title='bbox 398 1734 476 1778; x_wconf 89' lang='lat' dir='ltr'>horam</span> <span class='ocrx_word' id='word_1_189' title='bbox 495 1733 579 1796; x_wconf 90' lang='lat' dir='ltr'>patitur</span> <span class='ocrx_word' id='word_1_190' title='bbox 598 1750 644 1779; x_wconf 86' lang='lat' dir='ltr'>non</span> <span class='ocrx_word' id='word_1_191' title='bbox 661 1750 708 1779; x_wconf 90' lang='lat' dir='ltr'>esse</span> <span class='ocrx_word' id='word_1_192' title='bbox 726 1734 825 1779; x_wconf 92' lang='lat' dir='ltr'>maritus.</span> <span class='ocrx_word' id='word_1_193' title='bbox 859 1733 934 1791; x_wconf 89' lang='lat' dir='ltr'>Hanc,</span> 
     </span>
     <span class='ocr_line' id='line_1_26' title="bbox 167 1796 935 1858; baseline 0 -14"><span class='ocrx_word' id='word_1_194' title='bbox 167 1800 217 1844; x_wconf 88' lang='lat' dir='ltr'>filiis</span> <span class='ocrx_word' id='word_1_195' title='bbox 234 1799 287 1854; x_wconf 88' lang='lat' dir='ltr'>suis,</span> <span class='ocrx_word' id='word_1_196' title='bbox 300 1797 385 1844; x_wconf 90' lang='lat' dir='ltr'>dicebat</span> <span class='ocrx_word' id='word_1_197' title='bbox 400 1796 543 1858; x_wconf 86' lang='lat' dir='ltr'>perfectionis</span> <span class='ocrx_word' id='word_1_198' title='bbox 560 1798 625 1852; x_wconf 85' lang='lat' dir='ltr'>viam,</span> <span class='ocrx_word' id='word_1_199' title='bbox 641 1799 697 1843; x_wconf 89' lang='lat' dir='ltr'>hanc</span> <span class='ocrx_word' id='word_1_200' title='bbox 715 1809 841 1844; x_wconf 87' lang='lat' dir='ltr'>eternarum</span> <span class='ocrx_word' id='word_1_201' title='bbox 859 1798 935 1844; x_wconf 88' lang='lat' dir='ltr'>diviti-</span> 
     </span>
     <span class='ocr_line' id='line_1_27' title="bbox 167 1862 447 1926; baseline -0.011 -16"><span class='ocrx_word' id='word_1_202' title='bbox 167 1880 231 1911; x_wconf 89' lang='lat' dir='ltr'>arum</span> <span class='ocrx_word' id='word_1_203' title='bbox 242 1862 325 1926; x_wconf 84' lang='lat' dir='ltr'>pignus</span> <span class='ocrx_word' id='word_1_204' title='bbox 336 1870 358 1908; x_wconf 88' lang='lat' dir='ltr'>et</span> <span class='ocrx_word' id='word_1_205' title='bbox 369 1872 447 1908; x_wconf 88' lang='lat' dir='ltr'>artam.</span> 
     </span>
    </p>

    <p class='ocr_par' dir='ltr' id='par_1_6' title="bbox 168 1926 936 2558">
     <span class='ocr_line' id='line_1_28' title="bbox 216 1926 935 1989; baseline -0.001 -15"><span class='ocrx_word' id='word_1_206' title='bbox 216 1929 292 1975; x_wconf 88' lang='lat' dir='ltr'>Nemo</span> <span class='ocrx_word' id='word_1_207' title='bbox 324 1939 370 1974; x_wconf 91' lang='lat' dir='ltr'>tam</span> <span class='ocrx_word' id='word_1_208' title='bbox 402 1927 457 1985; x_wconf 88' lang='lat' dir='ltr'>auri,</span> <span class='ocrx_word' id='word_1_209' title='bbox 488 1943 556 1989; x_wconf 90' lang='lat' dir='ltr'>quam</span> <span class='ocrx_word' id='word_1_210' title='bbox 587 1927 634 1988; x_wconf 91' lang='lat' dir='ltr'>ipse</span> <span class='ocrx_word' id='word_1_211' title='bbox 666 1926 761 1989; x_wconf 87' lang='lat' dir='ltr'>cupidus</span> <span class='ocrx_word' id='word_1_212' title='bbox 791 1926 935 1988; x_wconf 85' lang='lat' dir='ltr'>paupertatis,</span> 
     </span>
     <span class='ocr_line' id='line_1_29' title="bbox 168 1990 936 2054; baseline -0.001 -15"><span class='ocrx_word' id='word_1_213' title='bbox 168 2010 209 2039; x_wconf 86' lang='lat' dir='ltr'>nec</span> <span class='ocrx_word' id='word_1_214' title='bbox 231 1993 328 2038; x_wconf 87' lang='lat' dir='ltr'>thesauri</span> <span class='ocrx_word' id='word_1_215' title='bbox 345 1993 433 2038; x_wconf 92' lang='lat' dir='ltr'>custodi</span> <span class='ocrx_word' id='word_1_216' title='bbox 450 1991 556 2036; x_wconf 87' lang='lat' dir='ltr'>sollicitor</span> <span class='ocrx_word' id='word_1_217' title='bbox 576 1991 642 2047; x_wconf 87' lang='lat' dir='ltr'>ullus,</span> <span class='ocrx_word' id='word_1_218' title='bbox 664 2008 732 2054; x_wconf 89' lang='lat' dir='ltr'>quam</span> <span class='ocrx_word' id='word_1_219' title='bbox 752 1990 788 2036; x_wconf 91' lang='lat' dir='ltr'>ille</span> <span class='ocrx_word' id='word_1_220' title='bbox 807 1991 848 2036; x_wconf 91' lang='lat' dir='ltr'>iste</span> <span class='ocrx_word' id='word_1_221' title='bbox 868 2008 936 2038; x_wconf 88' lang='lat' dir='ltr'>evan-</span> 
     </span>
     <span class='ocr_line' id='line_1_30' title="bbox 168 2054 936 2120; baseline -0.003 -17"><span class='ocrx_word' id='word_1_222' title='bbox 168 2057 239 2120; x_wconf 88' lang='lat' dir='ltr'>gelice</span> <span class='ocrx_word' id='word_1_223' title='bbox 266 2056 392 2118; x_wconf 81' lang='lat' dir='ltr'>margarite.</span> <span class='ocrx_word' id='word_1_224' title='bbox 446 2055 473 2099; x_wconf 85' lang='lat' dir='ltr'>ln</span> <span class='ocrx_word' id='word_1_225' title='bbox 498 2055 540 2099; x_wconf 91' lang='lat' dir='ltr'>hoc</span> <span class='ocrx_word' id='word_1_226' title='bbox 567 2056 671 2116; x_wconf 89' lang='lat' dir='ltr'>precipue</span> <span class='ocrx_word' id='word_1_227' title='bbox 697 2071 751 2098; x_wconf 90' lang='lat' dir='ltr'>suus</span> <span class='ocrx_word' id='word_1_228' title='bbox 778 2054 936 2101; x_wconf 81' lang='lat' dir='ltr'>offendebatur</span> 
     </span>
     <span class='ocr_line' id='line_1_31' title="bbox 168 2117 936 2184; baseline -0.004 -16"><span class='ocrx_word' id='word_1_229' title='bbox 168 2131 276 2184; x_wconf 84' lang='lat' dir='ltr'>aspectus,</span> <span class='ocrx_word' id='word_1_230' title='bbox 296 2121 313 2165; x_wconf 91' lang='lat' dir='ltr'>si</span> <span class='ocrx_word' id='word_1_231' title='bbox 333 2119 465 2183; x_wconf 88' lang='lat' dir='ltr'>quidquam,</span> <span class='ocrx_word' id='word_1_232' title='bbox 485 2118 546 2164; x_wconf 93' lang='lat' dir='ltr'>domi</span> <span class='ocrx_word' id='word_1_233' title='bbox 566 2117 665 2181; x_wconf 81' lang='lat' dir='ltr'>forisque</span> <span class='ocrx_word' id='word_1_234' title='bbox 682 2119 769 2165; x_wconf 91' lang='lat' dir='ltr'>videret</span> <span class='ocrx_word' id='word_1_235' title='bbox 788 2119 811 2164; x_wconf 91' lang='lat' dir='ltr'>in</span> <span class='ocrx_word' id='word_1_236' title='bbox 830 2117 936 2166; x_wconf 89' lang='lat' dir='ltr'>fratribus</span> 
     </span>
     <span class='ocr_line' id='line_1_32' title="bbox 169 2182 936 2252; baseline -0.005 -18"><span class='ocrx_word' id='word_1_237' title='bbox 169 2186 292 2252; x_wconf 88' lang='lat' dir='ltr'>paupertati</span> <span class='ocrx_word' id='word_1_238' title='bbox 310 2185 453 2231; x_wconf 86' lang='lat' dir='ltr'>contrarium.</span> <span class='ocrx_word' id='word_1_239' title='bbox 498 2184 584 2230; x_wconf 85' lang='lat' dir='ltr'>Revera</span> <span class='ocrx_word' id='word_1_240' title='bbox 602 2184 649 2245; x_wconf 86' lang='lat' dir='ltr'>ipse</span> <span class='ocrx_word' id='word_1_241' title='bbox 666 2199 678 2230; x_wconf 89' lang='lat' dir='ltr'>a</span> <span class='ocrx_word' id='word_1_242' title='bbox 695 2182 805 2245; x_wconf 88' lang='lat' dir='ltr'>principio</span> <span class='ocrx_word' id='word_1_243' title='bbox 822 2184 936 2247; x_wconf 82' lang='lat' dir='ltr'>religionis</span> 
     </span>
     <span class='ocr_line' id='line_1_33' title="bbox 169 2247 934 2308; baseline -0.005 -9"><span class='ocrx_word' id='word_1_244' title='bbox 169 2253 197 2300; x_wconf 89' lang='lat' dir='ltr'>ad</span> <span class='ocrx_word' id='word_1_245' title='bbox 214 2262 310 2298; x_wconf 90' lang='lat' dir='ltr'>mortem</span> <span class='ocrx_word' id='word_1_246' title='bbox 327 2250 403 2297; x_wconf 89' lang='lat' dir='ltr'>tunica</span> <span class='ocrx_word' id='word_1_247' title='bbox 419 2249 472 2308; x_wconf 90' lang='lat' dir='ltr'>sola,</span> <span class='ocrx_word' id='word_1_248' title='bbox 483 2249 575 2295; x_wconf 88' lang='lat' dir='ltr'>cordula</span> <span class='ocrx_word' id='word_1_249' title='bbox 591 2260 613 2295; x_wconf 89' lang='lat' dir='ltr'>et</span> <span class='ocrx_word' id='word_1_250' title='bbox 629 2247 772 2295; x_wconf 84' lang='lat' dir='ltr'>femoralibus</span> <span class='ocrx_word' id='word_1_251' title='bbox 788 2248 851 2295; x_wconf 91' lang='lat' dir='ltr'>dives</span> <span class='ocrx_word' id='word_1_252' title='bbox 868 2249 934 2297; x_wconf 92' lang='lat' dir='ltr'>nichil</span> 
     </span>
     <span class='ocr_line' id='line_1_34' title="bbox 170 2313 936 2376; baseline -0.001 -13"><span class='ocrx_word' id='word_1_253' title='bbox 170 2317 231 2363; x_wconf 87' lang='lat' dir='ltr'>aliud</span> <span class='ocrx_word' id='word_1_254' title='bbox 255 2316 339 2362; x_wconf 89' lang='lat' dir='ltr'>habuit.</span> <span class='ocrx_word' id='word_1_255' title='bbox 380 2313 499 2370; x_wconf 81' lang='lat' dir='ltr'>indicabat,</span> <span class='ocrx_word' id='word_1_256' title='bbox 524 2314 570 2360; x_wconf 90' lang='lat' dir='ltr'>suis</span> <span class='ocrx_word' id='word_1_257' title='bbox 595 2314 684 2360; x_wconf 88' lang='lat' dir='ltr'>habitus</span> <span class='ocrx_word' id='word_1_258' title='bbox 708 2330 801 2376; x_wconf 89' lang='lat' dir='ltr'>pauper,</span> <span class='ocrx_word' id='word_1_259' title='bbox 823 2313 862 2360; x_wconf 92' lang='lat' dir='ltr'>ubi</span> <span class='ocrx_word' id='word_1_260' title='bbox 886 2333 936 2362; x_wconf 90' lang='lat' dir='ltr'>suas</span> 
     </span>
     <span class='ocr_line' id='line_1_35' title="bbox 170 2377 936 2443; baseline -0.007 -15"><span class='ocrx_word' id='word_1_261' title='bbox 170 2380 260 2428; x_wconf 86' lang='lat' dir='ltr'>divitias</span> <span class='ocrx_word' id='word_1_262' title='bbox 275 2387 420 2443; x_wconf 79' lang='lat' dir='ltr'>aggregaret3</span> <span class='ocrx_word' id='word_1_263' title='bbox 436 2378 487 2423; x_wconf 91' lang='lat' dir='ltr'>hinc</span> <span class='ocrx_word' id='word_1_264' title='bbox 503 2377 567 2434; x_wconf 79' lang='lat' dir='ltr'>letus,</span> <span class='ocrx_word' id='word_1_265' title='bbox 580 2378 632 2423; x_wconf 87' lang='lat' dir='ltr'>hinc</span> <span class='ocrx_word' id='word_1_266' title='bbox 645 2394 742 2434; x_wconf 89' lang='lat' dir='ltr'>securus,</span> <span class='ocrx_word' id='word_1_267' title='bbox 754 2378 804 2422; x_wconf 89' lang='lat' dir='ltr'>hinc</span> <span class='ocrx_word' id='word_1_268' title='bbox 820 2379 936 2440; x_wconf 79' lang='lat' dir='ltr'>expeditus</span> 
     </span>
     <span class='ocr_line' id='line_1_36' title="bbox 170 2442 936 2508; baseline -0.005 -14"><span class='ocrx_word' id='word_1_269' title='bbox 170 2447 278 2501; x_wconf 85' lang='lat' dir='ltr'>accurrit;</span> <span class='ocrx_word' id='word_1_270' title='bbox 303 2446 331 2492; x_wconf 90' lang='lat' dir='ltr'>ad</span> <span class='ocrx_word' id='word_1_271' title='bbox 356 2460 447 2492; x_wconf 89' lang='lat' dir='ltr'>cursum</span> <span class='ocrx_word' id='word_1_272' title='bbox 472 2442 583 2506; x_wconf 83' lang='lat' dir='ltr'>gaudebat</span> <span class='ocrx_word' id='word_1_273' title='bbox 607 2443 717 2506; x_wconf 89' lang='lat' dir='ltr'>perituras</span> <span class='ocrx_word' id='word_1_274' title='bbox 740 2458 806 2508; x_wconf 85' lang='lat' dir='ltr'>gazas</span> <span class='ocrx_word' id='word_1_275' title='bbox 830 2443 936 2507; x_wconf 87' lang='lat' dir='ltr'>centuplo</span> 
     </span>
     <span class='ocr_line' id='line_1_37' title="bbox 170 2521 325 2558; baseline -0.019 0"><span class='ocrx_word' id='word_1_276' title='bbox 170 2521 325 2558; x_wconf 91' lang='lat' dir='ltr'>commutasse.</span> 
     </span>
    </p>
   </div>
   <div class='ocr_carea' id='block_1_5' title="bbox 87 2634 729 2687">
    <p class='ocr_par' dir='ltr' id='par_1_7' title="bbox 87 2634 729 2687">
     <span class='ocr_line' id='line_1_38' title="bbox 87 2634 729 2687; baseline 0.005 -12"><span class='ocrx_word' id='word_1_277' title='bbox 87 2642 165 2686; x_wconf 79' lang='lat' dir='ltr'>[a-an]</span> <span class='ocrx_word' id='word_1_278' title='bbox 380 2635 415 2676; x_wconf 90' lang='lat' dir='ltr'>De</span> <span class='ocrx_word' id='word_1_279' title='bbox 428 2637 563 2687; x_wconf 83' lang='lat' dir='ltr'>paupertate</span> <span class='ocrx_word' id='word_1_280' title='bbox 575 2634 729 2678; x_wconf 80' lang='lat' dir='ltr'>hedificatum.</span> 
     </span>
    </p>
   </div>
   <div class='ocr_carea' id='block_1_6' title="bbox 170 2705 937 2870">
    <p class='ocr_par' dir='ltr' id='par_1_8' title="bbox 170 2705 937 2870">
     <span class='ocr_line' id='line_1_39' title="bbox 216 2705 936 2802; baseline -0.006 -16"><span class='ocrx_word' id='word_1_281' title='bbox 216 2705 344 2795; x_wconf 76' lang='lat' dir='ltr'>Docebat</span> <span class='ocrx_word' id='word_1_282' title='bbox 367 2752 419 2783; x_wconf 89' lang='lat' dir='ltr'>suos</span> <span class='ocrx_word' id='word_1_283' title='bbox 442 2735 565 2783; x_wconf 89' lang='lat' dir='ltr'>habitacula</span> <span class='ocrx_word' id='word_1_284' title='bbox 588 2736 722 2799; x_wconf 86' lang='lat' dir='ltr'>paupercula</span> <span class='ocrx_word' id='word_1_285' title='bbox 746 2734 823 2793; x_wconf 86' lang='lat' dir='ltr'>facere,</span> <span class='ocrx_word' id='word_1_286' title='bbox 845 2736 936 2802; x_wconf 85' lang='lat' dir='ltr'>ligneas,</span> 
     </span>
     <span class='ocr_line' id='line_1_40' title="bbox 170 2801 937 2870; baseline -0.008 -15"><span class='ocrx_word' id='word_1_287' title='bbox 170 2825 216 2856; x_wconf 90' lang='lat' dir='ltr'>non</span> <span class='ocrx_word' id='word_1_288' title='bbox 233 2805 337 2870; x_wconf 84' lang='lat' dir='ltr'>lapideas,</span> <span class='ocrx_word' id='word_1_289' title='bbox 355 2818 436 2867; x_wconf 90' lang='lat' dir='ltr'>easque</span> <span class='ocrx_word' id='word_1_290' title='bbox 455 2801 493 2849; x_wconf 94' lang='lat' dir='ltr'>vili</span> <span class='ocrx_word' id='word_1_291' title='bbox 512 2802 621 2850; x_wconf 86' lang='lat' dir='ltr'>schemate</span> <span class='ocrx_word' id='word_1_292' title='bbox 640 2801 728 2850; x_wconf 86' lang='lat' dir='ltr'>casellas</span> <span class='ocrx_word' id='word_1_293' title='bbox 747 2802 836 2868; x_wconf 85' lang='lat' dir='ltr'>erigere.</span> <span class='ocrx_word' id='word_1_294' title='bbox 881 2804 937 2866; x_wconf 87' lang='lat' dir='ltr'>Sepe</span> 
     </span>
    </p>
   </div>
   <div class='ocr_carea' id='block_1_7' title="bbox 0 0 972 3169">
    <p class='ocr_par' dir='ltr' id='par_1_9' title="bbox 0 0 972 3169">
     <span class='ocr_line' id='line_1_41' title="bbox 0 0 972 3169; baseline 0 0"><span class='ocrx_word' id='word_1_295' title='bbox 0 0 972 3169; x_wconf 95' lang='lat' dir='ltr'> </span> 
     </span>
    </p>
   </div>
  </div>
 </body>
</html>
