<?xml version="1.0" encoding="UTF-8"?>
<!DOCTYPE html PUBLIC "-//W3C//DTD XHTML 1.0 Transitional//EN"
    "http://www.w3.org/TR/xhtml1/DTD/xhtml1-transitional.dtd">
<html xmlns="http://www.w3.org/1999/xhtml" xml:lang="en" lang="en">
 <head>
  <title>
</title>
<meta http-equiv="Content-Type" content="text/html;charset=utf-8" />
  <meta name='ocr-system' content='tesseract 3.04.00' />
  <meta name='ocr-capabilities' content='ocr_page ocr_carea ocr_par ocr_line ocrx_word'/>
</head>
<body>
  <div class='ocr_page' id='page_1' title='image "./MN5146ucmf_4_0142.png"; bbox 0 0 1919 3169; ppageno 0'>
   <div class='ocr_carea' id='block_1_1' title="bbox 144 25 691 85">
    <p class='ocr_par' dir='ltr' id='par_1_1' title="bbox 144 25 691 85">
     <span class='ocr_line' id='line_1_1' title="bbox 144 25 691 85; baseline -0.004 -13"><span class='ocrx_word' id='word_1_1' title='bbox 144 42 174 85; x_wconf 90' lang='lat'><strong>90</strong></span> <span class='ocrx_word' id='word_1_2' title='bbox 355 25 516 70; x_wconf 87' lang='lat' dir='ltr'>LEGENDA</span> <span class='ocrx_word' id='word_1_3' title='bbox 533 25 691 71; x_wconf 87' lang='lat' dir='ltr'><strong>GREGORH</strong></span> 
     </span>
    </p>
   </div>
   <div class='ocr_carea' id='block_1_2' title="bbox 142 118 913 2563">
    <p class='ocr_par' dir='ltr' id='par_1_2' title="bbox 143 118 907 249">
     <span class='ocr_line' id='line_1_2' title="bbox 143 118 907 183; baseline -0.003 -17"><span class='ocrx_word' id='word_1_4' title='bbox 143 120 269 167; x_wconf 90' lang='lat' dir='ltr'><strong>videndum</strong></span> <span class='ocrx_word' id='word_1_5' title='bbox 280 136 340 166; x_wconf 86' lang='lat' dir='ltr'><strong>sacra</strong></span> <span class='ocrx_word' id='word_1_6' title='bbox 350 121 453 183; x_wconf 85' lang='lat' dir='ltr'><strong>stigmata</strong></span> <span class='ocrx_word' id='word_1_7' title='bbox 469 120 517 166; x_wconf 88' lang='lat' dir='ltr'><strong>iesu</strong></span> <span class='ocrx_word' id='word_1_8' title='bbox 533 120 617 176; x_wconf 88' lang='lat' dir='ltr'><strong>christi,</strong></span> <span class='ocrx_word' id='word_1_9' title='bbox 629 136 672 182; x_wconf 88' lang='lat' dir='ltr'><strong>que</strong></span> <span class='ocrx_word' id='word_1_10' title='bbox 689 136 739 165; x_wconf 89' lang='lat' dir='ltr'><strong>sanc</strong></span> <span class='ocrx_word' id='word_1_11' title='bbox 741 129 776 166; x_wconf 91' lang='lat' dir='ltr'><strong>tus</strong></span> <span class='ocrx_word' id='word_1_12' title='bbox 741 118 907 166; x_wconf 87' lang='lat' dir='ltr'><strong>tfranciscus</strong></span> 
     </span>
     <span class='ocr_line' id='line_1_3' title="bbox 146 185 540 249; baseline -0.008 -17"><span class='ocrx_word' id='word_1_13' title='bbox 146 185 263 249; x_wconf 89' lang='lat' dir='ltr'><strong>portabat</strong></span> <span class='ocrx_word' id='word_1_14' title='bbox 258 202 282 232; x_wconf 89' lang='grc'><strong>111</strong></span> <span class='ocrx_word' id='word_1_15' title='bbox 293 201 386 247; x_wconf 88' lang='lat' dir='ltr'><strong>corpore</strong></span> <span class='ocrx_word' id='word_1_16' title='bbox 397 201 445 230; x_wconf 92' lang='lat' dir='ltr'><strong>suo</strong></span> <span class='ocrx_word' id='word_1_17' title='bbox 538 198 540 200; x_wconf 77' lang='grc'><strong>’</strong></span> 
     </span>
    </p>

    <p class='ocr_par' dir='ltr' id='par_1_3' title="bbox 142 219 907 826">
     <span class='ocr_line' id='line_1_4' title="bbox 192 219 907 322; baseline -0.006 -26"><span class='ocrx_word' id='word_1_18' title='bbox 192 250 250 311; x_wconf 69' lang='lat' dir='ltr'><strong>Quis</strong></span> <span class='ocrx_word' id='word_1_19' title='bbox 261 250 297 296; x_wconf 91' lang='lat' dir='ltr'><strong>eni</strong></span> <span class='ocrx_word' id='word_1_20' title='bbox 299 265 329 307; x_wconf 89' lang='lat' dir='ltr'><strong>m,</strong></span> <span class='ocrx_word' id='word_1_21' title='bbox 341 250 383 295; x_wconf 94' lang='lat' dir='ltr'><strong>hoc</strong></span> <span class='ocrx_word' id='word_1_22' title='bbox 390 256 405 274; x_wconf 82' lang='lat'><strong>²⁰</strong></span> <span class='ocrx_word' id='word_1_23' title='bbox 413 249 500 305; x_wconf 82' lang='lat' dir='ltr'><strong>videns,</strong></span> <span class='ocrx_word' id='word_1_24' title='bbox 510 250 573 296; x_wconf 91' lang='lat' dir='ltr'><strong>fletui</strong></span> <span class='ocrx_word' id='word_1_25' title='bbox 584 259 606 295; x_wconf 92' lang='lat' dir='ltr'><strong>et</strong></span> <span class='ocrx_word' id='word_1_26' title='bbox 617 265 664 295; x_wconf 89' lang='lat' dir='ltr'><strong>non</strong></span> <span class='ocrx_word' id='word_1_27' title='bbox 673 219 745 322; x_wconf 81' lang='lat' dir='ltr'><strong>magis</strong></span> <span class='ocrx_word' id='word_1_28' title='bbox 755 260 813 295; x_wconf 89' lang='lat' dir='ltr'><strong>esset</strong></span> <span class='ocrx_word' id='word_1_29' title='bbox 823 247 907 312; x_wconf 84' lang='lat' dir='ltr'><strong>gaudio</strong></span> 
     </span>
     <span class='ocr_line' id='line_1_5' title="bbox 145 312 906 377; baseline -0.007 -16"><span class='ocrx_word' id='word_1_30' title='bbox 145 316 253 372; x_wconf 85' lang='lat' dir='ltr'><strong>intentus,</strong></span> <span class='ocrx_word' id='word_1_31' title='bbox 270 315 336 360; x_wconf 90' lang='lat' dir='ltr'><strong>etiam</strong></span> <span class='ocrx_word' id='word_1_32' title='bbox 356 314 373 359; x_wconf 91' lang='lat' dir='ltr'><strong>si</strong></span> <span class='ocrx_word' id='word_1_33' title='bbox 391 313 461 370; x_wconf 87' lang='lat' dir='ltr'><strong>fleret,</strong></span> <span class='ocrx_word' id='word_1_34' title='bbox 483 330 528 359; x_wconf 90' lang='lat' dir='ltr'><strong>non</strong></span> <span class='ocrx_word' id='word_1_35' title='bbox 548 315 618 377; x_wconf 84' lang='lat' dir='ltr'><strong>magis</strong></span> <span class='ocrx_word' id='word_1_36' title='bbox 634 329 673 377; x_wconf 91' lang='lat' dir='ltr'><strong>pre</strong></span> <span class='ocrx_word' id='word_1_37' title='bbox 689 312 766 372; x_wconf 83' lang='lat' dir='ltr'><strong>letitia,</strong></span> <span class='ocrx_word' id='word_1_38' title='bbox 783 329 851 377; x_wconf 90' lang='lat' dir='ltr'><strong>quarn</strong></span> <span class='ocrx_word' id='word_1_39' title='bbox 867 328 906 374; x_wconf 91' lang='lat' dir='ltr'><strong>pre</strong></span> 
     </span>
     <span class='ocr_line' id='line_1_6' title="bbox 144 377 907 439; baseline -0.005 -14"><span class='ocrx_word' id='word_1_40' title='bbox 144 379 223 425; x_wconf 89' lang='lat' dir='ltr'><strong>dolore</strong></span> <span class='ocrx_word' id='word_1_41' title='bbox 231 378 254 422; x_wconf 91' lang='lat' dir='ltr'><strong>id</strong></span> <span class='ocrx_word' id='word_1_42' title='bbox 263 377 360 423; x_wconf 81' lang='lat' dir='ltr'><strong>faceret?</strong></span> <span class='ocrx_word' id='word_1_43' title='bbox 396 378 469 423; x_wconf 85' lang='lat' dir='ltr'><strong>Cuius</strong></span> <span class='ocrx_word' id='word_1_44' title='bbox 476 387 523 422; x_wconf 84' lang='lat' dir='ltr'><strong>tam</strong></span> <span class='ocrx_word' id='word_1_45' title='bbox 530 377 629 422; x_wconf 89' lang='lat' dir='ltr'><strong>ferreum</strong></span> <span class='ocrx_word' id='word_1_46' title='bbox 637 387 715 439; x_wconf 89' lang='lat' dir='ltr'><strong>pectus</strong></span> <span class='ocrx_word' id='word_1_47' title='bbox 724 395 770 422; x_wconf 89' lang='lat' dir='ltr'><strong>non</strong></span> <span class='ocrx_word' id='word_1_48' title='bbox 778 387 907 422; x_wconf 89' lang='lat' dir='ltr'><strong>moveretur</strong></span> 
     </span>
     <span class='ocr_line' id='line_1_7' title="bbox 144 440 906 514; baseline -0.004 -26"><span class='ocrx_word' id='word_1_49' title='bbox 144 442 172 488; x_wconf 86' lang='lat' dir='ltr'><strong>ad</strong></span> <span class='ocrx_word' id='word_1_50' title='bbox 182 441 307 514; x_wconf 82' lang='lat' dir='ltr'>gemitum?</span> <span class='ocrx_word' id='word_1_51' title='bbox 343 440 415 487; x_wconf 90' lang='lat' dir='ltr'><strong>Cuius</strong></span> <span class='ocrx_word' id='word_1_52' title='bbox 426 450 472 485; x_wconf 88' lang='lat' dir='ltr'><strong>tam</strong></span> <span class='ocrx_word' id='word_1_53' title='bbox 482 441 596 502; x_wconf 85' lang='lat' dir='ltr'><strong>lapideum</strong></span> <span class='ocrx_word' id='word_1_54' title='bbox 613 456 650 486; x_wconf 92' lang='lat' dir='ltr'><strong>cor</strong></span> <span class='ocrx_word' id='word_1_55' title='bbox 667 456 713 486; x_wconf 87' lang='lat' dir='ltr'><strong>non</strong></span> <span class='ocrx_word' id='word_1_56' title='bbox 729 441 840 487; x_wconf 83' lang='lat' dir='ltr'><strong>scinderet</strong></span> <span class='ocrx_word' id='word_1_57' title='bbox 831 450 867 487; x_wconf 90' lang='lat' dir='ltr'><strong>tur</strong></span> <span class='ocrx_word' id='word_1_58' title='bbox 878 440 906 485; x_wconf 88' lang='lat' dir='ltr'><strong>ad</strong></span> 
     </span>
     <span class='ocr_line' id='line_1_8' title="bbox 144 504 907 568; baseline -0.004 -15"><span class='ocrx_word' id='word_1_59' title='bbox 144 505 349 568; x_wconf 84' lang='lat' dir='ltr'>compunctionem,</span> <span class='ocrx_word' id='word_1_60' title='bbox 361 522 407 552; x_wconf 87' lang='lat' dir='ltr'><strong>non</strong></span> <span class='ocrx_word' id='word_1_61' title='bbox 417 505 574 554; x_wconf 83' lang='lat' dir='ltr'><strong>accenderetur</strong></span> <span class='ocrx_word' id='word_1_62' title='bbox 585 505 613 553; x_wconf 87' lang='lat' dir='ltr'><strong>ad</strong></span> <span class='ocrx_word' id='word_1_63' title='bbox 625 504 728 552; x_wconf 90' lang='lat' dir='ltr'><strong>divinum</strong></span> <span class='ocrx_word' id='word_1_64' title='bbox 743 521 849 562; x_wconf 87' lang='lat' dir='ltr'><strong>amorem,</strong></span> <span class='ocrx_word' id='word_1_65' title='bbox 861 521 907 550; x_wconf 91' lang='lat' dir='ltr'><strong>non</strong></span> 
     </span>
     <span class='ocr_line' id='line_1_9' title="bbox 144 569 907 643; baseline -0.004 -26"><span class='ocrx_word' id='word_1_66' title='bbox 144 579 266 617; x_wconf 88' lang='lat' dir='ltr'><strong>armaretur</strong></span> <span class='ocrx_word' id='word_1_67' title='bbox 276 569 305 616; x_wconf 87' lang='lat' dir='ltr'><strong>ad</strong></span> <span class='ocrx_word' id='word_1_68' title='bbox 316 570 398 615; x_wconf 85' lang='lat' dir='ltr'><strong>bonam</strong></span> <span class='ocrx_word' id='word_1_69' title='bbox 409 570 565 616; x_wconf 87' lang='lat' dir='ltr'><strong>voluntatem?</strong></span> <span class='ocrx_word' id='word_1_70' title='bbox 598 570 658 621; x_wconf 90' lang='lat' dir='ltr'><strong>Quis</strong></span> <span class='ocrx_word' id='word_1_71' title='bbox 670 580 715 616; x_wconf 89' lang='lat' dir='ltr'><strong>tam</strong></span> <span class='ocrx_word' id='word_1_72' title='bbox 727 570 802 643; x_wconf 87' lang='lat' dir='ltr'><strong>hebes,</strong></span> <span class='ocrx_word' id='word_1_73' title='bbox 814 580 860 616; x_wconf 86' lang='lat' dir='ltr'><strong>tam</strong></span> <span class='ocrx_word' id='word_1_74' title='bbox 871 569 907 614; x_wconf 92' lang='lat' dir='ltr'><strong>in-</strong></span> 
     </span>
     <span class='ocr_line' id='line_1_10' title="bbox 145 634 906 697; baseline -0.003 -17"><span class='ocrx_word' id='word_1_75' title='bbox 145 635 261 689; x_wconf 88' lang='lat' dir='ltr'><strong>sensibilis,</strong></span> <span class='ocrx_word' id='word_1_76' title='bbox 278 634 319 696; x_wconf 83' lang='lat' dir='ltr'><strong>qui</strong></span> <span class='ocrx_word' id='word_1_77' title='bbox 336 634 453 679; x_wconf 86' lang='lat' dir='ltr'><strong>manifesta</strong></span> <span class='ocrx_word' id='word_1_78' title='bbox 469 651 516 679; x_wconf 89' lang='lat' dir='ltr'><strong>non</strong></span> <span class='ocrx_word' id='word_1_79' title='bbox 532 645 676 697; x_wconf 85' lang='lat' dir='ltr'><strong>cognosceret</strong></span> <span class='ocrx_word' id='word_1_80' title='bbox 693 634 793 691; x_wconf 89' lang='lat' dir='ltr'><strong>veritate,</strong></span> <span class='ocrx_word' id='word_1_81' title='bbox 805 645 906 680; x_wconf 87' lang='lat' dir='ltr'><strong>sanctum</strong></span> 
     </span>
     <span class='ocr_line' id='line_1_11' title="bbox 142 697 906 761; baseline -0.004 -16"><span class='ocrx_word' id='word_1_82' title='bbox 142 700 211 746; x_wconf 90' lang='lat' dir='ltr'><strong>istum</strong></span> <span class='ocrx_word' id='word_1_83' title='bbox 232 698 290 745; x_wconf 90' lang='lat' dir='ltr'><strong>sicut</strong></span> <span class='ocrx_word' id='word_1_84' title='bbox 306 697 414 761; x_wconf 79' lang='lat' dir='ltr'><strong>singulari</strong></span> <span class='ocrx_word' id='word_1_85' title='bbox 431 714 524 746; x_wconf 90' lang='lat' dir='ltr'><strong>munere</strong></span> <span class='ocrx_word' id='word_1_86' title='bbox 540 698 676 746; x_wconf 89' lang='lat' dir='ltr'><strong>honoratum</strong></span> <span class='ocrx_word' id='word_1_87' title='bbox 695 699 718 744; x_wconf 92' lang='lat' dir='ltr'><strong>in</strong></span> <span class='ocrx_word' id='word_1_88' title='bbox 736 698 807 757; x_wconf 86' lang='lat' dir='ltr'><strong>terris,</strong></span> <span class='ocrx_word' id='word_1_89' title='bbox 825 697 856 743; x_wconf 90' lang='lat' dir='ltr'><strong>sic</strong></span> <span class='ocrx_word' id='word_1_90' title='bbox 873 698 906 743; x_wconf 92' lang='lat' dir='ltr'><strong>in-</strong></span> 
     </span>
     <span class='ocr_line' id='line_1_12' title="bbox 146 761 663 826; baseline 0.002 -17"><span class='ocrx_word' id='word_1_91' title='bbox 146 762 228 809; x_wconf 86' lang='lat' dir='ltr'><strong>effabili</strong></span> <span class='ocrx_word' id='word_1_92' title='bbox 240 761 312 826; x_wconf 83' lang='lat' dir='ltr'><strong>gloria</strong></span> <span class='ocrx_word' id='word_1_93' title='bbox 323 762 489 825; x_wconf 86' lang='lat' dir='ltr'><strong>magnificatum</strong></span> <span class='ocrx_word' id='word_1_94' title='bbox 501 761 550 808; x_wconf 90' lang='lat' dir='ltr'><strong>fore</strong></span> <span class='ocrx_word' id='word_1_95' title='bbox 560 764 583 808; x_wconf 92' lang='lat' dir='ltr'><strong>in</strong></span> <span class='ocrx_word' id='word_1_96' title='bbox 595 763 663 811; x_wconf 91' lang='lat' dir='ltr'><strong>celis?</strong></span> 
     </span>
    </p>

    <p class='ocr_par' dir='ltr' id='par_1_4' title="bbox 145 826 910 1787">
     <span class='ocr_line' id='line_1_13' title="bbox 192 826 906 900; baseline -0.004 -26"><span class='ocrx_word' id='word_1_97' title='bbox 192 829 215 874; x_wconf 91' lang='lat'>0</span> <span class='ocrx_word' id='word_1_98' title='bbox 226 827 338 889; x_wconf 85' lang='lat' dir='ltr'><strong>singulare</strong></span> <span class='ocrx_word' id='word_1_99' title='bbox 355 828 441 874; x_wconf 91' lang='lat' dir='ltr'><strong>donum</strong></span> <span class='ocrx_word' id='word_1_100' title='bbox 458 837 481 874; x_wconf 88' lang='lat' dir='ltr'><strong>et</strong></span> <span class='ocrx_word' id='word_1_101' title='bbox 497 829 638 890; x_wconf 84' lang='lat' dir='ltr'><strong>prerogativa</strong></span> <span class='ocrx_word' id='word_1_102' title='bbox 649 826 776 875; x_wconf 77' lang='lat' dir='ltr'><strong>dilectionis</strong></span> <span class='ocrx_word' id='word_1_103' title='bbox 792 826 906 900; x_wconf 75' lang='lat' dir='ltr'><strong>inditium,</strong></span> 
     </span>
     <span class='ocr_line' id='line_1_14' title="bbox 146 890 907 990; baseline -0.003 -53"><span class='ocrx_word' id='word_1_104' title='bbox 146 892 241 938; x_wconf 88' lang='lat' dir='ltr'><strong>hiisdem</strong></span> <span class='ocrx_word' id='word_1_105' title='bbox 260 890 331 953; x_wconf 85' lang='lat' dir='ltr'><strong>glorie</strong></span> <span class='ocrx_word' id='word_1_106' title='bbox 350 892 416 937; x_wconf 88' lang='lat' dir='ltr'><strong>armis</strong></span> <span class='ocrx_word' id='word_1_107' title='bbox 435 891 530 936; x_wconf 87' lang='lat' dir='ltr'><strong>militem</strong></span> <span class='ocrx_word' id='word_1_108' title='bbox 549 892 660 990; x_wconf 56' lang='grc'>1110111111,</span> <span class='ocrx_word' id='word_1_109' title='bbox 680 909 724 953; x_wconf 92' lang='lat' dir='ltr'><strong>que</strong></span> <span class='ocrx_word' id='word_1_110' title='bbox 742 892 810 936; x_wconf 84' lang='lat' dir='ltr'><strong>filio²¹</strong></span> <span class='ocrx_word' id='word_1_111' title='bbox 828 892 907 953; x_wconf 79' lang='lat' dir='ltr'><strong>regis²¹</strong></span> 
     </span>
     <span class='ocr_line' id='line_1_15' title="bbox 145 955 909 1017; baseline -0.001 -16"><span class='ocrx_word' id='word_1_112' title='bbox 145 955 329 1002; x_wconf 82' lang='lat' dir='ltr'><strong>excellentissima</strong></span> <span class='ocrx_word' id='word_1_113' title='bbox 351 955 461 1017; x_wconf 81' lang='lat' dir='ltr'><strong>dignitate</strong></span> <span class='ocrx_word' id='word_1_114' title='bbox 484 957 634 1002; x_wconf 85' lang='lat' dir='ltr'><strong>conveniunt!</strong></span> <span class='ocrx_word' id='word_1_115' title='bbox 668 956 690 1001; x_wconf 93' lang='lat' dir='ltr'>O</span> <span class='ocrx_word' id='word_1_116' title='bbox 710 966 786 1001; x_wconf 87' lang='lat' dir='ltr'><strong>eterna</strong></span> <span class='ocrx_word' id='word_1_117' title='bbox 802 955 909 1001; x_wconf 87' lang='lat' dir='ltr'><strong>memoria</strong></span> 
     </span>
     <span class='ocr_line' id='line_1_16' title="bbox 145 1017 908 1084; baseline -0.005 -16"><span class='ocrx_word' id='word_1_118' title='bbox 145 1021 242 1084; x_wconf 86' lang='lat' dir='ltr'><strong>dignum</strong></span> <span class='ocrx_word' id='word_1_119' title='bbox 263 1018 396 1067; x_wconf 82' lang='lat' dir='ltr'><strong>miraculum</strong></span> <span class='ocrx_word' id='word_1_120' title='bbox 419 1030 441 1066; x_wconf 92' lang='lat' dir='ltr'><strong>et</strong></span> <span class='ocrx_word' id='word_1_121' title='bbox 459 1019 507 1066; x_wconf 90' lang='lat' dir='ltr'><strong>sine</strong></span> <span class='ocrx_word' id='word_1_122' title='bbox 525 1019 586 1066; x_wconf 89' lang='lat' dir='ltr'><strong>omni</strong></span> <span class='ocrx_word' id='word_1_123' title='bbox 579 1019 769 1066; x_wconf 84' lang='lat' dir='ltr'><strong>iintermissione</strong></span> <span class='ocrx_word' id='word_1_124' title='bbox 785 1017 908 1066; x_wconf 78' lang='lat' dir='ltr'><strong>admirabili</strong></span> 
     </span>
     <span class='ocr_line' id='line_1_17' title="bbox 145 1083 908 1148; baseline -0.004 -16"><span class='ocrx_word' id='word_1_125' title='bbox 145 1085 269 1132; x_wconf 86' lang='lat' dir='ltr'><strong>reverentia</strong></span> <span class='ocrx_word' id='word_1_126' title='bbox 280 1083 424 1130; x_wconf 82' lang='lat' dir='ltr'><strong>memorabile</strong></span> <span class='ocrx_word' id='word_1_127' title='bbox 439 1095 607 1140; x_wconf 86' lang='lat' dir='ltr'><strong>sacramentum,</strong></span> <span class='ocrx_word' id='word_1_128' title='bbox 621 1086 681 1148; x_wconf 92' lang='lat' dir='ltr'><strong>quod</strong></span> <span class='ocrx_word' id='word_1_129' title='bbox 698 1086 786 1131; x_wconf 88' lang='lat' dir='ltr'><strong>oculata</strong></span> <span class='ocrx_word' id='word_1_130' title='bbox 797 1084 840 1130; x_wconf 91' lang='lat' dir='ltr'><strong>fide</strong></span> <span class='ocrx_word' id='word_1_131' title='bbox 851 1084 908 1130; x_wconf 92' lang='lat' dir='ltr'><strong>illud</strong></span> 
     </span>
     <span class='ocr_line' id='line_1_18' title="bbox 145 1149 908 1222; baseline -0.004 -27"><span class='ocrx_word' id='word_1_132' title='bbox 145 1149 279 1210; x_wconf 85' lang='lat' dir='ltr'><strong>mysterium</strong></span> <span class='ocrx_word' id='word_1_133' title='bbox 289 1158 434 1221; x_wconf 76' lang='lat' dir='ltr'><strong>representat,</strong></span> <span class='ocrx_word' id='word_1_134' title='bbox 445 1149 469 1194; x_wconf 95' lang='lat' dir='ltr'><strong>in</strong></span> <span class='ocrx_word' id='word_1_135' title='bbox 485 1166 532 1211; x_wconf 91' lang='lat' dir='ltr'><strong>quo</strong></span> <span class='ocrx_word' id='word_1_136' title='bbox 548 1166 600 1211; x_wconf 83' lang='lat' dir='ltr'><strong>agm</strong></span> <span class='ocrx_word' id='word_1_137' title='bbox 593 1149 747 1197; x_wconf 87' lang='lat' dir='ltr'><strong>&#39;immaculati</strong></span> <span class='ocrx_word' id='word_1_138' title='bbox 763 1150 853 1222; x_wconf 81' lang='lat' dir='ltr'><strong>sanguis</strong></span> <span class='ocrx_word' id='word_1_139' title='bbox 869 1165 908 1209; x_wconf 86' lang='lat' dir='ltr'><strong>per</strong></span> 
     </span>
     <span class='ocr_line' id='line_1_19' title="bbox 146 1212 907 1277; baseline -0.004 -17"><span class='ocrx_word' id='word_1_140' title='bbox 146 1214 247 1277; x_wconf 89' lang='lat' dir='ltr'><strong>quinque</strong></span> <span class='ocrx_word' id='word_1_141' title='bbox 258 1212 368 1259; x_wconf 89' lang='lat' dir='ltr'><strong>foramina</strong></span> <span class='ocrx_word' id='word_1_142' title='bbox 379 1213 529 1275; x_wconf 88' lang='lat' dir='ltr'><strong>copiosissime</strong></span> <span class='ocrx_word' id='word_1_143' title='bbox 541 1229 632 1259; x_wconf 88' lang='lat' dir='ltr'><strong>manans</strong></span> <span class='ocrx_word' id='word_1_144' title='bbox 643 1212 697 1260; x_wconf 87' lang='lat' dir='ltr'><strong>lavit</strong></span> <span class='ocrx_word' id='word_1_145' title='bbox 709 1212 907 1260; x_wconf 81' lang='grc' dir='ltr'><strong>11111111111111111111Ι</strong></span> 
     </span>
     <span class='ocr_line' id='line_1_20' title="bbox 146 1278 908 1339; baseline -0.004 -14"><span class='ocrx_word' id='word_1_146' title='bbox 146 1280 169 1325; x_wconf 95' lang='grc' dir='ltr'><strong>Ο</strong></span> <span class='ocrx_word' id='word_1_147' title='bbox 186 1278 281 1324; x_wconf 87' lang='lat' dir='ltr'><strong>sublime</strong></span> <span class='ocrx_word' id='word_1_148' title='bbox 298 1278 367 1325; x_wconf 90' lang='lat' dir='ltr'><strong>decus</strong></span> <span class='ocrx_word' id='word_1_149' title='bbox 384 1278 454 1323; x_wconf 88' lang='lat' dir='ltr'><strong>crucis</strong></span> <span class='ocrx_word' id='word_1_150' title='bbox 470 1278 557 1323; x_wconf 88' lang='lat' dir='ltr'><strong>vivifice</strong></span> <span class='ocrx_word' id='word_1_151' title='bbox 573 1278 691 1325; x_wconf 88' lang='lat' dir='ltr'><strong>mortuis²²</strong></span> <span class='ocrx_word' id='word_1_152' title='bbox 713 1278 783 1324; x_wconf 86' lang='lat' dir='ltr'><strong>vitam</strong></span> <span class='ocrx_word' id='word_1_153' title='bbox 800 1287 908 1339; x_wconf 88' lang='lat' dir='ltr'><strong>prestans,</strong></span> 
     </span>
     <span class='ocr_line' id='line_1_21' title="bbox 147 1342 910 1405; baseline -0.004 -15"><span class='ocrx_word' id='word_1_154' title='bbox 147 1343 210 1390; x_wconf 90' lang='lat' dir='ltr'><strong>cuius</strong></span> <span class='ocrx_word' id='word_1_155' title='bbox 227 1358 285 1389; x_wconf 92' lang='lat' dir='ltr'><strong>onus</strong></span> <span class='ocrx_word' id='word_1_156' title='bbox 300 1353 346 1390; x_wconf 89' lang='lat' dir='ltr'><strong>tam</strong></span> <span class='ocrx_word' id='word_1_157' title='bbox 357 1343 439 1405; x_wconf 88' lang='lat' dir='ltr'><strong>premit</strong></span> <span class='ocrx_word' id='word_1_158' title='bbox 456 1343 554 1389; x_wconf 86' lang='lat' dir='ltr'><strong>suaviter</strong></span> <span class='ocrx_word' id='word_1_159' title='bbox 570 1354 593 1389; x_wconf 90' lang='lat' dir='ltr'><strong>et</strong></span> <span class='ocrx_word' id='word_1_160' title='bbox 609 1353 656 1389; x_wconf 88' lang='lat' dir='ltr'><strong>tam</strong></span> <span class='ocrx_word' id='word_1_161' title='bbox 673 1342 766 1389; x_wconf 87' lang='lat' dir='ltr'><strong>dulciter</strong></span> <span class='ocrx_word' id='word_1_162' title='bbox 782 1342 870 1405; x_wconf 85' lang='lat' dir='ltr'><strong>pungit,</strong></span> <span class='ocrx_word' id='word_1_163' title='bbox 884 1352 910 1388; x_wconf 92' lang='lat' dir='ltr'><strong>ut</strong></span> 
     </span>
     <span class='ocr_line' id='line_1_22' title="bbox 147 1406 909 1468; baseline -0.003 -15"><span class='ocrx_word' id='word_1_164' title='bbox 147 1408 170 1453; x_wconf 93' lang='lat' dir='ltr'><strong>in</strong></span> <span class='ocrx_word' id='word_1_165' title='bbox 181 1426 207 1454; x_wconf 89' lang='lat' dir='ltr'><strong>ea</strong></span> <span class='ocrx_word' id='word_1_166' title='bbox 217 1417 308 1454; x_wconf 88' lang='lat' dir='ltr'><strong>mortua</strong></span> <span class='ocrx_word' id='word_1_167' title='bbox 319 1423 369 1454; x_wconf 80' lang='lat' dir='ltr'><strong>caro</strong></span> <span class='ocrx_word' id='word_1_168' title='bbox 379 1407 442 1453; x_wconf 86' lang='lat' dir='ltr'><strong>vivat</strong></span> <span class='ocrx_word' id='word_1_169' title='bbox 453 1417 476 1453; x_wconf 90' lang='lat' dir='ltr'><strong>et</strong></span> <span class='ocrx_word' id='word_1_170' title='bbox 484 1406 586 1452; x_wconf 86' lang='lat' dir='ltr'><strong>infirmus</strong></span> <span class='ocrx_word' id='word_1_171' title='bbox 594 1408 686 1468; x_wconf 88' lang='lat' dir='ltr'><strong>spiritus</strong></span> <span class='ocrx_word' id='word_1_172' title='bbox 694 1407 826 1453; x_wconf 82' lang='lat' dir='ltr'><strong>roboretur!</strong></span> <span class='ocrx_word' id='word_1_173' title='bbox 861 1407 909 1452; x_wconf 89' lang='lat' dir='ltr'><strong>Hic</strong></span> 
     </span>
     <span class='ocr_line' id='line_1_23' title="bbox 147 1471 910 1532; baseline -0.003 -15"><span class='ocrx_word' id='word_1_174' title='bbox 147 1483 170 1517; x_wconf 91' lang='lat' dir='ltr'><strong>te</strong></span> <span class='ocrx_word' id='word_1_175' title='bbox 183 1471 260 1517; x_wconf 80' lang='lat' dir='ltr'><strong>dilexit</strong></span> <span class='ocrx_word' id='word_1_176' title='bbox 271 1472 377 1527; x_wconf 88' lang='lat' dir='ltr'><strong>multum,</strong></span> <span class='ocrx_word' id='word_1_177' title='bbox 389 1487 456 1532; x_wconf 90' lang='lat' dir='ltr'><strong>quem</strong></span> <span class='ocrx_word' id='word_1_178' title='bbox 468 1472 499 1515; x_wconf 87' lang='lat' dir='ltr'><strong>sie</strong></span> <span class='ocrx_word' id='word_1_179' title='bbox 510 1471 669 1531; x_wconf 85' lang='lat' dir='ltr'><strong>gloriosissime</strong></span> <span class='ocrx_word' id='word_1_180' title='bbox 680 1471 795 1517; x_wconf 84' lang='lat' dir='ltr'><strong>decorasti.</strong></span> <span class='ocrx_word' id='word_1_181' title='bbox 829 1471 910 1518; x_wconf 86' lang='lat' dir='ltr'><strong>Gloria</strong></span> 
     </span>
     <span class='ocr_line' id='line_1_24' title="bbox 146 1532 909 1597; baseline -0.001 -17"><span class='ocrx_word' id='word_1_182' title='bbox 146 1546 169 1580; x_wconf 89' lang='lat' dir='ltr'><strong>et</strong></span> <span class='ocrx_word' id='word_1_183' title='bbox 179 1533 305 1580; x_wconf 88' lang='lat' dir='ltr'><strong>benedictio</strong></span> <span class='ocrx_word' id='word_1_184' title='bbox 317 1532 358 1579; x_wconf 90' lang='lat' dir='ltr'><strong>soli</strong></span> <span class='ocrx_word' id='word_1_185' title='bbox 370 1542 385 1565; x_wconf 79' lang='lat'><strong>²³</strong></span> <span class='ocrx_word' id='word_1_186' title='bbox 397 1533 491 1596; x_wconf 88' lang='lat' dir='ltr'><strong>sapienti</strong></span> <span class='ocrx_word' id='word_1_187' title='bbox 507 1534 557 1591; x_wconf 89' lang='lat' dir='ltr'><strong>deo,</strong></span> <span class='ocrx_word' id='word_1_188' title='bbox 569 1535 607 1597; x_wconf 93' lang='lat' dir='ltr'><strong>qui</strong></span> <span class='ocrx_word' id='word_1_189' title='bbox 624 1535 717 1581; x_wconf 88' lang='lat' dir='ltr'><strong>innovat</strong></span> <span class='ocrx_word' id='word_1_190' title='bbox 734 1534 909 1597; x_wconf 50' lang='grc'><strong>1111111111111124</strong></span> 
     </span>
     <span class='ocr_line' id='line_1_25' title="bbox 147 1598 910 1656; baseline -0.001 -10"><span class='ocrx_word' id='word_1_191' title='bbox 147 1598 262 1656; x_wconf 86' lang='lat' dir='ltr'><strong>mirabilia,</strong></span> <span class='ocrx_word' id='word_1_192' title='bbox 280 1609 306 1645; x_wconf 89' lang='lat' dir='ltr'><strong>ut</strong></span> <span class='ocrx_word' id='word_1_193' title='bbox 323 1600 463 1645; x_wconf 86' lang='lat' dir='ltr'><strong>infirmorum</strong></span> <span class='ocrx_word' id='word_1_194' title='bbox 481 1608 566 1644; x_wconf 89' lang='lat' dir='ltr'><strong>mentes</strong></span> <span class='ocrx_word' id='word_1_195' title='bbox 583 1600 647 1645; x_wconf 90' lang='lat' dir='ltr'><strong>novis</strong></span> <span class='ocrx_word' id='word_1_196' title='bbox 664 1599 839 1646; x_wconf 87' lang='lat' dir='ltr'><strong>revelationibus</strong></span> <span class='ocrx_word' id='word_1_197' title='bbox 855 1615 910 1645; x_wconf 89' lang='lat' dir='ltr'><strong>con-</strong></span> 
     </span>
     <span class='ocr_line' id='line_1_26' title="bbox 146 1663 910 1726; baseline -0.003 -16"><span class='ocrx_word' id='word_1_198' title='bbox 146 1664 254 1720; x_wconf 86' lang='lat' dir='ltr'><strong>soletur,²⁵</strong></span> <span class='ocrx_word' id='word_1_199' title='bbox 266 1674 292 1709; x_wconf 91' lang='lat' dir='ltr'><strong>ut</strong></span> <span class='ocrx_word' id='word_1_200' title='bbox 303 1680 342 1725; x_wconf 89' lang='lat' dir='ltr'><strong>per</strong></span> <span class='ocrx_word' id='word_1_201' title='bbox 359 1663 482 1710; x_wconf 84' lang='lat' dir='ltr'><strong>visibilium</strong></span> <span class='ocrx_word' id='word_1_202' title='bbox 499 1664 599 1710; x_wconf 89' lang='lat' dir='ltr'><strong>mirabile</strong></span> <span class='ocrx_word' id='word_1_203' title='bbox 615 1681 671 1726; x_wconf 90' lang='lat' dir='ltr'><strong>opus</strong></span> <span class='ocrx_word' id='word_1_204' title='bbox 688 1665 788 1726; x_wconf 88' lang='lat' dir='ltr'><strong>ipsorum</strong></span> <span class='ocrx_word' id='word_1_205' title='bbox 804 1664 870 1710; x_wconf 84' lang='lat' dir='ltr'><strong>corda</strong></span> <span class='ocrx_word' id='word_1_206' title='bbox 887 1664 910 1708; x_wconf 95' lang='lat' dir='ltr'><strong>in</strong></span> 
     </span>
     <span class='ocr_line' id='line_1_27' title="bbox 147 1728 560 1787; baseline -0.002 -13"><span class='ocrx_word' id='word_1_207' title='bbox 147 1745 246 1775; x_wconf 88' lang='lat' dir='ltr'><strong>amorem</strong></span> <span class='ocrx_word' id='word_1_208' title='bbox 254 1729 269 1753; x_wconf 80' lang='lat'><strong>²⁶</strong></span> <span class='ocrx_word' id='word_1_209' title='bbox 280 1728 428 1774; x_wconf 88' lang='lat' dir='ltr'><strong>invisibilium</strong></span> <span class='ocrx_word' id='word_1_210' title='bbox 440 1728 560 1787; x_wconf 84' lang='lat' dir='ltr'><strong>rapiantur.</strong></span> 
     </span>
    </p>

    <p class='ocr_par' dir='ltr' id='par_1_5' title="bbox 146 1790 913 2563">
     <span class='ocr_line' id='line_1_28' title="bbox 195 1790 911 1854; baseline -0.003 -16"><span class='ocrx_word' id='word_1_211' title='bbox 195 1793 217 1838; x_wconf 94' lang='grc' dir='ltr'>Ο</span> <span class='ocrx_word' id='word_1_212' title='bbox 235 1792 291 1838; x_wconf 88' lang='lat' dir='ltr'><strong>mira</strong></span> <span class='ocrx_word' id='word_1_213' title='bbox 302 1801 325 1837; x_wconf 92' lang='lat' dir='ltr'><strong>et</strong></span> <span class='ocrx_word' id='word_1_214' title='bbox 336 1790 435 1837; x_wconf 84' lang='lat' dir='ltr'><strong>amabilis</strong></span> <span class='ocrx_word' id='word_1_215' title='bbox 447 1791 565 1852; x_wconf 89' lang='lat' dir='ltr'><strong>dispositio</strong></span> <span class='ocrx_word' id='word_1_216' title='bbox 576 1792 620 1847; x_wconf 84' lang='lat' dir='ltr'><strong>dei,</strong></span> <span class='ocrx_word' id='word_1_217' title='bbox 631 1808 682 1854; x_wconf 82' lang='lat' dir='ltr'><strong>que,</strong></span> <span class='ocrx_word' id='word_1_218' title='bbox 695 1802 721 1837; x_wconf 92' lang='lat' dir='ltr'><strong>ut</strong></span> <span class='ocrx_word' id='word_1_219' title='bbox 732 1792 794 1837; x_wconf 87' lang='lat' dir='ltr'><strong>nulla</strong></span> <span class='ocrx_word' id='word_1_220' title='bbox 805 1791 833 1837; x_wconf 92' lang='lat' dir='ltr'><strong>de</strong></span> <span class='ocrx_word' id='word_1_221' title='bbox 844 1791 911 1836; x_wconf 87' lang='lat' dir='ltr'><strong>mira-</strong></span> 
     </span>
     <span class='ocr_line' id='line_1_29' title="bbox 148 1855 911 1920; baseline -0.001 -17"><span class='ocrx_word' id='word_1_222' title='bbox 148 1856 191 1904; x_wconf 92' lang='lat' dir='ltr'><strong>culi</strong></span> <span class='ocrx_word' id='word_1_223' title='bbox 204 1856 303 1904; x_wconf 88' lang='lat' dir='ltr'><strong>novitate</strong></span> <span class='ocrx_word' id='word_1_224' title='bbox 314 1866 389 1920; x_wconf 90' lang='lat' dir='ltr'><strong>posset</strong></span> <span class='ocrx_word' id='word_1_225' title='bbox 405 1855 458 1901; x_wconf 91' lang='lat' dir='ltr'><strong>oriri</strong></span> <span class='ocrx_word' id='word_1_226' title='bbox 475 1856 580 1918; x_wconf 87' lang='lat' dir='ltr'><strong>suspicio,</strong></span> <span class='ocrx_word' id='word_1_227' title='bbox 592 1857 666 1918; x_wconf 90' lang='lat' dir='ltr'><strong>primo</strong></span> <span class='ocrx_word' id='word_1_228' title='bbox 682 1856 857 1903; x_wconf 88' lang='lat' dir='ltr'><strong>misericorditer</strong></span> <span class='ocrx_word' id='word_1_229' title='bbox 874 1872 911 1902; x_wconf 88' lang='lat' dir='ltr'><strong>os-</strong></span> 
     </span>
     <span class='ocr_line' id='line_1_30' title="bbox 148 1920 911 1984; baseline -0.004 -15"><span class='ocrx_word' id='word_1_230' title='bbox 148 1922 220 1969; x_wconf 89' lang='lat' dir='ltr'><strong>tendit</strong></span> <span class='ocrx_word' id='word_1_231' title='bbox 231 1921 255 1967; x_wconf 92' lang='lat' dir='ltr'><strong>in</strong></span> <span class='ocrx_word' id='word_1_232' title='bbox 266 1938 300 1976; x_wconf 90' lang='lat' dir='ltr'><strong>eo,</strong></span> <span class='ocrx_word' id='word_1_233' title='bbox 312 1922 350 1984; x_wconf 92' lang='lat' dir='ltr'><strong>qui</strong></span> <span class='ocrx_word' id='word_1_234' title='bbox 366 1921 395 1968; x_wconf 91' lang='lat' dir='ltr'><strong>de</strong></span> <span class='ocrx_word' id='word_1_235' title='bbox 412 1920 464 1967; x_wconf 86' lang='lat' dir='ltr'><strong>celis</strong></span> <span class='ocrx_word' id='word_1_236' title='bbox 481 1932 535 1979; x_wconf 85' lang='lat' dir='ltr'><strong>erat,</strong></span> <span class='ocrx_word' id='word_1_237' title='bbox 547 1921 609 1984; x_wconf 88' lang='lat' dir='ltr'><strong>quod</strong></span> <span class='ocrx_word' id='word_1_238' title='bbox 626 1920 757 1968; x_wconf 89' lang='lat' dir='ltr'><strong>mirabiliter</strong></span> <span class='ocrx_word' id='word_1_239' title='bbox 776 1920 844 1983; x_wconf 88' lang='lat' dir='ltr'><strong>paulo</strong></span> <span class='ocrx_word' id='word_1_240' title='bbox 860 1932 911 1983; x_wconf 88' lang='lat' dir='ltr'><strong>post</strong></span> 
     </span>
     <span class='ocr_line' id='line_1_31' title="bbox 146 1984 911 2047; baseline -0.001 -17"><span class='ocrx_word' id='word_1_241' title='bbox 146 1987 246 2031; x_wconf 89' lang='lat' dir='ltr'><strong>facturus</strong></span> <span class='ocrx_word' id='word_1_242' title='bbox 252 1996 299 2029; x_wconf 84' lang='lat' dir='ltr'><strong>erat</strong></span> <span class='ocrx_word' id='word_1_243' title='bbox 310 1985 333 2029; x_wconf 94' lang='lat' dir='ltr'><strong>in</strong></span> <span class='ocrx_word' id='word_1_244' title='bbox 344 2002 379 2040; x_wconf 88' lang='lat' dir='ltr'><strong>eo,</strong></span> <span class='ocrx_word' id='word_1_245' title='bbox 387 1986 427 2046; x_wconf 89' lang='lat' dir='ltr'><strong>qui</strong></span> <span class='ocrx_word' id='word_1_246' title='bbox 438 1984 533 2044; x_wconf 82' lang='lat' dir='ltr'><strong>degebat</strong></span> <span class='ocrx_word' id='word_1_247' title='bbox 541 1986 564 2030; x_wconf 90' lang='lat' dir='ltr'><strong>in</strong></span> <span class='ocrx_word' id='word_1_248' title='bbox 573 1987 637 2031; x_wconf 88' lang='lat' dir='ltr'><strong>terris</strong></span> <span class='ocrx_word' id='word_1_249' title='bbox 648 1987 652 2030; x_wconf 84' lang='lat' dir='ltr'><strong>l</strong></span> <span class='ocrx_word' id='word_1_250' title='bbox 670 1986 702 2031; x_wconf 91' lang='lat' dir='ltr'><strong>Et</strong></span> <span class='ocrx_word' id='word_1_251' title='bbox 713 1986 805 2047; x_wconf 89' lang='lat' dir='ltr'><strong>quidem</strong></span> <span class='ocrx_word' id='word_1_252' title='bbox 815 1986 911 2032; x_wconf 81' lang='lat' dir='ltr'><strong>indicare</strong></span> 
     </span>
     <span class='ocr_line' id='line_1_32' title="bbox 148 2048 912 2112; baseline -0.004 -16"><span class='ocrx_word' id='word_1_253' title='bbox 148 2049 221 2097; x_wconf 91' lang='lat' dir='ltr'><strong>voluit</strong></span> <span class='ocrx_word' id='word_1_254' title='bbox 232 2065 298 2095; x_wconf 90' lang='lat' dir='ltr'><strong>verus</strong></span> <span class='ocrx_word' id='word_1_255' title='bbox 309 2059 372 2111; x_wconf 84' lang='lat' dir='ltr'><strong>pater</strong></span> <span class='ocrx_word' id='word_1_256' title='bbox 383 2048 586 2094; x_wconf 87' lang='lat' dir='ltr'><strong>misericordiarum</strong></span> <span class='ocrx_word' id='word_1_257' title='bbox 598 2059 686 2112; x_wconf 87' lang='lat' dir='ltr'><strong>quanto</strong></span> <span class='ocrx_word' id='word_1_258' title='bbox 696 2049 783 2111; x_wconf 86' lang='lat' dir='ltr'><strong>premio</strong></span> <span class='ocrx_word' id='word_1_259' title='bbox 795 2048 877 2112; x_wconf 85' lang='lat' dir='ltr'><strong>dignus</strong></span> <span class='ocrx_word' id='word_1_260' title='bbox 883 2049 912 2093; x_wconf 92' lang='lat' dir='ltr'><strong>sit</strong></span> 
     </span>
     <span class='ocr_line' id='line_1_33' title="bbox 148 2112 912 2179; baseline -0.004 -17"><span class='ocrx_word' id='word_1_261' title='bbox 148 2115 187 2179; x_wconf 92' lang='lat' dir='ltr'><strong>qui</strong></span> <span class='ocrx_word' id='word_1_262' title='bbox 198 2130 250 2161; x_wconf 90' lang='lat' dir='ltr'><strong>eum</strong></span> <span class='ocrx_word' id='word_1_263' title='bbox 264 2113 356 2177; x_wconf 86' lang='lat' dir='ltr'><strong>diligere</strong></span> <span class='ocrx_word' id='word_1_264' title='bbox 367 2112 456 2160; x_wconf 89' lang='lat' dir='ltr'><strong>studuit</strong></span> <span class='ocrx_word' id='word_1_265' title='bbox 468 2122 518 2159; x_wconf 87' lang='lat' dir='ltr'><strong>toto</strong></span> <span class='ocrx_word' id='word_1_266' title='bbox 529 2114 604 2173; x_wconf 83' lang='lat' dir='ltr'><strong>corde,</strong></span> <span class='ocrx_word' id='word_1_267' title='bbox 615 2114 670 2160; x_wconf 91' lang='lat' dir='ltr'><strong>utin</strong></span> <span class='ocrx_word' id='word_1_268' title='bbox 685 2114 796 2176; x_wconf 90' lang='lat' dir='ltr'><strong>superiori</strong></span> <span class='ocrx_word' id='word_1_269' title='bbox 803 2122 818 2145; x_wconf 89' lang='lat'><strong>²⁷</strong></span> <span class='ocrx_word' id='word_1_270' title='bbox 830 2114 912 2160; x_wconf 90' lang='lat' dir='ltr'><strong>scilicet</strong></span> 
     </span>
     <span class='ocr_line' id='line_1_34' title="bbox 147 2179 912 2240; baseline 0 -15"><span class='ocrx_word' id='word_1_271' title='bbox 147 2197 172 2226; x_wconf 87' lang='lat' dir='ltr'><strong>ac</strong></span> <span class='ocrx_word' id='word_1_272' title='bbox 191 2180 256 2225; x_wconf 79' lang='lat' dir='ltr'><strong>sibi²⁸</strong></span> <span class='ocrx_word' id='word_1_273' title='bbox 272 2180 376 2225; x_wconf 88' lang='lat' dir='ltr'><strong>viciniori</strong></span> <span class='ocrx_word' id='word_1_274' title='bbox 392 2195 459 2240; x_wconf 90' lang='lat' dir='ltr'><strong>super</strong></span> <span class='ocrx_word' id='word_1_275' title='bbox 478 2179 610 2225; x_wconf 80' lang='lat' dir='ltr'><strong>celestinum</strong></span> <span class='ocrx_word' id='word_1_276' title='bbox 628 2180 750 2240; x_wconf 87' lang='lat' dir='ltr'><strong>spirituum</strong></span> <span class='ocrx_word' id='word_1_277' title='bbox 769 2179 848 2225; x_wconf 89' lang='lat' dir='ltr'><strong>ordine</strong></span> <span class='ocrx_word' id='word_1_278' title='bbox 866 2180 912 2225; x_wconf 89' lang='lat' dir='ltr'><strong>col-</strong></span> 
     </span>
     <span class='ocr_line' id='line_1_35' title="bbox 147 2245 241 2291; baseline -0.021 -1"><span class='ocrx_word' id='word_1_279' title='bbox 147 2245 241 2291; x_wconf 85' lang='lat' dir='ltr'><strong>locetur.</strong></span> 
     </span>
     <span class='ocr_line' id='line_1_36' title="bbox 157 2306 912 2369; baseline 0 -17"><span class='ocrx_word' id='word_1_280' title='bbox 157 2330 158 2333; x_wconf 39' lang='lat'>¹</span> <span class='ocrx_word' id='word_1_281' title='bbox 196 2307 268 2359; x_wconf 89' lang='lat' dir='ltr'><strong>Quod</strong></span> <span class='ocrx_word' id='word_1_282' title='bbox 286 2307 366 2369; x_wconf 91' lang='lat' dir='ltr'><strong>utique</strong></span> <span class='ocrx_word' id='word_1_283' title='bbox 385 2306 538 2353; x_wconf 86' lang='lat' dir='ltr'><strong>indubitanter</strong></span> <span class='ocrx_word' id='word_1_284' title='bbox 557 2307 648 2367; x_wconf 87' lang='lat' dir='ltr'><strong>adipisci</strong></span> <span class='ocrx_word' id='word_1_285' title='bbox 666 2309 797 2367; x_wconf 89' lang='lat' dir='ltr'><strong>poterimus,</strong></span> <span class='ocrx_word' id='word_1_286' title='bbox 815 2309 833 2352; x_wconf 92' lang='lat' dir='ltr'><strong>si</strong></span> <span class='ocrx_word' id='word_1_287' title='bbox 850 2323 912 2352; x_wconf 90' lang='lat' dir='ltr'><strong>more</strong></span> 
     </span>
     <span class='ocr_line' id='line_1_37' title="bbox 148 2370 913 2434; baseline -0.003 -15"><span class='ocrx_word' id='word_1_288' title='bbox 148 2372 259 2434; x_wconf 88' lang='lat' dir='ltr'><strong>seraphim</strong></span> <span class='ocrx_word' id='word_1_289' title='bbox 270 2371 325 2419; x_wconf 90' lang='lat' dir='ltr'><strong>duas</strong></span> <span class='ocrx_word' id='word_1_290' title='bbox 333 2370 378 2419; x_wconf 83' lang='lat' dir='ltr'><strong>alas</strong></span> <span class='ocrx_word' id='word_1_291' title='bbox 389 2370 556 2418; x_wconf 83' lang='lat' dir='ltr'><strong>extenderimus</strong></span> <span class='ocrx_word' id='word_1_292' title='bbox 566 2389 634 2434; x_wconf 89' lang='lat' dir='ltr'><strong>super</strong></span> <span class='ocrx_word' id='word_1_293' title='bbox 645 2371 726 2434; x_wconf 86' lang='lat' dir='ltr'><strong>capud,</strong></span> <span class='ocrx_word' id='word_1_294' title='bbox 733 2371 839 2418; x_wconf 89' lang='lat' dir='ltr'><strong>habentes</strong></span> <span class='ocrx_word' id='word_1_295' title='bbox 849 2371 913 2418; x_wconf 91' lang='lat' dir='ltr'><strong>vide-</strong></span> 
     </span>
     <span class='ocr_line' id='line_1_38' title="bbox 147 2436 912 2499; baseline -0.001 -15"><span class='ocrx_word' id='word_1_296' title='bbox 147 2438 220 2484; x_wconf 83' lang='lat' dir='ltr'><strong>licet²⁹</strong></span> <span class='ocrx_word' id='word_1_297' title='bbox 228 2436 287 2483; x_wconf 91' lang='lat' dir='ltr'><strong>beati</strong></span> <span class='ocrx_word' id='word_1_298' title='bbox 295 2436 396 2483; x_wconf 88' lang='lat' dir='ltr'><strong>francisci</strong></span> <span class='ocrx_word' id='word_1_299' title='bbox 405 2436 507 2498; x_wconf 83' lang='lat' dir='ltr'><strong>exemplo</strong></span> <span class='ocrx_word' id='word_1_300' title='bbox 515 2436 538 2482; x_wconf 91' lang='lat' dir='ltr'><strong>in</strong></span> <span class='ocrx_word' id='word_1_301' title='bbox 547 2437 610 2483; x_wconf 92' lang='lat' dir='ltr'><strong>omni</strong></span> <span class='ocrx_word' id='word_1_302' title='bbox 618 2453 686 2499; x_wconf 89' lang='lat' dir='ltr'><strong>opere</strong></span> <span class='ocrx_word' id='word_1_303' title='bbox 695 2436 755 2483; x_wconf 91' lang='lat' dir='ltr'><strong>bono</strong></span> <span class='ocrx_word' id='word_1_304' title='bbox 764 2437 912 2483; x_wconf 92' lang='lat' dir='ltr'><strong>intentionem</strong></span> 
     </span>
     <span class='ocr_line' id='line_1_39' title="bbox 149 2501 912 2563; baseline -0.001 -15"><span class='ocrx_word' id='word_1_305' title='bbox 149 2518 228 2563; x_wconf 88' lang='lat' dir='ltr'><strong>puram</strong></span> <span class='ocrx_word' id='word_1_306' title='bbox 244 2512 267 2547; x_wconf 88' lang='lat' dir='ltr'><strong>et</strong></span> <span class='ocrx_word' id='word_1_307' title='bbox 281 2501 433 2561; x_wconf 89' lang='lat' dir='ltr'><strong>operationem</strong></span> <span class='ocrx_word' id='word_1_308' title='bbox 449 2512 532 2547; x_wconf 87' lang='lat' dir='ltr'><strong>rectam</strong></span> <span class='ocrx_word' id='word_1_309' title='bbox 549 2512 572 2547; x_wconf 90' lang='lat' dir='ltr'><strong>et</strong></span> <span class='ocrx_word' id='word_1_310' title='bbox 582 2501 625 2546; x_wconf 91' lang='lat' dir='ltr'><strong>hiis</strong></span> <span class='ocrx_word' id='word_1_311' title='bbox 636 2501 727 2548; x_wconf 89' lang='lat' dir='ltr'><strong>directis</strong></span> <span class='ocrx_word' id='word_1_312' title='bbox 744 2502 771 2547; x_wconf 87' lang='lat' dir='ltr'><strong>ad</strong></span> <span class='ocrx_word' id='word_1_313' title='bbox 783 2502 859 2557; x_wconf 87' lang='lat' dir='ltr'><strong>deum,</strong></span> <span class='ocrx_word' id='word_1_314' title='bbox 870 2502 912 2547; x_wconf 90' lang='lat' dir='ltr'><strong>soli</strong></span> 
     </span>
    </p>
   </div>
   <div class='ocr_carea' id='block_1_3' title="bbox 187 2601 878 2798">
    <p class='ocr_par' dir='ltr' id='par_1_6' title="bbox 187 2601 878 2798">
     <span class='ocr_line' id='line_1_40' title="bbox 187 2601 862 2650; baseline -0.003 -9"><span class='ocrx_word' id='word_1_315' title='bbox 187 2607 204 2626; x_wconf 85' lang='lat'><strong>²⁰</strong></span> <span class='ocrx_word' id='word_1_316' title='bbox 213 2603 234 2641; x_wconf 85' lang='lat' dir='ltr'><strong>L.</strong></span> <span class='ocrx_word' id='word_1_317' title='bbox 243 2602 282 2639; x_wconf 88' lang='lat' dir='ltr'><strong>hec.</strong></span> <span class='ocrx_word' id='word_1_318' title='bbox 309 2604 409 2640; x_wconf 77' lang='lat' dir='ltr'><strong>Osomits.</strong></span> <span class='ocrx_word' id='word_1_319' title='bbox 481 2605 495 2625; x_wconf 77' lang='lat'><strong>²¹</strong></span> <span class='ocrx_word' id='word_1_320' title='bbox 505 2601 533 2640; x_wconf 85' lang='lat' dir='ltr'><strong>H.</strong></span> <span class='ocrx_word' id='word_1_321' title='bbox 543 2602 577 2639; x_wconf 83' lang='grc'>11111</span> <span class='ocrx_word' id='word_1_322' title='bbox 586 2603 607 2640; x_wconf 92' lang='lat' dir='ltr'><strong>L.</strong></span> <span class='ocrx_word' id='word_1_323' title='bbox 617 2601 654 2639; x_wconf 83' lang='lat' dir='ltr'><strong>sola</strong></span> <span class='ocrx_word' id='word_1_324' title='bbox 662 2603 705 2650; x_wconf 82' lang='lat' dir='ltr'><strong>regi.</strong></span> <span class='ocrx_word' id='word_1_325' title='bbox 736 2604 769 2641; x_wconf 81' lang='lat' dir='ltr'><strong>Os.</strong></span> <span class='ocrx_word' id='word_1_326' title='bbox 779 2601 811 2640; x_wconf 81' lang='grc'>1011</span> <span class='ocrx_word' id='word_1_327' title='bbox 819 2604 862 2650; x_wconf 85' lang='lat' dir='ltr'><strong>regi.</strong></span> 
     </span>
     <span class='ocr_line' id='line_1_41' title="bbox 188 2654 878 2693; baseline 0 0"><span class='ocrx_word' id='word_1_328' title='bbox 188 2659 203 2678; x_wconf 86' lang='lat'><strong>²²</strong></span> <span class='ocrx_word' id='word_1_329' title='bbox 213 2657 245 2693; x_wconf 81' lang='grc'><strong>01,</strong></span> <span class='ocrx_word' id='word_1_330' title='bbox 255 2655 312 2692; x_wconf 78' lang='lat' dir='ltr'><strong>omits</strong></span> <span class='ocrx_word' id='word_1_331' title='bbox 351 2655 452 2693; x_wconf 68' lang='grc' dir='ltr'><strong>Ζ3010111.</strong></span> <span class='ocrx_word' id='word_1_332' title='bbox 487 2654 725 2693; x_wconf 45' lang='grc'><strong>211111111011111111111.</strong></span> <span class='ocrx_word' id='word_1_333' title='bbox 752 2654 780 2693; x_wconf 82' lang='grc' dir='ltr'><strong>Η,</strong></span> <span class='ocrx_word' id='word_1_334' title='bbox 789 2663 807 2692; x_wconf 91' lang='lat' dir='ltr'><strong>et</strong></span> <span class='ocrx_word' id='word_1_335' title='bbox 816 2656 878 2693; x_wconf 86' lang='lat' dir='ltr'><strong>mittat.</strong></span> 
     </span>
     <span class='ocr_line' id='line_1_42' title="bbox 188 2705 842 2745; baseline 0.002 -2"><span class='ocrx_word' id='word_1_336' title='bbox 188 2706 375 2745; x_wconf 69' lang='grc'><strong>2501010111011111111.</strong></span> <span class='ocrx_word' id='word_1_337' title='bbox 462 2705 598 2745; x_wconf 69' lang='grc'><strong>260111111011.</strong></span> <span class='ocrx_word' id='word_1_338' title='bbox 677 2707 842 2745; x_wconf 70' lang='grc' dir='ltr'><strong>Ζ7011111111010.</strong></span> 
     </span>
     <span class='ocr_line' id='line_1_43' title="bbox 189 2758 771 2798; baseline -0.005 0"><span class='ocrx_word' id='word_1_339' title='bbox 189 2759 204 2783; x_wconf 76' lang='lat'><strong>²⁸</strong></span> <span class='ocrx_word' id='word_1_340' title='bbox 214 2759 240 2798; x_wconf 89' lang='lat' dir='ltr'><strong>H.</strong></span> <span class='ocrx_word' id='word_1_341' title='bbox 250 2760 306 2797; x_wconf 85' lang='lat' dir='ltr'><strong>omits.</strong></span> <span class='ocrx_word' id='word_1_342' title='bbox 359 2758 477 2796; x_wconf 70' lang='grc'><strong>29110111111.</strong></span> <span class='ocrx_word' id='word_1_343' title='bbox 769 2773 771 2776; x_wconf 64' lang='grc'>’</span> 
     </span>
    </p>
   </div>
   <div class='ocr_carea' id='block_1_4' title="bbox 0 0 969 3169">
    <p class='ocr_par' dir='ltr' id='par_1_7' title="bbox 0 0 969 3169">
     <span class='ocr_line' id='line_1_44' title="bbox 0 0 969 3169; baseline 0 0"><span class='ocrx_word' id='word_1_344' title='bbox 0 0 969 3169; x_wconf 95' lang='lat' dir='ltr'><strong> </strong></span> 
     </span>
    </p>
   </div>
  </div>
 </body>
</html>
