1919 3169
279 102 440 148 LEGENDA
456 102 614 162 ANTIQUA
800 115 828 161 57

63 196 126 244 libris
136 197 229 245 habebat
220 199 301 272 t,quia
311 215 358 245 non
369 197 452 244 frustra
463 200 530 244 semel
546 197 646 260 capiebat
662 197 753 242 auditus
770 199 831 260 quod

65 271 117 309 con
118 278 170 309 mua
191 236 267 310 dedoti
250 273 312 310 tione
333 278 392 309 rum
385 260 458 309 naba
482 262 580 309 affectus
632 262 704 309 Hunc
731 261 831 309 discendi

63 327 196 402 legendique
217 330 311 375 modum
330 328 473 374 fructuosum
492 328 587 385 dicebat,
605 344 650 373 non
668 343 708 389 per
726 327 833 373 millesios

64 394 152 453 evagari
170 403 282 440 tractatus.
330 393 416 438 Verum
433 392 527 438 habebat
544 392 719 455 phylosophum,
739 393 777 454 qui
793 392 833 435 de-

65 455 147 501 siderio
168 456 214 502 vite
235 467 311 502 eterne
333 455 402 500 nichil
428 468 568 519 preponeret.
614 454 732 501 Asserebat
759 464 838 500 autem

65 521 157 567 scientia
175 522 209 567 sui
228 522 257 568 ad
275 521 390 566 scientiam
409 521 445 566 dei
456 520 522 568 facile
541 530 704 584 perventurum
724 535 782 576 eum,
795 518 833 581 qui

65 585 175 647 scripture
188 586 305 632 intendens
321 585 418 641 humilis
437 602 482 631 non
499 595 691 659 presumptuosus,
704 584 832 658 inquireret.

67 650 186 697 Enodabat
177 650 331 714 tfrequenter
347 623 481 714 quandoque
502 650 570 697 dubia
586 650 729 714 questionum
747 660 770 695 et
791 649 834 695 im-

66 716 152 776 peritus
163 716 237 761 verbis
247 715 387 760 intellectum
398 726 420 760 et
431 716 539 760 virtutem
550 715 674 760 luculenter
685 714 809 776 promebat.

114 813 248 895 manente
262 840 312 902 ipso
327 841 388 902 apud
404 856 467 886 senas
469 840 583 915 ,11111111
601 840 655 887 illuc
669 840 746 886 venire
757 838 892 903 quem-[Ml]

67 906 120 951 dam
136 906 164 951 de
180 906 258 951 ordine
268 906 443 968 predicatorum,
455 906 530 952 virum
544 906 640 979 quidem
656 904 794 966 spiritualem
814 914 836 949 et

67 985 127 1015 sacre
143 970 256 1033 theologie
272 971 397 1016 doctorem.
432 970 548 1017 Visitato'
542 971 613 1034 igitur
629 969 694 1017 beato
711 969 836 1025 Francisco,

68 1035 114 1107 ipse
127 1036 185 1095 perit
187 1050 213 1079 us
229 1045 252 1080 et
269 1044 358 1080 sanctus
376 1035 415 1081 diu
433 1036 461 1081 de
479 1035 553 1080 verbis
570 1035 606 1080 dei
624 1034 754 1081 dulcissima
770 1032 838 1079 colla-

36 1109 38 1115 '
68 1099 129 1144 tione
139 1098 254 1144 fruuntur.
288 1098 440 1160 Interrogavit
451 1109 526 1144 autem
536 1115 589 1144 eum
604 1098 677 1144 dictus
693 1098 812 1171 magister
809 1098 837 1143 de

68 1163 108 1209 illo
125 1162 227 1209 ezechiel
223 1180 241 1208 rs
214 1162 343 1210 lverbo:
364 1164 386 1208 Si
406 1180 452 1209 non
469 1162 654 1209 annuntiaveritis
671 1161 742 1235 impio
759 1162 838 1224 impie-

69 1237 139 1272 tatem
160 1244 231 1283 suam,
250 1228 346 1272 animam
367 1228 415 1272 eius
433 1229 462 1273 de
483 1244 550 1272 manu
572 1237 611 1272 tua
631 1228 756 1299 requiram;
782 1226 839 1272 dixit

70 1291 144 1336 enim:
163 1291 261 1347 Multos,
273 1290 331 1336 bone
347 1301 418 1352 pater,
429 1291 476 1353 ipse
493 1307 626 1354 congnosce,
638 1307 695 1354 quos
706 1291 776 1336 sciens
792 1306 838 1336 esse

70 1355 93 1402 in
105 1367 195 1418 peccato
206 1355 302 1411 mortali,
314 1372 360 1402 non
372 1372 459 1419 semper
476 1357 614 1418 impietatem
630 1372 694 1402 suam
710 1355 838 1401 annunctio.

71 1421 191 1483 Numquid
210 1421 238 1466 de
257 1436 325 1465 manu
344 1436 393 1465 mea
411 1421 490 1466 talium
509 1420 581 1466 anime
603 1419 762 1483 requirentur?
796 1419 839 1465 Cui

71 1500 123 1530 cum
142 1486 219 1530 beatus
239 1485 384 1531 Francischus
406 1485 507 1544 ydiotam
524 1502 546 1530 se
563 1486 647 1530 diceret
663 1495 686 1529 et
702 1484 753 1529 ideo
769 1485 840 1545 magis

70 1547 198 1593 docendum
206 1547 233 1596 ab
241 1564 275 1603 eo,
283 1564 350 1609 quam
361 1563 428 1610 supra
438 1549 547 1610 scripture
555 1548 688 1594 sententiam
696 1547 837 1609 respondere,

71 1612 150 1659 adiecit
174 1611 264 1659 humilis
285 1613 323 1658 ille
349 1614 470 1675 magister:
499 1614 583 1668 Frater,
604 1613 657 1658 licet
678 1610 704 1657 ab
726 1611 838 1675 aliquibus

72 1676 207 1740 sapientibus
229 1675 292 1722 verbi
318 1676 386 1722 huius
412 1677 579 1739 responsionem
605 1677 719 1733 audierim,
743 1676 838 1722 libenter

71 1751 146 1787 tamen
165 1757 231 1803 super
249 1742 292 1787 hoc
311 1751 376 1786 tuum
395 1742 516 1803 reciperem
535 1741 680 1788 intellectum.
724 1741 789 1786 Dixit
810 1740 838 1785 ad

72 1821 125 1850 eum
147 1805 223 1850 beatus
245 1805 405 1850 Francischus:
431 1806 453 1849 Si
477 1804 572 1850 verbum
596 1804 751 1851 universaliter
772 1803 839 1850 debet

72 1869 175 1931 intelligi,
186 1868 260 1915 taliter
277 1885 320 1931 ego
336 1869 425 1930 accipio,
444 1871 507 1931 quod
524 1886 601 1916 servus
617 1870 653 1916 dei
669 1870 700 1915 sic
716 1867 782 1915 debet
792 1868 839 1915 vita

72 1944 95 1981 et
105 1935 199 1982 veritate
209 1934 232 1980 11
249 1950 271 1980 se
287 1934 370 1990 ardere,
382 1944 408 1980 ut
428 1934 476 1980 luce
495 1935 590 1996 exempli
609 1945 632 1981 et
650 1935 728 1997 lingua
745 1950 839 1981 conver-

72 1999 164 2043 sationis
171 2014 248 2044 omnes
254 1999 335 2060 impios
341 1999 489 2061 reprehendat
498 2018 503 2056 ;
519 2000 557 2057 sic,
565 1999 588 2044 in
595 2015 670 2062 quam,
676 1998 782 2060 splendor
792 1998 839 2044 vite

72 2063 120 2126 ejus
136 2073 158 2108 et
175 2063 231 2108 odor
247 2062 305 2108 fame
322 2063 392 2124 ipsius
408 2063 513 2109 omnibus
529 2063 682 2109 annunctiabit
699 2063 838 2126 iniquitatem

72 2143 158 2174 eorum.
187 2127 317 2172 Plurimum
324 2128 403 2190 itaque
414 2128 449 2172 vir
459 2126 496 2172 ille
507 2127 643 2182 hedificatus‚
653 2126 771 2173 abscedens
782 2126 839 2172 dixit

73 2191 136 2236 sotiis
146 2190 205 2235 beati
217 2190 327 2235 Francisci
338 2209 342 2235 :
361 2192 449 2235 Fratres
460 2192 511 2246 mei,
521 2191 634 2252 theologia
644 2192 687 2236 viri
696 2191 769 2248 huius,
781 2191 840 2236 veri-

73 2264 119 2301 tate
130 2264 152 2301 et
163 2253 350 2316 contemplatione
360 2254 455 2300 subnixa
465 2264 498 2300 est
509 2254 582 2318 aquila
589 2255 668 2301 volans
678 2269 683 2310 ;
701 2264 777 2300 nostra
785 2271 840 2301 vero

74 2319 165 2366 scientia
175 2329 253 2366 ventre
263 2318 365 2381 graditur
376 2335 443 2380 super
454 2329 542 2368 terram.

121 2415 328 2508 0Η11111111111
344 2460 397 2491 cum
412 2455 470 2490 esset
486 2446 510 2491 in
526 2444 582 2491 urbe
597 2445 621 2491 in
637 2445 706 2491 domo
723 2446 905 2495 cuiusdamrn-ur

75 2513 199 2568 cardinalis,
213 2512 241 2556 de
254 2510 353 2555 obscuris
363 2510 519 2570 interrogatus,
532 2509 672 2554 sermonibus
686 2509 717 2554 ita
728 2509 841 2570 profunda

76 2574 172 2648 ponebat
199 2574 222 2620 in
249 2575 329 2630 lucem,
349 2581 376 2619 ut
397 2581 486 2632 putares
507 2572 582 2635 ipsum
604 2589 689 2634 semper
708 2573 841 2620 inhabitasse

77 2639 211 2713 scripturas3
231 2639 332 2701 dixitque
345 2638 373 2684 ad
389 2653 441 2682 eum
458 2638 563 2684 dominus
579 2637 709 2684 cardinalis.
727 2638 780 2702 Ego
796 2655 841 2684 non

17 2727 19 2730 ’
77 2716 100 2751 11
110 2705 226 2777 interrogo
236 2703 368 2767 tamquaml
370 2703 389 2747 ic
391 2713 494 2759 11111111,
506 2704 545 2748 sed
556 2702 619 2764 quasi
632 2703 747 2749 hominem
760 2703 842 2749 haben-

78 2780 125 2815 tem
137 2768 241 2830 spiritum
253 2768 289 2814 dei
306 2777 329 2814 et
346 2783 384 2812 sue
399 2767 500 2828 responsi
501 2766 551 2812 onis
566 2766 666 2823 verbum,
680 2767 732 2814 ideo
748 2767 842 2814 libenter

78 2832 169 2894 accipio,
181 2831 288 2893 quoniam
300 2832 345 2876 scio
356 2831 429 2891 ipsum
440 2845 453 2874 a
463 2830 512 2875 solo
523 2830 566 2875 deo
577 2830 704 2891 procedere
