1919 3169
134 52 176 95 108
358 50 517 97 LEGENDA
534 51 689 112 ANTIQUA

131 147 352 195 Circumsedentibus
368 163 423 195 vero
445 148 552 196 omnibus
574 147 687 204 fratribus,
706 147 807 195 extendit
828 163 896 210 super

130 229 168 258 eos
190 214 304 259 dexteram
325 229 388 258 suam
411 222 432 258 et
454 214 561 275 incipiens
585 230 597 259 a
617 214 701 260 vicario
723 230 764 259 suo
786 212 895 275 capitibus

131 278 273 338 singulorum
293 278 408 337 imposuit,
427 276 585 340 benedixitque
604 278 626 321 in
646 278 698 332 illis,
716 278 756 340 qui
775 288 838 323 erant
857 276 894 332 ibi,

52 341 198 398 Fol.99etiam
221 340 325 387 omnibus
352 339 467 397 fratribus,
489 342 529 404 qui
556 341 640 404 ubique
662 340 850 387 conversabantur
872 340 895 385 in

131 406 218 452 mundo
229 415 252 450 et
263 406 302 468 qui
313 406 404 452 venturi
415 416 478 452 erant
490 416 541 467 post
552 407 612 468 ipsos
623 422 695 468 usque
707 406 730 451 in
747 405 816 451 finem
827 405 895 450 seculi

108 523 110 525 ,
130 470 264 516 seculorum.
299 469 384 516 Nullus
395 469 436 515 sibi
447 471 504 516 hanc
519 470 695 516 benedictionem
713 480 812 532 usurpet,
826 485 894 533 quam

130 550 171 593 pro
182 532 309 578 absentibus
320 535 343 576 in
354 535 496 596 presentibus
513 534 673 595 promulgavit,
686 544 712 579 ut
728 534 786 589 alibi,
798 535 895 594 tempori

130 598 190 642 enim
217 596 302 657 aliquid
329 598 429 643 insonuit
457 599 556 658 speciale,
579 599 616 643 sed
644 599 720 658 potius
748 599 775 644 ad
798 598 895 643 offitium

130 660 321 725 detorquendum.

178 759 261 848 Qum
272 793 348 854 itaque
359 793 493 837 amarissime
504 792 678 853 lacrymarentur
689 789 768 837 fratres
780 803 802 838 et
819 793 895 838 incon-

129 856 249 901 solabiliter
260 855 409 917 deplorarent,
421 857 485 901 iussit
497 865 559 917 pater
570 865 658 901 sanctus
669 871 749 917 panem
761 855 802 900 sibi
813 856 894 913 afferri,

130 936 199 984 quem
210 920 324 966 benedixit
335 930 357 965 et
368 920 437 982 fregit
447 929 469 966 et
480 921 612 981 particulam
623 920 743 983 unicuique
754 920 782 966 ad
800 919 896 966 mandu-

130 985 227 1032 candum
250 985 355 1046 porrexit.
400 984 567 1031 Recordabatur
589 984 649 1031 illius
671 985 813 1031 sacratissime
835 1001 894 1042 cene,

130 1066 199 1111 quarn
213 1049 319 1095 dominus
336 1066 388 1094 cum
404 1050 449 1095 suis
467 1050 581 1109 discipulis
599 1049 702 1094 ultimam
719 1049 855 1105 celebravit3
872 1050 895 1095 in

130 1114 190 1159 illius
203 1113 262 1158 enim
280 1113 406 1158 veneranda
423 1114 531 1158 memoria
548 1113 668 1158 ostendens
686 1129 754 1174 quem
772 1113 799 1159 ad
817 1113 896 1160 fratres

130 1179 224 1223 habebat
235 1178 315 1223 amoris
326 1177 438 1234 affectum,
451 1177 504 1223 fecit
515 1178 557 1223 hoc
568 1187 652 1223 totum.

178 1243 277 1290 Proinde
299 1260 381 1304 paucos
402 1243 457 1301 dies,
479 1243 519 1305 qui
544 1260 616 1305 usque
644 1243 672 1289 ad
700 1243 820 1289 transitum
847 1243 895 1289 eius

130 1308 248 1363 restabant,
267 1308 372 1368 expendit
392 1308 415 1352 in
433 1308 531 1362 laudem,
552 1307 621 1353 sotios
640 1323 693 1353 suos
715 1308 780 1353 valde
803 1308 896 1354 dilectos

131 1389 206 1419 secum
234 1372 343 1419 christum
376 1372 467 1419 laudare
501 1372 626 1418 instituens
671 1371 784 1418 Invitabat
817 1389 896 1419 omnes

131 1448 244 1484 creaturas
261 1439 289 1484 ad
306 1438 396 1482 laudem
413 1438 449 1482 dei
468 1448 490 1482 et
509 1453 548 1497 per
567 1436 635 1483 verba
654 1438 758 1498 quedam,
778 1454 823 1498 que
842 1439 896 1483 olim

131 1511 294 1563 composuerat,
306 1501 353 1561 ipse
364 1517 399 1545 eas
408 1500 436 1545 ad
447 1500 550 1546 divinum
562 1499 694 1545 hortabatur
711 1515 826 1555 amorem;
844 1517 895 1547 nam

131 1577 153 1612 et
165 1576 262 1612 mortem
273 1567 344 1628 ipsam
356 1566 442 1610 cunctis
453 1563 573 1610 terribilem
584 1574 606 1609 et
618 1580 708 1610 exosam
725 1565 857 1611 hortabatur
869 1566 896 1612 ad

131 1632 228 1688 laudem,
241 1631 306 1693 eique
317 1630 374 1676 letus
386 1646 505 1676 occurrens
516 1631 544 1676 ad
554 1646 622 1675 suum
633 1630 741 1676 invitabat
755 1631 879 1692 hospitium
890 1650 895 1677 ε

130 1698 190 1742 Bene
201 1696 283 1752 veniat,
294 1695 379 1757 inquid,
394 1710 456 1740 soror
470 1710 518 1740 mea
534 1710 602 1740 mors.
634 1695 673 1741 Ad
690 1696 803 1742 medicum
820 1706 896 1741 autem

131 1762 252 1807 audacter:
270 1761 349 1806 Frater
360 1760 452 1817 medice,
464 1760 590 1820 pronostica
607 1770 711 1815 mortem,
723 1777 767 1822 que
784 1761 838 1806 mihi
855 1762 897 1807 erit

132 1826 198 1869 ianua
208 1824 261 1870 vite.
294 1823 334 1868 Ad
344 1822 424 1867 fratres
435 1839 490 1867 vero
500 1840 506 1867 t
524 1823 584 1868 Cum
595 1839 631 1868 me
642 1823 742 1868 videritis
753 1823 781 1868 ad
797 1833 897 1869 extrema

131 1890 232 1952 perduci,
251 1888 309 1936 sicut
329 1904 365 1935 me
384 1887 468 1936 nudius
487 1888 567 1936 tertius
588 1887 678 1936 nudum
696 1888 791 1945 vidistis,
810 1889 841 1935 sic
860 1905 896 1936 me

132 1972 199 2017 super
217 1955 315 2000 humum
334 1954 437 2016 exponite
456 1963 479 1998 et
497 1969 536 2014 per
557 1963 604 1999 tam
622 1954 717 2015 longum
736 1954 834 2015 spatium
853 1954 897 2000 iam

133 2019 267 2064 defunctum
286 2020 316 2062 sic
334 2018 402 2062 iacere
419 2018 501 2073 sinatis,
519 2019 583 2077 quod
602 2018 668 2062 unius
685 2017 779 2079 milliarij
799 2029 897 2063 tractum

133 2084 231 2130 suaviter
242 2082 293 2144 quis
305 2080 410 2144 perficere
421 2081 497 2143 possit.
529 2081 598 2125 Venit
608 2096 663 2144 ergo
674 2080 729 2126 hora
740 2090 762 2125 et
777 2082 863 2127 cunctis
874 2082 897 2127 in

134 2164 187 2193 eum
198 2146 274 2193 christi
286 2146 403 2207 completis
415 2146 532 2207 mysteriis,
544 2145 637 2191 feliciter
647 2145 733 2192 volavit
743 2146 771 2193 ad
783 2147 858 2192 deum.

64 2288 131 2330 [un-J]
182 2247 313 2329 minister
338 2273 433 2322 fratrum
455 2275 478 2321 in
500 2285 558 2321 terra
579 2273 661 2322 laboris
683 2283 738 2321 tunc
760 2285 806 2322 erat
829 2273 898 2322 frater

134 2342 285 2405 Augustinus,
304 2341 343 2404 qui
355 2341 378 2386 in
389 2341 443 2385 hora
453 2341 533 2386 ultima
543 2341 638 2402 positus,
652 2356 704 2385 cum
715 2340 756 2386 diu
766 2341 898 2403 iampridem

135 2410 242 2455 amisisset
263 2406 384 2469 loquelam,
407 2404 548 2451 audientibus
570 2404 610 2466 qui
636 2403 744 2462 astabant,
767 2405 794 2451 de
821 2405 898 2453 subito

135 2473 238 2518 clamavit
255 2479 278 2516 et
295 2470 367 2516 dixit:
385 2468 484 2530 Expecta
501 2485 544 2528 me,
559 2478 629 2532 pater,
647 2479 742 2530 expecta.
777 2469 836 2515 Ecce
850 2469 898 2533 jam

134 2539 201 2585 venio
209 2548 290 2584 tecum.
320 2533 475 2586 Querentibus
483 2533 589 2580 fratribus
597 2544 619 2579 et
627 2533 788 2579 admirantibus
797 2534 897 2580 multum

135 2603 171 2649 cui
180 2604 210 2648 sic
217 2603 357 2663 loqueretur,
365 2600 468 2646 audacter
477 2599 591 2660 respondit
601 2616 606 2645 :
624 2599 707 2644 Nonne
715 2599 802 2656 videtis,
810 2599 896 2662 inquid,

135 2678 221 2730 patrem
241 2676 344 2712 nostrum
364 2663 528 2720 Francischum,
549 2664 588 2726 qui
607 2664 670 2710 vadit
689 2665 716 2711 ad
735 2664 824 2710 celum?
866 2664 898 2712 Et

135 2733 210 2778 statim
221 2730 281 2775 illius
292 2730 364 2774 anima
375 2744 438 2772 carne
453 2729 527 2772 soluta
543 2738 629 2789 patrem
647 2738 680 2772 est
697 2739 773 2773 secuta
789 2729 898 2773 sanctissi-

136 2812 206 2844 mum,
