1919 3169
279 59 439 106 areauna
455 59 612 120 ANTIQUA
797 75 826 121 39

292 189 326 229 De
339 190 474 238 paupertate
487 187 596 229 lectorum

104 251 152 336 In
174 285 249 333 stratis
270 295 293 331 et
320 284 383 331 lectis
409 284 441 330 ita
465 284 557 330 demum
584 284 711 330 abundabat
737 285 861 345 copiosam]

59 360 186 412 paupertas,
213 360 246 406 ut,
271 350 309 414 qui
338 365 404 411 super
437 350 509 410 paleas
541 349 673 411 panniculos
706 349 826 395 semisanos

60 414 157 473 haberet,
179 432 220 476 pro
241 415 341 460 thalamo
362 424 495 476 reputaret;
523 413 583 460 unde
607 413 694 470 accidit,
717 424 825 476 tempore,

59 496 106 543 quo
124 479 191 527 fiebat
210 479 332 542 capitulum
352 479 380 525 ad
398 489 495 525 sanctam
518 478 610 525 mariam
629 479 658 525 de
676 479 825 540 portiuncula,

59 545 122 606 quod
133 545 239 590 dominus
248 544 385 598 Hostiensis,
396 560 447 589 cum
464 542 529 589 turba
540 543 639 589 militum
650 554 672 589 et
683 545 869 599 clericor-ummo.
878 567 900 603 37

58 607 112 653 illuc
130 608 158 654 ad
177 608 300 653 visitandos
320 607 400 651 fratres
421 606 525 670 perrexit,
536 606 583 670 ,qui
603 606 689 662 videns,
708 608 826 670 quomodo

58 672 138 719 fratres
166 672 266 719 iacebant
295 673 319 717 in
352 681 410 718 terra
441 682 464 718 et
490 672 561 718 lectos
593 673 742 730 considerans,
769 689 825 736 quos

58 736 158 783 ferarum
190 737 271 784 cubilia
302 737 410 793 crederes,
437 736 555 781 durissime
585 735 724 799 illacrymans
750 753 825 783 coram

59 801 164 848 omnibus
185 802 253 848 dixit:
288 801 347 846 Ecce
365 801 402 847 hic
420 800 537 846 dormiunt
556 799 641 847 fratres.
676 801 708 847 Et
729 801 824 848 adiecit:

59 866 96 911 De
117 864 189 919 nobis,
205 880 260 911 uero
279 865 372 922 miseris,
389 865 444 926 quid
461 865 509 919 erit,
527 866 566 926 qui
588 875 650 910 tanta
671 865 826 925 superfluitate

58 929 189 976 abutimur?
222 930 316 985 Omnes,
334 929 373 992 qui
389 928 487 984 aderant,
507 928 534 974 ad
554 929 660 990 lacrymas
676 945 747 992 usque
763 946 825 976 com-

58 997 144 1059 puncti,
155 994 278 1057 plurimum
291 994 402 1041 hedificati
419 993 543 1040 discedunt.
577 993 625 1040 Hic
642 993 772 1041 Hostiensis
788 995 824 1043 ille

58 1061 111 1117 fuit,
133 1061 172 1123 qui
194 1060 285 1107 tandem
306 1059 406 1105 hostium
431 1060 554 1105 maximum
580 1060 603 1105 in
628 1059 719 1106 ecclesia
744 1059 824 1118 factus,

57 1142 144 1187 semper
155 1124 250 1181 obstitit,
262 1125 333 1170 donec
344 1124 441 1171 hostiam
454 1140 537 1170 sacram
550 1124 646 1169 animam
660 1124 720 1171 illam
737 1124 824 1172 beatam

58 1190 105 1234 celo
121 1189 215 1234 refudit.
249 1189 346 1248 Opium
363 1198 476 1248 portus‚o
491 1189 574 1233 viscera
590 1188 701 1233 caritatis!
735 1190 762 1233 ln
779 1191 825 1235 alto

57 1254 151 1316 positus,
161 1251 251 1299 dolebat
262 1251 305 1298 alta
316 1252 395 1298 merita
403 1268 449 1298 non
457 1250 545 1308 habere,
558 1268 608 1298 cum
620 1268 696 1299 revera
706 1252 824 1300 sublimior

57 1328 115 1365 esset
125 1319 217 1374 virtute,
229 1334 296 1380 quam
307 1317 367 1363 sede.

107 1421 241 1508 Quoniam
273 1445 301 1489 de
330 1444 393 1489 lectis
425 1443 518 1491 fecimus
550 1445 696 1502 mentionem,
727 1446 878 1491 occurriuD-J]

59 1509 120 1556 aliud
142 1509 250 1573 quiddam
271 1507 365 1555 fortasse
387 1508 442 1554 utile
462 1508 563 1555 recitatu.
604 1509 626 1553 A
648 1519 756 1572 tempore,
779 1526 825 1575 quo

59 1585 148 1620 sanctus
166 1575 208 1621 iste
227 1589 347 1621 conversus
365 1575 393 1621 ad
413 1573 529 1631 christum,
542 1573 650 1620 oblivioni
670 1575 764 1621 tradidit
781 1592 825 1638 que

59 1649 113 1685 sunt
127 1640 214 1696 mundi,
225 1639 299 1684 uoluit
314 1639 383 1684 iacere
399 1638 422 1683 in
439 1637 517 1692 cultra,
530 1655 569 1684 nec
579 1638 607 1684 ad
619 1638 690 1700 capud
706 1638 787 1685 habere
797 1640 825 1685 de

59 1719 132 1764 penna
153 1703 273 1765 pulvinar3
298 1702 365 1747 huius
386 1718 441 1748 vero
463 1702 608 1747 districtionis
630 1703 762 1765 repagulum
784 1719 825 1749 nec

59 1767 184 1823 infirmitas,
207 1783 247 1812 nec
268 1766 357 1812 forense
383 1766 506 1827 hospitium
533 1766 676 1828 infringebat.
722 1769 825 1829 Contigit

59 1842 134 1878 autem
153 1831 176 1878 in
195 1831 285 1878 heremo
304 1829 380 1894 grecii,
400 1829 516 1877 oculorum
535 1831 665 1877 infirmitate
685 1831 736 1893 plus
757 1831 825 1878 solito

59 1907 224 1959 pregravatum,
236 1896 293 1958 cogi,
307 1906 385 1942 contra
395 1895 451 1941 velle
464 1897 492 1942 ad
503 1912 569 1942 usum
585 1896 668 1942 modici
685 1897 823 1957 pulvinaris:

60 1962 131 2022 prime
143 1977 198 2022 ergo
211 1962 290 2017 noctis,
301 1960 378 2023 vigilia
393 1960 511 2016 matutina,
523 1971 587 2006 vocat
603 1971 692 2007 sanctus
708 1962 791 2007 sotium
802 1972 825 2007 et

60 2025 115 2070 dicit
137 2025 185 2070 illi:
208 2025 263 2069 Non
282 2025 355 2084 potui,
373 2023 451 2078 frater,
468 2024 508 2069 hac
527 2033 592 2069 nocte
611 2025 717 2082 dormire,
737 2041 777 2069 ηερ
796 2027 824 2070 ad

60 2090 170 2137 orandum
181 2099 267 2134 erectus
277 2088 408 2151 persistere3
419 2088 497 2134 tremit
508 2087 586 2151 capud,
598 2105 671 2151 genua
682 2089 824 2135 collabuntur

60 2166 82 2201 et
94 2165 142 2200 tota
153 2154 281 2201 concutitur
292 2154 394 2200 machina
404 2154 531 2215 corporalis,
544 2154 578 2200 uti
590 2155 734 2201 comedissem
745 2171 825 2218 panem

61 2221 88 2266 de
99 2220 161 2266 lolio.
195 2219 277 2276 Credo,
288 2218 374 2281 inquid,
387 2219 450 2281 quod
461 2218 571 2280 dyabolus
582 2229 669 2264 maneat
682 2221 704 2264 in
716 2221 759 2265 hoc
775 2221 824 2283 pul-

60 2284 140 2339 vinari,
152 2283 214 2345 quod
230 2284 258 2328 ad
269 2283 342 2342 capud
354 2281 440 2326 habeo:
459 2282 513 2327 tolle
527 2282 591 2340 illud,
603 2284 654 2344 quia
664 2283 787 2344 dyabolum
798 2285 825 2327 ad
842 2318 843 2321 η

61 2348 133 2408 capud
149 2346 242 2392 ulterius
258 2346 318 2391 nolo.
352 2344 456 2396 Querulo
472 2345 583 2391 murmuri
602 2347 670 2407 patris
689 2348 825 2408 compatitur

60 2411 130 2458 frater
140 2423 162 2458 et
173 2411 298 2472 proiectum
310 2410 338 2456 ad
349 2425 371 2454 se
382 2410 486 2471 pulvinar
497 2410 583 2472 accipit,
595 2421 621 2457 ut
632 2421 737 2473 asportet.

110 2476 193 2522 Exiens
208 2476 290 2538 itaque,
306 2473 381 2520 subito
396 2475 508 2536 loquelam
524 2475 610 2521 amittit
624 2485 646 2520 et
664 2485 728 2522 tanto
749 2493 826 2522 orrore

61 2540 172 2603 premitur
189 2557 213 2586 ac
228 2540 319 2602 ligatur,
337 2538 397 2602 quod
415 2555 456 2584 ηερ
473 2539 541 2601 pedes
558 2539 653 2585 deloco
670 2556 769 2597 movere,
786 2559 826 2587 nec

61 2604 150 2650 brachia
161 2619 274 2667 quoquam
286 2604 367 2649 ducere
377 2602 484 2663 prevalet.
517 2605 573 2649 Post
584 2604 705 2661 modicum,
715 2622 727 2650 a
742 2616 825 2661 sanctu,

62 2669 100 2732 qui
116 2668 159 2714 hoc
176 2668 290 2731 cognovit,
301 2677 401 2723 vocatus,
411 2665 468 2713 liber
479 2667 582 2725 efficitur,
594 2667 652 2713 redit
663 2679 685 2713 et
696 2680 770 2714 narrat
783 2687 826 2733 que

61 2751 137 2797 passus
152 2743 202 2791 est3
219 2733 255 2779 cui
272 2733 328 2779 dixit
344 2741 447 2778 sanctus:
469 2733 496 2778 ln
512 2749 569 2789 sero,
586 2749 637 2778 cum
653 2733 749 2780 dicerem
765 2750 827 2780 com-

62 2799 193 2861 pletorium,
205 2798 292 2861 liquido
306 2798 402 2860 cognovi
419 2797 541 2857 dyabolum
552 2799 628 2844 venire
639 2799 666 2844 ad
677 2799 759 2846 cellam.
794 2799 826 2845 Et
