1919 3169
241 76 400 122 LEGENDA
416 73 572 135 ANTIQUA
764 86 789 131 17

26 173 168 234 propositum
188 172 362 219 conversationis
383 187 440 234 papa
461 171 554 228 videret,
576 171 634 218 sicut
655 171 724 217 homo
746 169 792 215 dis-

26 237 124 283 cretione
146 238 243 284 maxima
262 237 370 299 preditus,
389 237 446 283 dixit
466 237 494 282 ad
516 253 583 282 eum:
625 236 680 292 Ora,
697 235 743 289 filii,
763 234 791 280 ad

27 301 144 355 christum,
161 310 187 345 ut
202 317 264 345 suam
281 299 346 345 nobis
363 314 402 360 per
420 309 442 344 te
461 300 602 345 voluntatem
621 299 732 355 ostendat,
748 312 793 358 qua

27 363 124 427 cognita,
146 365 191 411 tuis
212 365 254 427 piis
275 363 390 411 desideriis
411 364 511 410 securius
532 380 664 410 annuamus.
703 362 792 408 Annuit

27 439 116 475 sanetus
143 431 226 476 summi
253 429 348 492 pastoris
375 430 488 487 mandate,
510 428 641 476 fiducialiter
668 428 737 475 currit
764 426 791 473 ad

28 494 144 550 christum,
163 504 213 542 orat
231 494 339 540 instanter
361 503 384 539 et
405 494 433 539 ad
455 493 627 554 supplicandum
648 493 692 539 deo
711 492 792 537 devote

28 557 97 604 sotios
107 559 246 604 exhortatur.

76 621 140 681 Quid
150 621 229 683 plura?
263 620 407 682 Responsum
418 619 503 665 orando
519 628 619 682 reportat
630 629 652 665 et
662 617 732 665 refert
742 616 793 664 filiis

29 701 88 731 nova
96 682 183 731 salutis
201 684 325 730 Familiaris
334 685 441 731 allocutio
448 685 524 731 christi
531 686 553 730 in
562 684 671 747 parabolis
678 684 790 730 noscitur:

29 749 142 808 francisce,
164 750 254 813 inquid,
277 749 308 794 sic
330 750 389 795 dices
411 751 439 796 ad
460 765 547 813 papam.
589 749 674 796 Mulier
695 748 791 812 quedam

29 815 171 876 paupercula,
198 816 234 861 sed
261 813 366 871 formosa,
393 816 416 861 in
442 815 541 877 quodam
567 814 656 860 deserto
682 814 866 868 manebat.Fol.17

29 878 150 923 Adamavit
161 893 209 922 eam
220 893 259 922 rex
268 878 359 938 quidam
370 878 399 922 ob
410 878 534 923 maximum
546 879 606 923 illius
617 880 727 933 decorem,
739 893 792 920 con-

30 941 97 988 traxit
108 957 160 987 eum
172 957 197 987 ea
207 950 319 1003 gratanter
330 956 335 996 ;
353 950 375 987 et
386 939 444 987 filios
453 957 480 987 ex
491 958 516 987 ea
524 940 693 987 venustissimos
704 939 790 1002 genuit.

29 1005 130 1052 Adultos
144 1006 187 1051 iam
206 1005 255 1051 illos
272 1015 294 1051 et
312 1005 417 1051 nobiliter
434 1006 539 1051 educatos
556 1006 637 1051 mulier
654 1005 791 1068 alloquitur:

30 1070 117 1126 Nolite,
134 1070 214 1133 inquid
229 1070 382 1126 verecundari,
393 1068 476 1125 dilecti,
490 1087 517 1116 eo
534 1071 597 1133 quod
613 1087 721 1133 pauperes
737 1070 792 1128 sitis,

30 1150 82 1181 narn
104 1135 164 1181 illius
186 1136 244 1196 regis
263 1135 315 1180 estis
334 1134 373 1180 filii
393 1150 477 1182 omnes.
510 1135 549 1180 Ad
567 1135 650 1181 curiam
670 1136 717 1182 eius
736 1134 792 1180 itote

30 1198 153 1260 gaudentes
168 1208 191 1242 et
207 1198 234 1242 ab
250 1198 300 1260 ipso
315 1197 380 1243 vobis
397 1198 516 1244 necessaria
532 1198 650 1260 postulate.

78 1263 205 1311 Audientes
221 1263 264 1310 hoc
274 1261 306 1310 illi
324 1262 433 1322 mirantur
449 1271 472 1310 et
488 1263 587 1326 gaudent
603 1273 626 1310 et
642 1263 702 1328 regie
717 1261 794 1326 stirpis

31 1328 140 1375 sublevati
162 1329 279 1390 promisso,
302 1327 393 1375 futuros
419 1344 442 1373 se
469 1329 562 1374 scientes
583 1329 682 1384 heredes,
704 1344 794 1374 omnem

31 1393 130 1455 inopiam
146 1392 235 1439 divitias
251 1401 361 1454 reputant,
396 1392 528 1438 Presentant
542 1408 564 1438 se
575 1393 622 1455 regi
633 1393 743 1450 audacter,
755 1408 794 1438 nec

32 1468 115 1519 pavent
126 1457 232 1512 multum,
245 1457 307 1501 cuius
318 1456 413 1501 similem
424 1466 513 1517 gestant
529 1458 664 1518 ymaginem.
698 1457 795 1520 Cognita

32 1537 71 1566 rex
79 1520 225 1566 similitudine
232 1536 271 1565 sua
279 1520 302 1564 in
310 1520 362 1576 illis,
372 1520 435 1565 cuius
442 1530 514 1565 essent
522 1520 563 1565 filii
572 1522 675 1567 mirando
683 1522 795 1584 exquirit·,

33 1586 80 1649 qui,
92 1602 143 1631 cum
155 1584 253 1630 mulieris
268 1584 329 1629 illius
347 1583 479 1647 paupercule
497 1585 520 1630 in
537 1585 626 1631 deserto
643 1586 758 1641 morantis,
773 1601 796 1630 se

33 1652 92 1697 filios
112 1651 254 1707 affirmarent,
276 1650 403 1711 amplexans
424 1665 470 1707 rex,
493 1650 550 1707 Mei,
572 1651 610 1708 ait,
632 1652 684 1698 estis
710 1650 750 1697 filii
774 1661 797 1697 et

33 1716 143 1770 heredes3
166 1714 246 1760 timere
262 1713 339 1770 nolite,
359 1730 410 1759 nam
427 1714 445 1759 si
463 1714 491 1760 de
508 1731 584 1761 mensa
601 1732 650 1761 mea
665 1716 797 1761 nutriuntur

34 1779 141 1836 extranei,
158 1778 238 1826 iustius
260 1789 300 1833 est,
318 1789 344 1825 ut
366 1779 461 1825 enutriri
483 1777 562 1826 faciam
584 1780 666 1844 quibus
687 1779 798 1826 hereditas

35 1855 82 1891 tota
103 1847 130 1890 de
152 1845 201 1889 iure
222 1853 328 1889 servatur.
363 1844 460 1888 Mandat
481 1845 575 1905 proinde
596 1861 635 1890 rex
654 1845 748 1901 mulieri,
772 1855 798 1890 ut

35 1924 112 1954 omnes
124 1924 150 1953 ex
161 1923 183 1953 se
194 1907 282 1970 genitos
292 1906 320 1951 ad
335 1922 398 1951 suam
412 1907 496 1952 curiam
514 1908 636 1970 pascendos
653 1909 798 1955 transmictat.

35 1976 107 2020 Letus
128 1983 150 2019 et
168 1973 268 2035 gaudens
286 1982 374 2017 sanctus
391 1972 488 2018 efficitur
505 1974 533 2019 de
550 1973 652 2035 parabola
671 1985 693 2020 et
710 1990 798 2020 sacrum

35 2037 152 2084 oraculum
163 2037 267 2098 protinus
277 2045 377 2096 reportat
388 2036 415 2080 ad
426 2053 513 2098 papam.

84 2101 171 2146 Mulier
203 2100 243 2144 hec
274 2107 321 2143 erat
348 2098 484 2157 franeischus
510 2100 637 2145 multorum
664 2100 800 2146 fecunditate

36 2174 149 2221 natorum,
157 2180 202 2209 non
211 2161 322 2208 factorum
333 2161 427 2209 mollitie
438 2181 442 2209 :
460 2163 582 2219 desertum,
591 2164 691 2211 mundus
702 2165 748 2227 ipse
761 2165 800 2211 illo

36 2229 135 2276 incultus
153 2239 176 2274 et
191 2228 272 2274 sterilis
288 2226 391 2272 doctrina
405 2228 534 2274 virtutum:
552 2229 650 2275 filiorum
666 2241 760 2277 venusta
778 2240 801 2276 et

36 2296 98 2356 larga
108 2293 225 2356 projenies,
237 2292 334 2337 fratrum
346 2292 466 2353 multiplex
481 2309 588 2339 numerus
598 2304 621 2340 et
637 2295 699 2340 omni
715 2296 801 2341 virtute

38 2361 149 2405 decorus:
178 2375 223 2412 rex,
243 2356 301 2402 filius
318 2356 360 2410 dei,
377 2356 413 2402 cui
429 2368 509 2402 sancta
520 2369 649 2420 paupertate
668 2359 801 2417 consimiles,

38 2422 115 2469 eadem
134 2419 207 2466 forma
226 2419 378 2482 respondent;
403 2421 443 2482 qui
462 2422 571 2468 nutritiva
589 2422 617 2469 de
639 2439 714 2470 mensa
735 2424 801 2485 regis,

39 2488 102 2534 omni
113 2486 205 2532 vilitatis
218 2484 301 2531 rubore
317 2492 455 2547 contempto,
467 2485 598 2548 suscipiunt,
610 2503 661 2534 cum
678 2487 802 2535 imitatione

39 2552 115 2599 christi
145 2550 245 2597 contenti
277 2549 484 2613 heleemosynisque
516 2551 619 2598 viventes
650 2569 690 2614 per
723 2554 803 2600 mundi

40 2616 161 2680 obprobria
176 2614 266 2662 futuros
284 2631 307 2661 se
325 2614 401 2660 beatos
418 2625 549 2677 agnoscunt.

90 2682 190 2726 Miratur
211 2680 317 2725 dominus
338 2694 394 2739 papa
415 2680 554 2740 propositam
575 2680 616 2725 sibi
634 2681 761 2742 parabolam
781 2692 803 2727 et

41 2740 195 2791 indubitanter
222 2742 330 2789 christum
357 2742 460 2788 locutum
490 2743 513 2789 in
539 2744 631 2790 homine
657 2746 803 2807 recognoscit.

41 2808 182 2857 Recordatur
199 2807 292 2854 visionis
309 2805 432 2861 cuiusdam,
444 2823 512 2868 quam
530 2808 617 2854 viderat
634 2808 712 2855 diebus
729 2811 805 2872 paucis

443 2887 456 2918 Β
