1919 3169
242 100 404 148 LEGENDA
421 98 581 146 GREGORII

47 355 81 397 De
90 352 164 396 reditu
173 353 246 405 ipsius
255 351 284 394 ab
292 348 349 392 urbe
357 361 421 411 roma
430 348 452 391 in
462 349 543 412 vallem
552 348 709 402 spoletanam
723 351 747 392 et
756 348 785 390 de
802 352 869 396 [A-va

283 414 347 444 mora
355 413 428 453 ipsius
437 414 478 453 per
486 414 552 445 viam.

82 472 200 560 Sanctus
221 493 329 540 francisus
346 487 522 539 cumfratribus
539 492 586 539 suis
602 493 629 538 de
646 487 739 537 munere
760 499 800 536 ac¹

35 563 106 626 gratia
124 560 181 605 tanti
198 557 266 620 patris
288 564 324 601 et²
347 555 433 601 domini
450 555 575 617 plurimum
597 555 699 601 exultans
721 555 802 617 gratias

35 628 82 690 egit
104 622 254 685 omnipotenti
276 620 327 679 deo,
343 620 383 683 qui
408 620 487 682 ponit³
504 620 600 667 humiles
621 621 644 667 in
666 620 757 667 sublimi
779 628 802 665 et

37 700 147 739 merentes
165 687 230 749 erigit
252 686 365 747 sospitate.
400 686 525 747 Statimque
540 687 604 732 venit
620 686 710 731 visitare
726 684 803 730 limina

37 755 95 802 beati
111 752 190 808 Petri3
206 760 229 797 et
245 750 346 795 oratione
362 748 481 810 completa,
492 764 593 811 egressus
609 766 636 796 ex
653 750 715 807 urbe,
727 764 803 794 versus

38 820 119 867 vallem
130 815 266 877 spoletanam
278 814 320 859 iter
332 813 438 874 arripiens
449 828 502 858 cum
513 814 579 859 sociis
590 823 623 870 est
634 813 755 876 profectus

86 879 237 927 Conferebant
253 878 280 923 ad
294 876 399 935 invicem,
411 878 467 930 dum
479 876 509 924 sic
520 878 585 934 irent,
597 888 681 939 quanta
692 888 714 923 et
730 876 804 939 qualia

39 948 70 994 eis
89 943 273 991 clementissimus
288 942 345 987 deus
362 940 421 987 dona
437 942 564 998 contulerit,
583 942 678 1005 qualiter
694 959 706 987 a
722 940 804 987 vicario

39 1010 122 1068 christi,
150 1007 243 1054 domino
275 1016 297 1051 et
329 1015 391 1068 patre
424 1005 528 1052 universe
557 1006 676 1053 christiane
707 1005 805 1052 nationis

40 1074 164 1139 gratissime
191 1081 244 1125 sunt
271 1070 361 1131 recepti.
419 1071 523 1131 Qualiter
549 1072 617 1118 etiam
649 1072 736 1117 monita
768 1078 806 1116 et⁴

40 1147 143 1201 precepta
164 1135 249 1196 ipsius⁵
267 1134 388 1194 adimplere
406 1135 521 1180 valerent.⁶
569 1135 688 1195 Qualiter⁷
705 1133 806 1196 regulam

41 1219 109 1266 quarn
126 1207 267 1262 susceperant
281 1207 372 1260 possent
384 1197 467 1244 sincere
478 1214 566 1246 servare
582 1215 606 1246 ac
622 1197 807 1246 indeclinabiliter

43 1266 163 1321 custodire.
195 1262 299 1325 Qualiter
315 1262 339 1308 in
356 1263 419 1309 omni
435 1264 551 1310 sanctitate
569 1273 592 1311 et
608 1262 716 1328 religione
732 1279 807 1327 coram

43 1331 150 1378 altissimo
175 1328 328 1383 ambularent;
356 1328 453 1390 qualiter
481 1329 578 1390 denique
605 1329 651 1375 vita
678 1338 701 1375 et
723 1328 808 1374 mores⁸

43 1397 144 1458 ipsorum
180 1409 221 1455 per
253 1393 387 1438 incrementa
425 1404 551 1439 sanctarum
589 1394 701 1440 virtutum
734 1392 808 1438 forent

44 1458 153 1519 proximis
163 1458 191 1501 ad
202 1457 336 1516 exemplum.

92 1521 199 1582 Cumque
211 1519 265 1565 novi
277 1518 361 1565 Christi
374 1518 478 1580 discipuli
490 1519 518 1566 de
530 1519 660 1567 huiusmodi
672 1520 809 1565 sufficienter

44 1587 68 1632 in
83 1585 158 1632 schola
174 1583 309 1630 humilitatis
325 1583 485 1645 disputassent,
497 1583 544 1630 dies
560 1583 659 1632 multum
673 1585 772 1631 ascendit
788 1593 810 1630 et

45 1652 100 1696 hora
122 1648 229 1711 preteriit.
273 1648 425 1693 Perveneram
452 1657 506 1693 tunc
533 1648 560 1694 ad
588 1649 701 1695 desertum
734 1649 809 1695 locum

46 1715 157 1761 nimium⁹
173 1729 213 1775 pre
229 1711 360 1759 lassitudine
376 1711 463 1774 fatigati
481 1713 567 1759 itineris
585 1723 607 1760 et
626 1715 755 1769 esurientes,
775 1729 811 1758 re-

47 1778 166 1825 fectionem
177 1777 275 1840 aliquam
286 1776 388 1824 invenire
399 1793 445 1823 non
456 1786 567 1839 poterant,
578 1795 605 1824 eo
617 1778 679 1842 quod
695 1777 758 1825 locus
773 1777 811 1824 ille

48 1845 75 1888 ab
86 1842 221 1888 hominum9
231 1841 368 1886 habitatione
384 1842 449 1887 valde
466 1853 566 1887 remotus
582 1849 623 1887 est.
631 1852 646 1868 ¹⁰
678 1844 811 1903 Statimque,

49 1906 124 1953 divina
145 1905 216 1968 gratia
237 1914 378 1966 procurante,
400 1905 497 1952 occurrit
517 1906 549 1952 eis
571 1906 641 1953 homo
667 1905 761 1953 afferens
788 1906 812 1952 in

49 1988 117 2017 manu
127 1986 207 2032 panem
214 1977 229 1994 ²¹
240 1969 349 2031 deditque
360 1968 414 2031 ipsis
424 1980 447 2016 et
457 1969 517 2018 abiit.

98 2035 144 2096 Ipsi
155 2051 209 2081 vero
221 2050 266 2078 non
278 2044 437 2095 cognoscentes
448 2051 508 2091 eum,
520 2034 594 2080 mirati
606 2045 659 2081 sunt
670 2035 694 2080 in
706 2035 812 2082 cordibus

49 2099 95 2144 suis
102 2108 117 2124 ¹²
130 2108 153 2144 et
163 2108 189 2143 ut
200 2097 271 2160 magis
282 2097 310 2143 de
326 2098 477 2144 misericordia
493 2099 570 2145 divina
578 2108 594 2131 ¹³
605 2099 743 2145 confiderent
759 2099 813 2146 alter

50 2164 145 2209 alterum
167 2161 327 2208 admonebat.x4
370 2163 512 2223 Sumptoque
533 2163 583 2207 cibo
602 2174 625 2208 et
646 2180 674 2207 ex
695 2163 745 2223 ipso
767 2181 831 2208 non·

52 2226 166 2272 modicum
183 2223 312 2283 consortati,
330 2225 444 2271 venientes
463 2225 491 2271 ad
508 2226 630 2289 quemdam
646 2226 722 2273 locum
745 2243 814 2289 prope

51 2290 164 2336 civitatem
182 2297 318 2347 ortensem,¹⁵
335 2289 419 2336 ibidem
436 2290 481 2336 fere
498 2307 536 2353 per
552 2291 599 2338 dies
616 2291 745 2355 quindecim
762 2301 814 2337 sunt

52 2356 159 2409 morati,16
187 2353 257 2416 aliqui
285 2370 364 2400 eorum
391 2355 499 2401 intrantes
526 2355 639 2402 civitatem
672 2356 816 2419 acquirebant

53 2419 171 2465 necessaria
182 2418 255 2465 victus
272 2428 294 2465 et
305 2419 422 2466 modicum
433 2418 497 2477 illud,
508 2421 572 2482 quod
582 2420 695 2483 acquirere
712 2431 816 2483 poterant

52 2484 157 2542 ostiatim,
169 2483 196 2529 ad
213 2482 292 2530 fratres
302 2483 357 2530 alios
369 2484 520 2545 deportantes
531 2502 583 2531 curn
594 2486 716 2548 gratiarum
729 2487 816 2533 actione

53 2564 77 2591 ac
88 2548 157 2592 letitia
168 2548 242 2592 cordis
253 2548 334 2607 pariter
346 2548 516 2595 manducabant.

81 2660 130 2698 10s.
139 2669 161 2698 et.
213 2660 263 2697 20s.
272 2673 299 2696 ac.
351 2661 472 2710 ³Os.posuit.
524 2664 574 2699 40³.
584 2676 610 2701 ac.
663 2664 713 2701 5Os.
722 2665 765 2713 ejus.

62 2710 212 2748 '⁰Os.valeant.
264 2710 413 2761 ⁷H.quomocl0.
465 2712 607 2751 8Osmoribus.
655 2716 803 2752 rouomnium.

82 2765 97 2784 ¹⁰
106 2762 135 2806 P„
146 2764 183 2800 Ox.
194 2763 227 2800 and
236 2763 261 2799 L.
271 2773 313 2799 erat.
392 2764 441 2805 ml„
451 2777 509 2814 panes.
588 2770 602 2789 1²
613 2765 641 2803 M.
651 2768 707 2804 omits.

82 2816 96 2839 ¹3
107 2815 138 2848 Os.
149 2815 182 2849 dei.
223 2818 238 2841 ¹4
248 2813 286 2849 Ox.
297 2815 422 2851 commonebat.
432 2810 447 2865 'i
461 2817 475 2842 ¹3
485 2815 513 2853 H.
522 2818 620 2854 ostiensem.
661 2816 676 2839 ¹⁶
685 2816 718 2855 Os.
728 2817 772 2855 adds
780 2827 803 2855 et.
