1919 3169
131 141 161 187 70
348 129 508 175 LEGENDA
524 130 678 191 ANTIQUA

129 222 253 286 subigebat,
265 222 417 284 multiplicans
428 223 448 267 ei
459 224 553 269 vulnera
563 226 609 270 sine
620 241 689 271 causa.
724 226 784 270 Nam
800 236 823 271 et
839 225 898 272 calor

129 287 221 350 spiritus
231 288 263 335 ita
273 290 318 335 iam
328 287 464 350 levigaverat
475 304 563 352 corpus,
573 300 599 336 ut
610 289 683 335 anima
691 289 781 337 sitiente
789 290 813 337 in
821 291 897 347 deum,

131 354 204 400 sitiret
214 364 237 401 et
248 370 316 419 quam
327 352 483 414 multipliciter
494 371 545 402 caro
556 355 698 402 sanctissima.

410 513 445 556 De
458 514 536 566 inepta
548 514 621 558 letitia

99 625 128 664 [R]
179 603 296 685 Verum
329 630 468 691 spiritualem
500 633 634 694 amplectens
667 632 770 687 letitiam,
800 634 899 695 ineptam

131 698 231 743 studiose
247 694 338 751 vitabat,
350 694 421 740 sciens
437 695 550 742 ferventer
566 697 708 758 diligendum
725 698 787 758 quod
803 698 899 758 proficit,

133 777 172 805 nec
194 760 270 804 minus
291 757 410 821 vigilanter
431 760 494 822 quod
516 760 594 815 inficit,
616 760 755 824 fugiendum.
809 761 900 806 Inanern

132 825 225 887 quidem
235 823 331 887 gloriam
342 823 425 868 elidere
436 824 540 870 studebat
551 826 574 870 in
585 826 675 881 semine,
687 841 733 872 non
748 826 821 871 sinens
837 826 901 889 quod

133 889 219 937 domini
230 889 264 935 sui
276 887 399 935 offenderet
411 889 494 947 oculos,
506 889 626 936 subsistere
637 891 673 937 vel
684 901 806 938 momento.
840 891 900 937 Nam

133 954 272 1012 multotiens,
280 952 686 1017 cummultisattollereturpreconiis,
694 955 902 1018 dolensetgemens

133 1020 237 1080 protinus
247 1019 270 1062 in
285 1017 375 1061 tristitia
392 1017 526 1079 subrogabat
541 1020 654 1065 affectum.
688 1020 803 1081 Tempore
814 1019 902 1081 yemali,

134 1099 185 1128 cum
196 1081 285 1128 nonnisi
296 1080 361 1126 unica
372 1081 447 1126 tunica
458 1091 560 1127 sanctum
576 1082 623 1128 eius
640 1084 799 1144 corpusculum
816 1093 902 1146 tegere-

133 1158 170 1194 tur
187 1147 253 1210 petiis
271 1145 396 1193 admodum
411 1144 492 1192 vilibus
509 1147 620 1204 resarcita,
633 1148 769 1210 guardianus
786 1165 848 1206 suus,
862 1147 901 1211 qui

134 1224 156 1259 et
167 1213 238 1259 sotius
248 1212 296 1258 eius
307 1221 360 1266 erat,
372 1228 445 1257 unum
460 1211 548 1258 corium
564 1212 693 1274 vulpinium
710 1214 825 1276 acquirens
836 1224 858 1259 et
874 1214 902 1259 ad

133 1278 208 1338 ipsum
219 1275 333 1337 perferens
343 1275 415 1320 dixit:
434 1276 508 1331 Pater,
519 1277 672 1321 infirmitatem
684 1278 766 1337 pateris
782 1278 865 1338 splenis
880 1288 903 1322 et

134 1340 259 1393 stomachi余
282 1354 361 1399 precor
383 1338 510 1383 charitatem
533 1349 596 1384 tuam
615 1340 638 1384 in
658 1340 758 1399 domino,
778 1350 804 1385 ut
823 1339 903 1386 subtus

135 1405 234 1451 tunicam
245 1403 334 1465 patiaris
352 1403 414 1448 istud
432 1404 509 1448 consui
527 1406 629 1450 corium:
647 1405 710 1466 quod
728 1406 746 1451 si
763 1415 840 1451 totum
857 1421 904 1450 non

134 1468 213 1531 placet,
236 1467 311 1513 saltim
338 1483 403 1527 supra
427 1477 550 1514 stomacum
576 1469 623 1514 fieri
647 1469 701 1515 sine.
756 1470 801 1515 Cui
826 1468 904 1515 beatus

135 1533 298 1579 Francischus:
323 1530 345 1576 Si
363 1531 404 1588 vis,
422 1542 448 1577 ut
465 1532 507 1577 sub
525 1534 600 1579 tunica
619 1534 690 1595 patiar
709 1534 778 1590 istud,
795 1532 829 1580 fac
848 1534 904 1579 mihi

135 1598 235 1644 eiusdem
246 1606 354 1642 'mensure
372 1596 455 1657 petiam
471 1598 568 1643 exterius
581 1597 693 1659 applicari,
705 1615 749 1661 que
766 1609 860 1645 consuta
877 1597 905 1643 de

135 1662 198 1722 foris,
210 1663 293 1709 indicet
309 1660 439 1706 hominibus
456 1661 536 1722 pellem
553 1662 615 1708 intus
631 1662 791 1709 absconditam.
831 1663 905 1708 Audit

137 1727 213 1784 frater,
230 1744 270 1771 nec
287 1725 412 1786 approbat3
430 1726 504 1780 instat,
521 1743 562 1770 nec
580 1728 686 1786 impetrat
704 1728 771 1773 aliud.
804 1727 906 1788 Acquie-

138 1802 212 1836 scente
223 1790 314 1835 tandem
324 1788 456 1850 guardiam,
467 1789 527 1850 petia
537 1807 602 1851 supra
613 1790 696 1852 petiam
711 1790 790 1847 suitur,
802 1807 830 1835 ne
845 1790 904 1835 aliud

63 1855 193 1901 Fol.66foris
214 1870 283 1917 quam
304 1854 366 1899 intus
388 1853 534 1899 Francischus
549 1870 595 1899 esse
614 1865 759 1901 monstretur.
801 1856 824 1902 O
844 1856 905 1900 idem

139 1921 218 1984 lingua
243 1929 266 1965 et
285 1917 347 1972 vita余
373 1916 434 1963 idem
453 1916 507 1963 foris
533 1930 556 1965 et
574 1920 653 1976 intus余
677 1920 737 1966 idern
759 1920 864 1966 subditus
883 1931 906 1965 et

139 1986 251 2046 prelatus!
291 1981 368 2027 Nichil
385 1991 497 2037 extranee,
513 1984 581 2028 nichil
600 1984 686 2044 private
703 1984 774 2046 glorie
791 1984 906 2047 diligebas,

140 2049 180 2111 qui
199 2047 329 2110 gloriabaris
348 2046 371 2090 in
390 2046 491 2093 domino.
526 2048 568 2092 Sed
584 2047 706 2108 pelliciatos
722 2064 750 2094 ne
766 2048 907 2103 offenderim,

139 2129 225 2175 precor,
236 2112 254 2157 si
271 2110 352 2174 pellem
371 2126 412 2172 pro
432 2109 489 2172 pelle
507 2111 603 2173 positam
620 2111 727 2169 dixerim余
745 2112 827 2158 scimus
846 2112 906 2158 enim

140 2177 267 2224 innocentia
277 2174 385 2238 spoliatos
395 2175 477 2220 tunicis
488 2176 585 2237 pelliceis
595 2177 688 2238 eguisse.

91 2362 137 2402 [Rs]
187 2323 323 2415 &empore
339 2352 439 2413 quodam
451 2353 510 2412 apud
527 2353 698 2397 heremitorium
716 2355 743 2399 de
761 2355 835 2399 Podio
852 2354 910 2398 circa

143 2420 283 2467 nativitatem
294 2416 381 2464 domini
393 2430 475 2478 magno
486 2417 571 2478 populo
582 2416 610 2462 ad
627 2417 803 2479 predicationem
821 2428 908 2474 vocato,

144 2487 183 2532 tali
194 2484 290 2547 prologo
301 2497 392 2527 exorsus
403 2490 452 2526 est:
469 2480 517 2527 Vos
528 2481 618 2527 creditis
629 2498 665 2527 me
676 2482 790 2528 hominem
808 2493 909 2529 sanctum

144 2561 167 2596 et
186 2549 237 2595 ideo
256 2550 339 2594 devote
357 2544 458 2590 venistis
492 2546 534 2591 Sed
555 2545 634 2599 fateor,
655 2547 692 2602 ait,
712 2547 783 2603 vobis,
803 2558 851 2594 tota
870 2548 910 2592 hac

144 2613 312 2677 quadragesima
331 2609 419 2670 cybaria
436 2608 499 2655 lardo
520 2611 610 2656 condita
632 2611 725 2657 comedi.
768 2612 846 2674 Sicque
865 2611 911 2657 fre.

145 2688 244 2741 quentur
255 2674 367 2736 voluptati
381 2674 503 2732 imputavit
520 2675 583 2736 quod
600 2674 661 2734 prius
678 2674 803 2721 infirmitati
821 2692 911 2722 conces-

144 2752 209 2789 serat.
241 2739 312 2787 Simili
323 2737 411 2784 fervore
423 2738 611 2803 quandocumque
621 2739 711 2801 spiritus
723 2739 769 2785 eius
786 2741 814 2786 ad
830 2757 911 2789 vanarn

144 2808 239 2871 gloriam
267 2814 403 2859 moveretur,
427 2804 503 2849 statim
531 2819 606 2850 coram
634 2804 739 2850 omnibus
767 2807 828 2852 nuda
855 2805 911 2852 illud

144 2870 283 2919 confessione
300 2867 414 2931 prodebat.
