1919 3169
324 99 482 146 LEGENDA
498 98 652 159 ANTIQUA
839 99 868 160 69

103 198 143 261 qui
154 197 254 259 cytharas
265 198 385 244 hominum
396 195 474 242 audire
483 212 529 242 non
537 195 609 258 potui,
619 194 734 256 cytharam
742 196 868 243 suaviorem

102 262 185 308 audivi.

149 357 356 453 Ronnumquam
367 405 421 435 vero
432 387 484 434 talia
494 386 592 434 faciebat.
626 386 763 433 Dulcissima
773 387 927 445 melodiam-ry]

103 455 194 516 spiritus
205 456 263 501 intra
273 456 348 517 ipsum
359 452 475 510 ebulliens,
487 454 582 499 exterius
595 450 701 515 gallicum
710 452 776 499 dabat
786 470 868 500 sonum

103 529 125 565 et
137 536 193 565 vena
206 520 277 566 divini
293 518 397 573 sussum,
410 534 478 580 quam
495 518 554 564 auris
570 516 618 562 eius
634 516 766 578 suscipiebat
777 517 869 575 furtive,

103 584 208 645 gallicum
227 584 359 644 erumpebat
378 584 401 626 in
420 581 523 627 iubilum.
565 582 665 642 Lignum
683 582 826 644 quandoque,
843 593 870 627 ut

103 647 174 694 oculis
184 647 291 703 vidimus,
303 645 421 709 colligebat
432 662 444 690 e
455 654 520 701 terra,
532 645 652 708 ipsumque
665 644 756 692 sinistro
767 645 869 692 bracchio

100 728 255 774 superponens
276 712 370 759 anulum
391 710 515 756 filoflexum
535 710 623 756 tenebat
641 710 664 756 in
683 710 780 769 dextera,
800 727 869 775 quem

104 794 171 839 supra
182 777 270 823 viellam
288 778 377 823 trahens
394 793 433 838 per
450 776 539 838 lignum
556 786 579 821 et
596 775 624 821 ad
642 776 685 821 hoc
701 787 778 838 gestus
795 794 870 839 repre-

102 851 197 897 sentans,
206 842 306 903 ydoneos
317 841 395 904 gallice
405 841 505 887 cantabat
513 841 541 887 de
552 840 652 886 domino.
679 841 871 889 Terminabantur

103 916 152 951 tota
178 907 219 951 hec
238 907 336 967 tripudia
356 905 486 968 frequenter
504 905 527 950 in
548 904 656 965 lacrymas
674 914 697 949 et
718 905 742 950 in
763 907 870 966 passionis

105 969 188 1015 Christi
210 969 394 1032 Compassionem
416 969 451 1014 hic
472 968 556 1014 iubilus
577 967 713 1014 solvebatur.
757 969 812 1015 Inde
833 970 869 1015 hic

103 1043 192 1080 sanctus
203 1036 309 1081 continua
324 1034 426 1080 trahebat
443 1034 535 1096 suspiria
551 1043 574 1078 et
590 1033 732 1096 ingeminatis
748 1034 869 1097 gemitibus

103 1098 244 1158 inferiorum,
262 1100 347 1163 quein
365 1116 433 1145 manu
450 1108 519 1156 erant,
538 1097 628 1153 oblitus,
646 1099 823 1160 suspendebatur
842 1100 869 1145 ad

103 1163 183 1210 celum.

150 1259 245 1341 Vidit
272 1292 341 1338 semel
367 1292 489 1355 quemdam
519 1291 604 1336 sotium
636 1307 704 1336 suum
736 1291 936 1345 accidiosamtu-IIJ]

103 1368 125 1404 et
153 1359 240 1404 tristem
267 1358 347 1404 faciem
373 1356 545 1419 protendentem
572 1365 594 1401 et
621 1372 666 1402 non
692 1355 772 1402 leniter
797 1356 871 1403 ferens

104 1423 161 1470 dixit
188 1425 215 1470 ad
242 1439 314 1470 eum:
349 1423 404 1469 Non
436 1422 501 1468 decet
533 1437 624 1467 servum
652 1421 688 1467 dei
715 1422 809 1478 tristem,
834 1423 870 1468 vel

103 1488 262 1532 turbulentum
281 1504 304 1531 se
323 1496 444 1531 monstrare
460 1485 596 1540 horninibus,
613 1485 664 1528 licet
685 1501 772 1546 semper
790 1487 871 1530 hones-

104 1560 162 1597 tum.
215 1550 318 1596 Offensas
339 1559 389 1596 tuas
410 1549 434 1593 in
455 1558 497 1593 tuo
519 1548 623 1593 cubiculo
644 1548 730 1593 discute
751 1559 774 1593 et
795 1565 869 1594 coram

104 1615 146 1661 deo
155 1625 196 1661 tuo
204 1613 326 1677 lacrymare
334 1623 357 1660 et
366 1612 492 1675 ingemisce.
514 1612 573 1658 Cum
581 1612 639 1658 redis
648 1611 675 1657 ad
683 1611 773 1669 fratres,
783 1620 913 1660 meroreFol.
921 1620 943 1670 65

104 1680 215 1742 deposito,
237 1680 315 1726 ceteris
337 1677 482 1725 conformare.
532 1677 563 1722 Et
585 1687 636 1739 post
657 1693 741 1738 pauca:
765 1678 869 1724 Multum

104 1744 208 1792 invident
216 1744 271 1790 mihi
282 1743 351 1790 emuli
360 1742 438 1788 salutis
448 1743 546 1788 humane
557 1752 579 1788 et
589 1757 595 1797 ;
612 1758 706 1803 semper,
714 1743 752 1800 ait,
761 1753 870 1789 conantur

102 1825 170 1869 quem
189 1809 212 1854 in
232 1824 268 1854 me
287 1824 333 1854 non
352 1817 454 1868 possunt,
473 1807 497 1851 in
515 1806 578 1851 sotiis
598 1806 735 1853 conturbare.
768 1809 870 1853 Tantum

102 1883 177 1919 autem
194 1871 301 1936 diligebat
318 1871 395 1917 virum
412 1869 522 1933 spirituali
539 1869 610 1915 letitia
628 1869 728 1932 plenum,
746 1872 809 1934 quod
828 1888 870 1935 pro

102 1938 199 2002 generali
215 1937 390 1985 commonitione
407 1936 430 1981 in
448 1935 547 1999 quodam
564 1935 661 1997 capitulo
678 1934 743 1981 scribi
761 1937 813 1983 fecit
830 1938 870 1982 hec

102 2004 185 2050 verba:
204 2004 303 2049 Caveant
311 2002 399 2059 fratres,
408 2017 436 2046 ne
447 2017 469 2045 se
481 2000 600 2046 ostendant
609 2001 744 2046 extrinsecus
755 2002 871 2048 nubilosos

102 2077 125 2111 et
137 2068 250 2130 ypocritas
266 2068 348 2122 tristes,
360 2066 398 2109 sed
415 2065 534 2109 ostendant
550 2080 573 2108 se
589 2065 711 2125 gaudentes
728 2066 752 2109 in
768 2067 869 2123 domino,

102 2130 173 2192 ylares
184 2141 206 2178 et
218 2131 326 2178 iucundos
336 2139 359 2176 et
370 2129 528 2175 convenienter
538 2129 654 2190 gratiosos.

149 2227 241 2316 Dixit
261 2259 328 2306 etiam
350 2256 471 2320 aliquando
492 2265 597 2302 sanctus:
618 2255 691 2302 Fratri
710 2258 799 2320 corpori
818 2269 947 2311 cum[Q-111J]

103 2325 237 2371 discretione
255 2323 420 2386 providendum
440 2332 480 2377 est,
498 2338 527 2367 ne
544 2321 571 2367 ab
588 2337 616 2366 eo
632 2331 752 2382 tempestas
769 2340 871 2370 commo-

103 2400 183 2434 veatur
193 2389 275 2435 accidie
285 2405 291 2443 ;
311 2398 337 2433 ut
347 2387 407 2431 enim
418 2402 464 2430 non
476 2387 550 2431 tedeat
564 2386 638 2446 ipsum
649 2385 741 2447 vigilare
757 2398 779 2433 et
795 2405 870 2433 rever-

104 2463 167 2498 enter
178 2453 202 2498 in
213 2453 313 2499 oratione
324 2451 448 2513 persistere,
460 2450 554 2495 tollatur
565 2450 584 2493 ei
596 2450 680 2494 occasio
697 2453 853 2498 murmurandi
863 2468 869 2507 ;

103 2516 187 2563 diceret
198 2517 271 2564 enim:
289 2517 358 2563 Fame
369 2514 455 2571 deficio,
466 2514 500 2560 tui
511 2514 610 2560 exercitii
627 2513 734 2561 sarcinam
750 2514 808 2562 ferre
824 2534 869 2563 non

103 2598 202 2643 possum.
238 2583 310 2636 Quod
321 2581 338 2626 si
349 2589 469 2642 postquam
480 2579 627 2624 sufficientem
637 2591 737 2626 vorasset
750 2597 869 2638 annonam,

103 2645 156 2690 talia
172 2646 296 2702 musitaret,
308 2646 364 2691 scito
380 2644 471 2704 pigrum
488 2643 615 2687 iumentum
634 2643 734 2704 indigere
751 2646 870 2690 calcaribus

104 2719 126 2754 et
143 2710 238 2756 inertem
255 2711 348 2757 asellum
366 2706 482 2753 stimulum
500 2717 622 2767 expectare.
663 2707 719 2752 Hoc
735 2709 783 2754 solo
800 2710 870 2755 docu-

85 2800 87 2802 ·
105 2784 189 2834 mento,
201 2775 290 2823 dissona
309 2773 352 2821 fuit
370 2787 449 2819 manus
468 2788 481 2817 a
498 2770 576 2836 lingua
594 2771 617 2817 in
636 2781 698 2834 patre
716 2773 868 2832 sanctissim03

104 2856 185 2902 corpus
206 2841 266 2887 enim
288 2857 355 2887 suurn
377 2838 455 2900 utique
479 2837 585 2883 innocens
610 2836 702 2900 flagellis
725 2849 748 2885 et
771 2840 870 2901 penuriis
