1919 3169
366 104 473 151 INDEX

329 214 399 251 PARS
416 213 527 251 TERTIA
770 259 808 278 ines

134 284 168 325 De
186 286 327 336 paupertate
355 283 392 320 Sub
410 284 456 321 cuius
474 282 524 321 titulo
543 284 566 321 de
584 282 634 321 laude
651 285 706 333 agitur
723 283 745 321 de
816 287 845 330 [A]

309 345 407 386 paupertate
451 363 744 373 ......
785 338 808 385 36

137 388 171 430 De
183 400 269 441 pauper
271 392 319 431 tate
328 388 482 429 hedifitiorum
510 416 743 426 .....
785 390 808 438 36
816 389 843 431 [Β]

44 442 198 489 PuunuxnrrroJ.
285 441 321 477 Sub
331 454 378 476 curus
392 440 442 476 titulo
455 440 556 489 exemplum
569 450 617 489 poni
618 455 636 477 ur
655 442 744 477 dedomo
848 469 852 478 .

311 492 357 540 apud
371 491 508 534 Portiunculam,
517 505 568 541 quam
577 491 666 528 devastare
673 493 742 552 cepit.

186 546 211 593 lJ.
285 544 316 579 De
325 544 378 580 domo
387 544 495 589 bononiensi,
503 544 525 579 de
532 557 565 593 qua
572 543 669 580 infirmos
655 546 694 580 erici
702 544 744 580 fecit

186 596 224 646 HJ.
287 596 317 633 De
327 595 371 633 cella
380 610 410 633 suo
420 598 485 632 nomini
498 595 533 633 fact
527 606 549 643 ta,
559 610 610 646 quam
619 600 681 633 intrare
690 597 745 634 noluit

135 649 169 690 De
178 653 275 699 paupert
266 652 314 690 tate
323 652 349 690 ut
340 649 456 690 tensilium

185 702 201 749 J.
287 700 324 737 Sub
333 714 366 750 quo
375 702 396 737 tit
390 701 425 737 tulo
435 700 535 748 exemplum
544 701 612 749 ponitur
626 701 648 736 de
660 714 718 736 mensa
727 701 744 736 in

313 752 341 787 die
350 753 413 800 pasche
422 751 467 810 apud
476 752 564 787 heremum
579 752 629 798 gretii
642 760 721 800 preparat
722 764 743 795 εις

312 812 330 839 et
339 803 361 839 de
370 804 460 852 peregrino
506 830 742 839 .....

187 855 213 904 lJ.
287 854 353 891 Contra
363 868 425 892 curiosi
426 864 479 891 atem
488 853 570 891 librorum
623 881 627 890 .
680 884 685 892 .

136 908 170 948 De
180 910 315 959 paupertate
324 907 439 949 lectorum
459 906 496 942 Sub
513 908 587 943 cuiustr
575 906 624 943 titulo
640 909 708 957 ponitur
722 882 744 943 de

313 960 383 997 domine
391 961 431 997 hort
425 960 479 995 tensio
488 967 505 995 et
499 959 577 996 t'laude
573 960 624 1009 ipsius
682 989 686 997 .
739 989 743 997 .

186 1014 201 1061 J.
292 1013 340 1060 Quid
349 1021 408 1049 sanc
390 1012 485 1049 toaccidit
498 1023 550 1048 nocte
563 1012 636 1062 quadam
645 1012 668 1048 de
676 1011 744 1062 plumeo

314 1064 398 1114 pulvinari
407 1080 411 1109 ς
426 1073 442 1100 et
453 1072 513 1100 contra
521 1073 588 1100 utentes
597 1063 676 1100 mollibus
739 1091 743 1100 .

137 1116 171 1156 De
190 1116 302 1166 exemplis
320 1119 400 1156 contra
417 1115 543 1166 pecuniam·
576 1114 612 1150 Sub
630 1117 677 1151 cuius
695 1115 744 1152 titulo

313 1167 413 1216 exemplum
422 1167 497 1215 ponitur,
507 1167 591 1203 correctio
598 1167 640 1202 dura
649 1166 705 1203 fratris
716 1167 745 1216 qui

315 1233 353 1256 eam
362 1220 437 1256 manibus
447 1219 507 1266 tetegit
565 1246 569 1255 .
624 1245 627 1254 .
681 1246 685 1254 .
740 1245 743 1254 .

290 1272 356 1307 Fratris
366 1271 442 1308 vindicta
451 1271 480 1319 qui
488 1283 526 1306 eam
535 1270 628 1317 collegit.
681 1299 685 1307 .
739 1297 743 1305 .

119 1350 124 1366 ,
189 1324 215 1371 IJ.
291 1323 389 1371 increpatio
404 1323 461 1358 fratris
476 1323 504 1370 qui
520 1336 558 1358 eam
573 1323 629 1370 specie
641 1323 744 1359 necessitatis

314 1387 380 1409 servare
389 1373 443 1410 voluit
450 1399 742 1409 ......

188 1427 225 1474 HJ
290 1425 321 1461 De
329 1438 401 1474 pecunia
409 1437 457 1461 versa
466 1438 483 1460 rn
493 1424 582 1461 colubrum
623 1452 626 1460 .
680 1451 684 1460 .
738 1451 742 1460 .

138 1478 172 1519 De
182 1479 317 1528 paupertate
325 1477 520 1519 vestimentorum
548 1476 635 1514 Snbhoct
629 1476 742 1527 titulorepre-

315 1530 376 1565 hendit
384 1537 458 1574 sanctus,
463 1529 516 1565 verbo
523 1537 540 1564 et
544 1527 632 1577 exemplo,
638 1528 718 1566 mollibus
726 1537 743 1565 et

316 1581 393 1618 delicatis
402 1581 470 1617 indutos
506 1607 742 1617 .....

120 1663 124 1679 ,
189 1636 205 1682 J.
291 1633 400 1671 Recedentes
413 1641 744 1682 apaupertaeanecessrae‚corr1g-

316 1686 376 1729 endos,
385 1685 491 1735 prenuntiat·
505 1694 522 1719 et
531 1684 578 1734 quod
590 1683 662 1721 libenter
674 1686 745 1720 canebat

317 1736 390 1785 psalmos
400 1745 516 1785 paupertatem
525 1744 628 1772 sonantes
683 1763 686 1772 .
741 1764 744 1772 .

140 1789 174 1829 De
189 1789 287 1839 petenda
305 1788 471 1838 heleemosyna.
500 1787 536 1823 Sub
550 1788 584 1824 hoc
602 1787 652 1823 titulo
669 1787 746 1824 laudatur

318 1841 421 1877 verecundia
433 1840 478 1876 bona
491 1850 508 1875 et
522 1838 591 1876 mala
580 1840 689 1888 vituperatur.
716 1838 747 1875 De

319 1893 468 1929 commendatione
477 1891 585 1941 eleemosyne
626 1919 629 1928 .
684 1919 687 1927 .
742 1918 746 1926 .

294 1944 401 1994 Exemplum
411 1945 478 1994 ponitur
487 1944 509 1980 de
518 1954 546 1992 pet
540 1944 591 1980 tenda
600 1943 720 1992 heleemosyna
742 1970 746 1978 .

295 1996 402 2044 Exemplum
415 1995 462 2043 quod
471 1995 513 2031 fecit
522 1997 603 2042 episeopo
612 1994 716 2039 Hostiensi;
730 2003 748 2029 et

319 2047 341 2083 de
350 2047 459 2097 responsione
468 2060 498 2082 sua
507 2046 528 2082 ad
538 2046 603 2082 dictum
613 2048 711 2097 episcopum
743 2072 746 2080 .

227 2127 231 2136 .
296 2100 403 2137 Exhortatio
413 2100 478 2137 adhoc
488 2100 540 2136 verbo
549 2108 566 2137 et
575 2099 656 2149 exemplo
685 2125 689 2135 .
743 2124 747 2134 .

238 2180 242 2189 .
295 2151 414 2202 Reprehensio
424 2152 500 2189 cuisdsm
509 2151 565 2189 fratris
574 2151 646 2189 nolentis
652 2165 683 2203 pro
690 2151 748 2188 helee-

319 2218 418 2241 mosmarre

297 2257 375 2303 Qualiter
393 2256 489 2294 obsculatus
507 2258 596 2293 humerum
617 2256 749 2293 heleemosinam

319 2308 401 2356 portantis

194 2358 228 2408 VJ.
294 2358 374 2406 Qualiter
392 2358 454 2394 milites
472 2358 556 2394 seculares
575 2357 643 2394 induxit
637 2368 676 2394 tut
691 2360 749 2397 helee-

321 2412 403 2448 mosinam
412 2424 433 2460 pe
435 2421 490 2447 terent
513 2438 748 2448 .....

194 2464 240 2513 VlJ
295 2462 325 2499 De
334 2463 412 2500 membro
422 2476 491 2512 saponis
500 2477 550 2500 verso
559 2476 577 2499 m
586 2476 651 2513 piscem
687 2492 690 2499 .
744 2492 748 2500 .

144 2517 177 2557 De
191 2516 322 2558 renuntiant
313 2515 374 2556 tibus
387 2515 472 2556 seculo.
500 2515 536 2551 Sub
550 2517 584 2552 hoc
593 2515 643 2552 titulo
652 2517 751 2567 exemplum

321 2569 368 2616 ponit
369 2580 388 2602 ur
398 2568 492 2610 cubudam,
502 2569 531 2615 qui
544 2581 573 2603 sus
586 2568 708 2614 parentibusue
717 2581 751 2605 non

321 2618 421 2668 pauperibus
430 2618 485 2661 dedit,
495 2631 546 2667 quem
560 2627 627 2654 sanctus
640 2620 750 2667 reprobavit3

322 2680 339 2707 et
347 2670 487 2719 reprehensiones
497 2680 557 2706 eontra
565 2670 626 2706 similia
634 2670 717 2708 fatientes
747 2698 751 2706 .

145 2725 179 2767 De
188 2724 286 2776 quadam
295 2723 388 2774 visione,
399 2735 443 2783 que
453 2722 506 2764 facit
516 2722 545 2764 ad
555 2725 751 2774 paupertatem

144 2778 179 2818 De
193 2777 352 2828 compassione
365 2778 431 2817 sanct
422 2775 482 2815 tadi
499 2776 556 2816 alios
570 2787 689 2835 pauperes.
717 2776 753 2812 Sub

323 2829 373 2864 hoc
362 2838 382 2863 tit
376 2827 412 2863 tulo
418 2827 522 2863 describitur
532 2828 653 2874 compassionis
659 2837 677 2864 et
682 2829 735 2876 quali
736 2842 753 2863 er

322 2878 584 2928 pauperibusssncteinvidebat
631 2906 635 2914 .
690 2906 694 2914 .
748 2905 752 2914 .

793 122 805 167 3
