1919 3169
131 89 161 134 34
342 74 502 120 LEGENDA
519 75 682 121 GREGORII

179 170 293 233 Ceperunt
309 170 376 217 multi
387 170 415 217 de
425 172 512 232 populo
523 171 609 218 nobiles
620 182 642 218 et
654 171 770 233 ignobiles,
782 172 855 219 clerici
872 183 895 219 et

129 234 178 281 laici
195 236 271 282 divina
287 235 430 297 inspiratione
446 236 575 298 compuncti
591 237 619 282 ad
636 246 736 283 sanctum
750 237 894 284 Franciscum
954 280 957 300 ἐ

130 300 239 358 accedere,
247 301 362 361 cupientes
373 300 414 345 sub
425 300 473 346 eius
484 300 601 363 disciplina
612 310 634 346 et
646 301 776 364 magisterio
787 311 896 364 perpetuo

131 364 231 414 militare.
266 365 332 416 Quos
343 380 421 411 omnes
431 375 520 412 sanctus
528 366 564 412 dei
575 366 643 412 velud
654 367 741 413 celestis
751 367 822 429 gratie
833 367 895 414 rivus

131 429 257 473 uberrimus
265 429 406 472 carismatum
414 428 533 490 ymbribus
539 430 621 490 rigans,
628 446 707 490 agrum
715 432 787 475 cordis
794 431 895 491 ipsorum
957 440 958 443 ’

131 492 243 538 virtutum
256 490 349 537 floribus
360 491 486 539 exornabat.

181 555 293 618 Egregius
310 565 409 617 nempe²¹
420 555 508 613 artifex,
519 556 547 603 ad
564 557 629 603 cuius
639 555 743 615 formam,
755 558 857 622 regulam
874 569 896 606 et

132 621 256 667 doctrinam
279 619 412 667 efferendos
434 621 542 683 preconio
563 622 587 666 in
609 632 707 685 utroque
731 639 786 669 sexu
808 623 896 671 Christi

132 695 255 732 renovatur
266 684 367 731 Ecclesia
376 701 382 740 ;
392 695 421 731 et
431 686 490 732 trina
502 686 627 748 triumphat
638 687 718 733 militia
729 687 896 735 salvandorum.

132 749 246 794 Omnibus
261 765 353 811 quoque
370 749 482 795 tribuebat
498 766 600 795 normam
611 751 657 798 vite
674 768 698 796 ac
710 751 786 797 salutis
802 753 861 797 viam
872 754 895 797 in

131 813 194 859 omni
210 813 281 876 gradu
298 813 404 859 veraciter
420 814 592 860 demonstrabat.
627 815 670 860 Sed
685 815 713 860 de
729 816 817 874 ordine,
828 832 895 879 quem

131 878 238 924 charitate
255 878 336 939 pariter
353 888 375 924 et
386 876 522 939 professione
539 880 657 941 assumpsit
669 890 691 925 et
701 880 776 926 tenuit
792 881 897 944 precipue
957 911 958 914 =

117 959 205 989 ‚sermo
227 944 250 988 in
272 943 375 988 manibus
396 953 437 989 est.
482 943 546 994 Quid
569 945 646 990 enim?
675 944 777 1004 ordinem
799 944 895 992 fratrum
957 986 959 989 ,

131 1007 246 1053 minorum
257 1007 362 1067 primitus
376 1006 423 1069 ipse
439 1007 549 1068 plantavit
560 1017 582 1053 et
594 1024 619 1053 ea
629 1006 712 1054 scilicet
723 1009 836 1055 occasione
853 1011 896 1055 hoc

132 1073 151 1117 ei
167 1088 250 1117 nomen
266 1072 391 1133 imposuit;
408 1088 460 1118 cum
477 1088 558 1133 nempe
575 1072 605 1117 sic
621 1073 644 1118 in
661 1073 739 1135 regula
755 1074 895 1120 scriberetur.

130 1136 162 1179 Et
169 1136 215 1179 sint
223 1136 329 1179 minores.
362 1136 399 1179 Ad
409 1136 477 1179 huius
489 1136 598 1179 sermonis
608 1136 759 1196 prolationem
768 1153 793 1181 ea
803 1139 896 1198 quidem

131 1199 192 1253 hora,
211 1199 271 1255 volo,
289 1198 370 1260 inquit,
387 1198 445 1244 ordo
461 1197 557 1244 fratrum
575 1199 690 1245 minorum
712 1198 839 1246 fraternitas
857 1202 896 1246 hec

131 1274 232 1311 vocetur.

448 1382 588 1414 HUMILITAS.

179 1460 210 1505 Et
226 1476 278 1506 vere
295 1458 400 1516 minores,
412 1458 452 1520 qui
464 1457 568 1504 omnibus
580 1458 663 1504 subditi
674 1460 793 1505 existentes
809 1477 897 1523 semper
952 1498 953 1527 Ξ

131 1526 254 1588 querebant
270 1524 347 1568 locum
366 1523 459 1568 vilitatis
476 1532 498 1568 et
518 1524 617 1568 officium
636 1540 754 1582 exercere;
772 1535 794 1570 et
810 1526 833 1570 in
849 1542 897 1587 quo
952 1528 954 1581 ζ

131 1589 228 1653 quedam
236 1596 252 1621 ²³
263 1588 333 1635 fore²4
345 1588 427 1634 iniuria
437 1588 576 1645 videretur‚²⁵
591 1599 616 1635 ut
623 1590 639 1614 ²⁶
655 1590 719 1636 sicin
732 1589 806 1652 solido
813 1599 828 1622 ²⁷
844 1607 896 1637 vere

130 1654 263 1701 humilitatis
279 1653 370 1700 fundari
386 1662 526 1698 mereruntur
542 1662 567 1698 ut
584 1652 643 1699 felici
661 1654 807 1714 dispositione
824 1656 847 1700 in
865 1656 897 1701 eis

131 1727 276 1779 consurgeret
292 1718 396 1762 omnium
413 1717 524 1761 virtutum
545 1715 628 1763 fabrica
649 1718 778 1778 spiritalis.²⁸
811 1720 897 1765 Revera

131 1800 198 1845 super
209 1782 333 1829 constantie
341 1780 515 1827 fundamentum
524 1780 635 1826 charitatis
642 1789 658 1814 ²⁹
672 1781 773 1827 nobilis³⁰
785 1792 897 1829 structura

131 1847 235 1905 surrexit,
248 1847 271 1892 in
282 1864 326 1908 qua
336 1845 384 1893 vivi
395 1845 478 1908 lapides
490 1862 517 1891 ex
529 1845 634 1892 omnibus
646 1847 726 1893 mundi
742 1847 842 1909 partibus
858 1866 896 1894 co-

131 1914 225 1959 acervati
237 1911 331 1959 edificati
343 1920 396 1956 sunt
407 1911 430 1956 in
441 1909 593 1955 habitaculum
605 1911 697 1972 spiritus
708 1912 784 1957 sancti.
955 1973 956 1976 Ἰ

179 1979 201 2022 O
218 1986 304 2038 quanto
320 1976 432 2021 charitatis
448 1974 528 2020 ardore
544 1974 667 2036 flagrabant
684 1977 738 2021 novi
756 1976 832 2021 christi
849 1977 896 2022 dis-
951 1996 958 2028 χ

132 2040 214 2101 cipuli!
249 2039 354 2098 Quantus
371 2038 394 2081 in
410 2038 441 2082 eis
453 2038 489 2098 pie
500 2036 612 2082 societatis
622 2037 712 2101 vigebat
723 2039 801 2083 amor!
836 2039 895 2084 Cum

131 2105 191 2150 enim
208 2102 289 2149 alicubi
307 2103 389 2165 pariter
396 2110 410 2132 ³¹
429 2102 583 2160 convenirent,
594 2102 631 2148 vel
647 2103 671 2147 in
687 2103 723 2148 via
738 2112 764 2148 ut
775 2103 844 2148 moris
855 2114 896 2162 est,
956 2113 957 2116 ’

130 2169 172 2214 sibi
190 2169 286 2215 invicem
304 2167 427 2221 obviarent,
445 2166 475 2211 ibi
493 2166 605 2228 spiculum
614 2175 629 2198 ³²
651 2167 757 2228 spiritalis
774 2167 896 2215 resultabat
954 2215 956 2220 ,

130 2233 212 2278 amoris
230 2248 296 2294 super
314 2247 405 2277 omnem
421 2246 520 2275 amorem
538 2246 590 2276 vere
606 2230 734 2277 dilectionis
753 2233 896 2278 seminarium
951 2240 953 2260 ³

131 2314 243 2359 spargens.
951 2337 955 2362 ,ς

179 2361 243 2423 Quid
254 2359 326 2405 illud?
335 2367 350 2391 ³³
384 2358 444 2403 Casti
456 2359 578 2420 amplexus,
589 2375 667 2404 suaves
681 2359 781 2415 affectus,
794 2359 896 2406 osculum

130 2435 238 2481 sanctum,
246 2424 312 2470 dulce
320 2421 466 2485 collequium,
474 2423 532 2468 risus
540 2423 664 2481 modestus,
671 2433 771 2484 aspectus
779 2424 896 2482 iucundus,

131 2489 211 2538 oculus
227 2490 328 2551 simplex,
340 2488 436 2536 amimus
448 2486 549 2550 supplex,
560 2488 639 2552 lingua
649 2486 769 2550 placabilis,
780 2490 896 2552 responsio
953 2533 955 2553 ξ

169 2609 184 2627 ²²
199 2606 239 2650 Os,
249 2602 288 2640 Ox.
298 2603 331 2640 and
339 2603 370 2637 W.
379 2615 452 2652 nanque.
491 2605 507 2623 ²²
521 2603 545 2639 L.
555 2601 650 2639 offerendo.
691 2606 706 2630 ²3
720 2605 757 2640 Ox.
767 2604 811 2640 adds
817 2617 857 2654 que.

170 2661 186 2686 ²4
196 2659 228 2693 Os.
238 2656 280 2693 fere.
435 2656 450 2681 ²5
465 2656 503 2691 Ox.
514 2655 618 2691 viderentur.
758 2655 778 2678 '²⁶
792 2658 824 2693 Os.
833 2666 857 2693 et.

169 2709 185 2735 ²⁷
199 2710 231 2743 Os.
242 2704 292 2742 solia
353 2704 369 2726 ²⁸
382 2705 413 2741 W.
425 2716 505 2741 xnmrns.
566 2709 582 2733 ²⁹
596 2706 627 2749 E„
637 2705 673 2749 H„
683 2705 711 2742 M.
721 2706 755 2742 and
764 2706 785 2742 P.
796 2708 863 2745 caritas

168 2762 184 2787 ³⁰
199 2759 230 2804 E„
241 2756 269 2794 M.
278 2757 313 2794 and
323 2757 343 2793 P.
353 2755 413 2793 nobili.
467 2758 482 2783 31
496 2757 529 2794 Os.
538 2758 595 2794 omits.
648 2759 663 2785 32
678 2757 702 2794 L.
712 2756 805 2807 speculum.

168 2814 184 2840 33
198 2811 229 2849 W.
239 2809 317 2848 illudum.
