1919 3169
160 85 189 131 54
370 71 531 124 susanna
548 71 709 120 ennoean

157 166 260 227 pervenit
271 166 298 211 ad
309 167 423 212 civitatem
434 167 562 229 quamdam,
574 183 618 230 que
634 167 718 212 dicitur
734 167 861 213 tuscanella.
895 169 922 212 ln

158 247 202 295 qua
222 249 273 279 curn
291 248 354 279 more
371 232 438 278 solito
456 242 570 295 spargeret
587 249 663 279 semen
681 233 734 292 vite,
748 232 812 280 miles
829 234 922 297 quidam

159 297 260 344 eiusdem
279 297 376 344 civitatis
393 314 446 343 eum
464 299 561 361 suscepit
578 298 684 361 hospitio,
696 296 747 344 cui⁶
766 299 825 344 filius
842 300 922 345 unicus

159 372 206 407 erat
227 363 320 408 claudus
341 372 363 407 et
384 372 434 407 toto
456 379 548 423 corpore
575 362 661 409 debilis.
705 363 755 414 Qui
778 364 830 408 licet
857 374 921 421 etate,

158 426 273 486 puerulus,
284 424 438 471 ablactationis
449 435 524 471 tamen
536 427 651 472 transierat
662 443 732 472 annos
744 443 751 482 ;
768 436 790 473 et
808 427 881 473 adhuc
897 427 921 472 in

159 490 275 536 cunabulis
286 490 421 536 morabatur.

206 554 273 601 Pater
294 571 348 601 vero
376 553 439 617 pueri
461 553 540 602 videns
562 555 637 602 virum
664 555 699 601 dei
727 564 789 601 tanta
807 555 920 618 preditum

158 621 283 675 sanctitate,
295 620 388 681 proiecit
399 637 422 665 se
433 620 460 666 ad
472 621 541 681 pedes
552 620 598 667 eius
614 620 738 676 humiliter,
749 620 788 666 filii
805 621 839 666 sui
850 620 876 666 ab
893 638 920 665 eo

158 685 275 744 postulans
291 685 416 730 sanitatem.
449 685 498 736 Qui
514 702 566 730 cum
582 696 643 731 tante
659 685 750 733 virtutis
771 695 794 730 et
810 686 881 747 gratie
897 702 921 730 se

157 748 278 813 indignum
298 759 320 795 et
336 748 440 796 inutilem
456 758 576 812 reputaret,
594 750 633 796 diu
650 749 692 796 hoc
713 749 785 796 facere
802 750 920 796 recusavit.

158 814 263 862 Tandem
279 830 371 875 precum
389 815 449 860 illius
464 815 571 860 instantia
586 816 667 874 victus,
689 815 790 861 oratione
805 816 920 877 premissa,

158 894 249 923 manum
267 879 376 939 imposuit
392 894 463 939 puero
481 888 503 923 et
520 878 653 924 benedicens
671 879 776 924 allevavit
798 895 858 936 eum,
880 880 919 940 qui

156 942 240 1000 statim,
262 941 405 987 cernentibus
432 941 527 1003 singulis
548 951 570 986 et
597 941 755 1004 gaudentibus,
782 942 806 987 in
829 942 920 988 nomine

157 1007 243 1055 domini
266 1007 336 1052 nostri
357 1008 406 1052 iesu
427 1006 503 1051 christi
521 1008 616 1052 surrexit
637 1007 772 1063 incolumis,⁷
788 1007 832 1053 huc
853 1017 920 1070 atque

157 1072 211 1118 illuc
226 1087 266 1134 per
281 1071 422 1117 domicilium
436 1070 495 1133 cepit
507 1071 626 1117 ambulare.

206 1137 314 1189 Quodam
331 1153 385 1181 vero
400 1146 502 1198 tempore
519 1152 570 1181 curn
592 1136 695 1182 narnium
712 1136 809 1183 venisset
826 1136 860 1182 vir
883 1136 919 1182 dei

156 1201 278 1247 franciscus
292 1211 315 1246 et
325 1200 410 1246 ibidem
421 1201 501 1246 diebus
512 1201 613 1261 pluribus
629 1211 763 1258 moraretur,
775 1201 810 1247 vir
826 1202 919 1263 quidam

157 1266 274 1313 eiusdem8
286 1266 382 1313 civitatis
393 1266 485 1312 nomine
496 1276 574 1328 petrus
585 1266 721 1328 paralyticus
728 1266 752 1311 in
760 1265 817 1312 lecto
828 1264 918 1313 iacebat.

157 1331 206 1383 Qui
232 1347 272 1392 per
299 1330 399 1394 quinque
425 1331 537 1376 mensium
563 1331 661 1393 spatium
688 1331 718 1376 ita
745 1330 790 1376 fuit
816 1331 920 1376 omniurn

156 1395 309 1440 membrorum
329 1395 419 1439 officio9
431 1395 562 1452 destitutus,
578 1395 641 1457 quod
659 1394 722 1440 nullo
740 1395 810 1440 modo
827 1411 919 1456 surgere

155 1470 250 1521 poterat,
263 1476 303 1505 nec
320 1459 462 1522 aliquatenus
478 1475 501 1506 se
517 1475 609 1507 movere
624 1469 646 1505 et
662 1459 692 1505 sic
708 1459 799 1521 pedum,
811 1476 919 1506 manuum

155 1542 180 1571 ac
197 1525 275 1588 capitis
292 1526 391 1571 totaliter
408 1523 491 1570 auxilio
508 1523 603 1586 perdito,
620 1524 690 1569 solam
706 1524 807 1586 linguam
829 1541 920 1571 movere

155 1589 243 1636 valebat
251 1597 266 1614 ¹⁰
277 1599 299 1634 et
312 1590 389 1635 oculos
401 1589 491 1650 aperire.

202 1654 305 1699 Audiens
327 1671 381 1699 vero
404 1653 466 1715 quod
487 1662 575 1696 sanctus
602 1651 722 1697 franciscus
749 1653 853 1698 narnium
881 1653 920 1699 ad-

154 1718 276 1775 venisset‚¹1
298 1716 423 1763 transmisit
444 1717 550 1762 nuntium
567 1716 594 1762 ad
613 1716 744 1777 episcopum
767 1716 871 1774 civitatis,
893 1727 919 1763 ut

155 1784 233 1830 divine
244 1783 332 1845 pietatis
343 1782 429 1829 intuitu
440 1798 531 1827 servum
543 1780 578 1826 dei
590 1779 691 1826 altissimi
702 1780 730 1826 ad
742 1780 816 1843 ipsum
828 1782 919 1827 mittere

155 1849 293 1910 dignaretur,
306 1848 419 1893 confidens
430 1854 480 1891 ex1²
497 1846 634 1903 infirmitate,
646 1862 690 1908 qua
700 1845 825 1904 tenebatur,
836 1863 864 1891 ex
872 1847 919 1892 eius

154 1914 240 1958 visione
255 1929 280 1958 ac
296 1912 406 1975 presentia
427 1910 521 1956 liberari.
561 1911 595 1956 Sic
612 1910 713 1973 utique¹³
729 1909 814 1957 factum
831 1922 871 1969 est,
893 1922 920 1957 ut

154 1995 207 2024 cum
218 1978 296 2023 beatus
313 1977 433 2023 franciscus
451 1974 574 2021 accessisset
590 1975 618 2020 ad
634 1991 694 2033 eum,
712 1974 803 2038 signum
820 1976 891 2022 crucis
907 1994 919 2022 a

155 2044 226 2105 capite
238 2043 348 2105 usquead
360 2043 427 2104 pedes
439 2041 521 2086 faciens
530 2057 596 2101 super
608 2057 667 2097 eum,
680 2041 754 2086 statim
766 2042 828 2086 omni
840 2041 919 2103 fugato

155 2108 242 2162 morbo,
254 2122 306 2153 eum
318 2107 411 2168 pristine
422 2106 549 2152 restitueret
557 2112 573 2135 ¹⁴
583 2105 676 2150 sanitati.

55 2380 138 2421 [tt-XXV]
156 2374 275 2429 Quomodo
292 2374 409 2418 mulierem
423 2383 499 2417 cecam
513 2370 660 2416 illuminavit;
680 2373 704 2413 et
717 2371 779 2425 apud
794 2372 919 2426 eugubium

360 2429 427 2471 attam
441 2429 581 2469 contractam
595 2426 714 2467 extendit.1

202 2513 312 2594 fflulier
323 2530 420 2594 quedam
437 2527 534 2574 civitatis
551 2526 677 2589 supradicte
694 2524 812 2572 oculorum
829 2527 919 2574 cecitate

194 2662 202 2685 ⁶
212 2664 245 2701 Os.
255 2663 308 2700 cuius.
392 2656 445 2702 7H.‚
456 2655 493 2692 Ox.
504 2655 538 2691 and
547 2653 579 2690 W.
589 2654 624 2690 add
633 2664 656 2691 et.
748 2651 756 2675 ⁸
767 2655 798 2690 os.
809 2656 867 2691 omits.

196 2716 241 2755 ⁹H.
251 2714 334 2765 hospicio,
464 2711 479 2731 1⁰
488 2707 517 2743 H.
527 2716 599 2758 poterat.
704 2710 718 2729 ¹1
737 2705 770 2743 Os.
780 2709 860 2745 venisset.

195 2774 209 2793 ¹²
219 2772 240 2808 L.
250 2768 284 2806 and
294 2766 326 2804 Os.
336 2766 363 2802 ab.
466 2763 481 2788 1³
490 2760 517 2797 H.
528 2761 579 2797 omits
587 2759 618 2796 uti.
731 2762 746 2788 Ι4
756 2758 777 2796 L.
787 2761 866 2797 restituit.

178 2868 180 2872 ι
195 2828 201 2846 1
211 2823 240 2861 M.
250 2819 308 2863 adds
318 2821 341 2859 et
350 2815 445 2859 sanavit.
