1919 3169
321 120 500 167 miracuta
744 121 786 184 159

26 219 56 265 sie
68 225 123 264 voto
134 215 201 273 facto,
213 215 241 260 de
254 226 385 277 recuperato
399 217 484 264 lumine
501 218 603 264 Domino
618 219 668 262 Deo
679 229 701 263 et
712 229 788 264 saneto

27 281 144 328 Francisco
155 280 236 343 gratias
244 281 406 340 persolverunt.

75 345 150 389 Simile
166 343 227 388 aliud
245 344 332 388 cuidam
349 346 437 389 mulieri
458 346 486 390 de
503 345 610 407 Eugubio
626 345 720 400 accidit3
737 363 788 407 que,

26 420 80 457 voto
56 407 152 455 ttofac
154 407 244 464 ,lucem
256 408 311 469 prist
313 408 373 453 inam
381 427 403 454 se
414 409 518 456 rehabere
529 411 559 457 let
562 420 618 456 atur

75 474 136 519 Civis
154 444 250 535 'quidam
272 473 300 518 de
321 474 414 529 Assisro,
437 491 476 535 per
498 476 679 539 quinquennium
701 475 790 535 perdito

27 540 112 586 lumine
129 537 255 593 oculorum,
268 538 307 600 qui
319 554 370 583 cum
381 538 452 585 adhuc
463 541 549 587 viveret
560 542 636 586 beatus
653 538 789 597 FranciscuS,

27 604 140 649 familiaris
156 603 263 646 fuerat
245 619 265 645 er
259 619 369 663 rsemper,
381 620 431 648 eum
447 615 519 649 oraret
533 605 623 649 beatum
640 605 791 658 Franciscum,

27 668 147 741 pristinam
159 666 332 711 familiaritatem
350 682 532 724 commemorans,
549 670 576 715 ad
593 678 638 715 tact
630 679 679 715 tum
697 667 791 730 sepulcri

28 733 75 779 eius
86 740 123 777 ext
114 730 160 777 titit
170 729 247 776 liberat
239 741 282 776 tus

75 796 209 842 Albertinus
219 796 247 842 de
258 796 352 850 Narni0,
362 799 441 842 amisso
448 797 533 843 lumine
545 797 670 855 oculorum,
680 797 792 860 palpebris

29 878 98 923 usque
114 862 142 904 ad
159 877 226 921 genas
243 860 428 920 dependentibus,
445 863 510 906 beato
527 864 645 907 Franciseo
660 878 683 906 se
699 878 793 917 vovens,

29 924 150 973 illuminari
161 924 245 970 meruit
255 936 278 969 et
288 925 365 970 sanari.

76 990 166 1036 Iuvenis
177 989 277 1052 quidam,
289 989 350 1035 Villa
361 988 458 1046 nomine,
469 989 582 1036 ambulare
593 1008 639 1036 non
653 1001 741 1053 poterat
753 1008 793 1036 nec

29 1056 92 1118 loqui
104 1069 110 1109 3
128 1071 170 1116 pro
181 1070 229 1116 quo
240 1063 311 1098 mater
322 1054 373 1100 fidei
388 1064 444 1099 voto
459 1070 544 1099 ceream
560 1057 687 1118 ymaginem
702 1056 792 1112 faciens,

30 1121 58 1165 ad
73 1120 149 1163 locum
166 1119 189 1161 in
206 1134 253 1179 quo
263 1118 340 1162 beatus
354 1127 415 1179 pater
430 1119 559 1163 Franciscus
575 1119 701 1181 requiescit,
713 1134 794 1180 magna

31 1182 353 1255 cumreverentiadeportavit.
382 1183 794 1245 Quedomumregrediensambulan-

31 1258 77 1295 tem
88 1264 160 1307 reperi
154 1247 171 1293 it
183 1245 288 1293 filiumt
266 1256 288 1291 et
299 1247 438 1307 loquentem.

79 1311 160 1357 Homo
176 1310 291 1374 quidam
286 1328 308 1356 in
325 1310 452 1374 episcopatu
470 1311 561 1368 Perusii,
582 1312 670 1374 loquela
686 1323 709 1358 et
725 1311 795 1359 verbo

32 1379 133 1438 privatus
155 1377 255 1429 omnino
278 1392 365 1435 semper
386 1393 411 1420 os
432 1376 504 1420 ferens
531 1387 638 1437 apertum,
659 1377 795 1421 horribiliter

33 1439 144 1487 oscitabat.
173 1439 279 1486 Habebat
290 1439 350 1484 enim
361 1449 443 1500 guttur
451 1438 515 1484 valde
525 1440 641 1485 tumidum
652 1450 674 1484 et
685 1437 793 1487 inflatum.

33 1506 137 1568 Cumque
153 1504 289 1566 pervenisset
280 1503 333 1551 tad
349 1502 424 1551 locum
443 1502 482 1550 ubi
475 1504 615 1567 irequieseit
631 1504 796 1551 sanctissimum

33 1587 121 1632 corpuS,
132 1580 155 1614 et
171 1586 210 1630 per
227 1571 323 1632 gradum
339 1569 367 1613 ad
383 1569 511 1631 sepulcrum
528 1570 576 1615 eius
595 1570 662 1615 vellet
679 1572 796 1631 attingere,

34 1635 164 1698 sanguinem
186 1635 284 1681 multum
305 1634 408 1681 evomuit
427 1643 449 1679 et
468 1635 592 1695 peroptime
612 1633 719 1682 liberatus
738 1634 797 1696 cepit

34 1701 98 1761 loqui
109 1709 132 1744 et
143 1715 169 1744 os
180 1699 283 1744 claudere
294 1715 319 1743 ac
330 1698 387 1743 sieut
398 1698 487 1758 expedit
498 1699 588 1758 aperire.

82 1762 172 1810 Mulier
186 1762 290 1825 quedam,
304 1761 401 1823 lapidem
418 1761 500 1808 habens
516 1762 538 1807 in
555 1772 658 1824 gucture‚
673 1779 711 1823 pre
727 1762 797 1808 nimio

36 1829 114 1875 ardore
125 1827 202 1891 lingue
213 1827 340 1874 ariditatem
351 1826 452 1874 incurrit.
488 1827 541 1872 Non
552 1827 612 1872 enim
623 1837 711 1890 poterat
724 1827 794 1890 loqui,

37 1910 76 1937 nec
92 1893 241 1946 commedere,
256 1908 329 1952 neque
339 1891 420 1935 bibere.
461 1893 513 1942 Que
530 1908 589 1946 cum,
607 1891 684 1936 multis
701 1893 888 1938 11111111-11116*ο

37 1954 118 2002 mentis
134 1955 246 2012 adhibitis,
263 1955 351 2000 nullum
367 1955 458 2000 sentiret
473 1954 620 2000 commodum
635 1971 674 1999 nec
689 1954 797 2011 levamen,

37 2022 127 2069 tandem
145 2021 209 2068 beato
227 2020 344 2067 Francisco
361 2020 384 2065 in
402 2019 468 2065 corde
484 2036 506 2065 se
519 2019 582 2067 vovit
597 2029 620 2065 et
635 2018 716 2076 subito,
733 2036 797 2066 carne

37 2096 118 2148 aperta,
130 2086 228 2148 lapidem
239 2101 278 2148 per
289 2094 371 2147 guttur
382 2084 461 2131 emisit.

83 2149 255 2198 Bartholomeus
271 2150 300 2197 de
317 2159 388 2196 castro
403 2149 491 2210 Arpini,
508 2148 584 2195 Sorani
601 2149 748 2210 episcopatus,
760 2165 799 2210 per

36 2217 178 2289 septennium
194 2216 295 2276 privatus
307 2214 394 2270 auditu,
406 2213 434 2258 ad
448 2214 612 2259 invocationem
628 2213 724 2257 nominis
739 2212 799 2257 beati

38 2280 162 2326 Francisci'
140 2295 232 2342 ripsum
242 2280 329 2340 recepit.

86 2345 112 2390 In
125 2345 197 2391 Sicilia
208 2343 290 2390 mulier
301 2342 397 2406 quedam
409 2342 436 2388 de
447 2341 520 2403 burgo
530 2341 612 2397 Plazie,
624 2341 714 2403 loquele
725 2343 799 2389 officio

39 2410 131 2468 privata,
143 2409 214 2454 cordis
221 2410 303 2480 lingua
311 2409 400 2451 beatum
409 2407 550 2450 Franciscum
563 2407 636 2449 oravit
647 2415 669 2449 et
678 2406 800 2451 desiderate

38 2471 158 2518 locutionis
169 2472 263 2534 gratiam
272 2471 387 2517 reinvenit.

88 2537 116 2584 In
101 2537 217 2600 noppido
233 2536 342 2582 Nicosino
358 2534 460 2580 sacerdos
471 2532 562 2606 quidam
575 2532 603 2578 ad
620 2534 756 2580 matutinum
774 2551 801 2580 ex
840 2545 842 2549 ’

41 2602 212 2657 moresurrexit;
225 2599 487 2647 etalectoredebenedict
479 2598 800 2660 tionesolitarequisitus,quid

41 2659 158 2712 barbarum
165 2667 240 2711 nescio
247 2664 383 2726 respondens
390 2663 521 2709 infrenduit
538 2663 559 2707 S
561 2672 652 2707 emente
660 2673 744 2723 captus
750 2680 799 2736 per-

42 2737 125 2775 tractus
136 2731 239 2786 domum,
251 2728 369 2801 loquelam
377 2744 416 2789 per
427 2742 526 2772 mensem
538 2742 609 2771 unum
621 2726 709 2787 penitus
720 2727 800 2773 amisit.

43 2794 91 2845 Qui
103 2811 154 2848 cum
165 2796 193 2841 ad
204 2795 320 2841 cuiusdam
328 2793 370 2839 viri
383 2793 427 2838 Dei
439 2790 555 2837 consilium
566 2806 588 2835 se
599 2801 674 2836 sancto
683 2792 801 2839 Francisco

41 2871 142 2917 voveret,
153 2860 243 2923 loquele
255 2859 354 2906 officium
365 2858 391 2903 ab
403 2857 487 2903 insania
497 2856 602 2901 liberatus
613 2857 744 2918 assequitur.
