1919 3169
73 63 102 121 56
257 55 460 105 TRACTATUS
477 58 652 106 SECUNDUS

71 174 171 204 seorsum
198 174 250 204 nam
277 157 306 203 de
332 155 399 201 seculi
427 157 524 203 vanitate
550 166 573 202 et
599 157 678 203 mundi
708 164 839 218 contemptu

71 223 168 270 dulciter
185 231 313 269 commonet
328 221 392 266 illum
409 238 433 267 ac
449 222 530 268 deinde
545 221 709 268 transverberat
726 237 764 266 cor
780 220 839 265 illius

71 289 149 336 divina
162 287 319 335 comminando
332 287 418 333 iuditia.
452 287 576 350 Respondit
587 286 623 332 ille
635 288 756 333 continuo:
775 285 839 337 Quid

72 370 130 415 opus
143 364 176 399 est
189 355 254 413 plura
264 368 335 395 serere
345 352 428 396 verba?
447 354 562 396 veniamus
579 352 606 395 ad
623 353 685 398 facta.
720 352 788 395 Tolle
804 367 840 394 me

51 452 56 477 9
72 418 99 463 ab
110 416 238 477 hominibus
249 426 271 461 et
283 431 364 476 magno
380 431 417 460 me
433 416 562 475 imperatori
577 416 676 461 restitue.
709 414 787 460 Altera
804 414 840 459 die

71 480 148 528 induit
161 479 215 527 eum
227 488 315 526 sanctus
332 489 354 525 et
371 479 399 527 ad
415 478 501 526 domini
518 496 594 542 pacem
610 480 731 527 reductum
747 477 840 524 fratrem

73 545 194 592 Pacificum
205 544 336 591 nominavit.

121 610 201 657 Huius
209 610 324 657 conversio
332 608 644 671 eomagishedificatoriafuit
652 609 786 666 multorum,
794 625 840 670 quo

72 675 130 720 lator
136 673 211 720 fuerat
218 691 328 720 vanorum
335 673 401 718 turba
408 674 524 721 sodalium.
551 674 657 719 Gaudens
668 674 772 719 societate
783 673 841 717 beati

73 738 143 800 patris
154 739 221 785 frater
235 738 349 794 Pacificus‚
362 738 443 783 sentire
459 739 538 799 incipit
554 754 609 799 quas
626 738 728 784 nondum
745 746 842 783 senserat

75 802 199 851 unctiones.
232 803 314 850 Iterato
323 819 420 865 namque
427 802 504 849 videre
512 802 651 865 permittitur
660 802 721 867 quod
728 802 776 850 aliis
783 800 841 849 vela-

74 869 156 925 batur;
174 869 258 930 aspexit
266 867 325 914 enim
337 877 388 929 post
399 885 475 929 pauca,
488 886 596 931 magnum
607 869 697 931 signum
708 868 764 914 thau
775 884 841 929 super

74 933 173 979 frontem
200 934 258 979 beati
285 933 415 989 Franscisci,
443 934 505 995 quod
527 933 733 980 diversicoloribus
754 933 842 978 circulis

74 998 167 1059 pavonis
183 997 376 1059 pulchritudinem
392 996 524 1057 preferebat.

2 1155 69 1198 xan]
115 1141 149 1182 De
176 1141 277 1183 efficacia
296 1151 427 1181 sermonum
451 1141 501 1182 eius
524 1144 548 1183 et
569 1141 700 1183 testimonio
722 1141 840 1183 cuiusdam

75 1194 161 1247 physici
175 1194 203 1237 ab
217 1194 261 1236 hoc
274 1192 334 1235 dato·

121 1286 215 1370 Ilicet
225 1327 301 1363 autem
316 1316 456 1377 evangelista,
470 1318 620 1372 Francischus‚
633 1334 672 1379 per
686 1319 807 1364 materialia
821 1329 844 1364 et

75 1380 141 1429 rudia
150 1381 246 1430 rudibus
259 1380 390 1445 predicarat,
403 1392 482 1443 utpote
499 1381 539 1445 qui
556 1381 642 1440 sciebat,
655 1382 706 1446 plus
723 1402 780 1447 opus
797 1402 843 1430 esse

76 1448 168 1506 virtute,
190 1464 259 1510 quam
283 1446 363 1502 verbis,
391 1456 465 1492 tamen
492 1448 550 1492 inter
577 1449 705 1509 spiritualis,
727 1450 843 1512 magisque

76 1528 163 1574 capaces
174 1513 263 1558 vivifica
279 1522 302 1557 et
321 1510 434 1572 profunda
453 1512 591 1572 parturiebat
610 1514 713 1576 eloquia;
739 1514 844 1560 brevibus

75 1576 183 1622 innuebat
194 1576 256 1639 quod
267 1584 314 1621 erat
325 1575 435 1620 ineffabile
449 1586 471 1620 et
482 1576 570 1636 ignitos,
584 1577 716 1622 interserens
729 1589 805 1640 gestus
822 1588 845 1623 et

76 1651 154 1695 nutus,
163 1650 223 1686 totos
234 1639 333 1701 rapiebat
344 1640 457 1684 auditores
468 1640 495 1685 ad
509 1640 581 1686 celica.
606 1642 661 1687 Non
672 1642 844 1688 distinctionum

39 1735 41 1738 >
77 1705 176 1752 clavibus
187 1705 300 1761 utebatur,
310 1704 370 1766 quia,
382 1721 439 1766 quos
450 1705 497 1766 ipse
508 1722 554 1751 non
565 1706 699 1763 inveniebat,
711 1725 756 1753 non
768 1708 845 1754 ordin-

77 1770 128 1817 abat
144 1785 273 1826 sermones;
291 1768 358 1815 dabat
374 1769 424 1816 voci
441 1787 480 1815 sue
492 1787 569 1816 vocem
586 1771 677 1818 virtutis
693 1790 745 1819 vera
760 1773 845 1820 veritus

77 1845 100 1881 et
119 1835 226 1895 sapientia
246 1834 357 1880 Christus.
401 1834 466 1879 Dixit
485 1834 605 1896 aliquando
624 1837 728 1897 physicus
746 1838 845 1899 quidam,

78 1899 113 1945 vir
123 1899 226 1945 eruditus
237 1908 259 1943 et
272 1897 395 1961 eloquens:
414 1897 474 1942 Cum
491 1909 617 1944 ceterorum
633 1901 808 1964 predicationem
819 1902 847 1947 de

78 1964 147 2011 verbo
163 1966 191 2010 ad
208 1964 302 2009 verbum
319 1964 433 2019 retineam,
444 1964 491 2007 sola
506 1979 542 2008 me
564 1965 678 2027 effugiunt
695 1982 739 2029 que
757 1976 847 2012 sanctus

79 2029 223 2075 Francischus
240 2037 333 2083 eructat,
349 2043 449 2089 quorum
468 2028 485 2072 si
503 2029 578 2090 aliqua
595 2032 714 2075 commicto
732 2032 846 2087 memorie,

78 2110 124 2140 non
135 2092 172 2140 illa
183 2093 238 2139 mihi
246 2092 360 2150 videntur,
372 2108 416 2155 que
427 2108 466 2137 sua
476 2093 538 2154 prius
549 2093 606 2139 labia
616 2094 760 2142 distillarunt.

0 2256 75 2299 xxix]
119 2245 222 2296 Qualiter
236 2246 326 2285 vertute
341 2242 404 2283 verbi
419 2254 459 2294 per
473 2244 565 2286 tratrem
581 2245 711 2288 silvestrum
727 2248 755 2289 de
768 2249 846 2291 Aretio

80 2298 189 2342 demones
202 2296 318 2350 effugavit.

7 2434 77 2470 01.2o¹⁰
128 2384 208 2475 Ron
229 2415 303 2460 solum
322 2422 398 2458 autem
416 2413 439 2458 in
457 2415 567 2474 presentia
586 2416 685 2462 virtuosa
702 2430 764 2464 erant
782 2421 849 2466 verba

83 2481 201 2537 Francisci‚
219 2481 258 2526 sed
276 2494 317 2539 per
337 2477 392 2523 alios
414 2479 547 2541 quandoque
565 2483 692 2527 transmissa
712 2500 782 2530 vacua
803 2501 849 2531 non

83 2543 192 2593 redibant.
226 2542 318 2590 Accidit
333 2541 444 2604 siquidem
460 2542 534 2604 ipsum
546 2544 573 2591 ad
591 2545 705 2592 civitatem
721 2548 794 2595 Aretii
811 2550 848 2597 de-

84 2610 161 2659 venire
182 2610 325 2673 quandoque,
348 2624 399 2653 cum
420 2625 476 2667 ecce,
496 2618 544 2655 tota
565 2610 642 2657 civitas
663 2612 770 2660 intestino
791 2615 850 2663 bello

85 2685 192 2739 quassata,
217 2674 370 2737 propinquum
392 2673 426 2717 sui
450 2673 575 2719 minabatur
599 2677 717 2723 excidium.
762 2680 850 2742 Hospi-

86 2750 146 2786 tatus
162 2740 236 2801 itaque
251 2740 286 2786 vir
302 2738 338 2782 dei
356 2737 380 2781 in
396 2736 475 2798 burgo,
494 2748 557 2783 extra
573 2739 686 2786 civitatem
704 2743 767 2789 videt
785 2760 850 2805 supra

86 2804 250 2862 terramillam,
265 2803 371 2850 demones
386 2800 509 2850 exultantes
526 2813 548 2850 et
565 2803 623 2850 cives
639 2805 666 2853 ad
684 2805 768 2855 civium
784 2810 851 2858 exitia
