1919 3169
291 86 453 133 1101111111
468 85 625 148 1111111111
808 101 836 148 53

74 181 145 227 civem
156 180 200 226 iam
211 180 302 239 factum,
314 182 376 226 solus
393 180 462 226 carn'ss
473 180 543 241 paries
554 180 705 243 disiungebat.
737 180 798 226 Tota
814 182 837 227 in

74 245 189 291 Christum
198 262 263 292 suum
272 248 344 292 anima
353 245 448 302 sitiebat,
455 255 531 291 totum
539 245 606 291 illum
617 261 662 292 non
673 245 748 292 solum
756 245 837 303 cordis,

73 310 112 356 sed
128 311 227 372 corporis
241 310 363 358 dedicabat.
396 312 530 356 Orationum
541 312 589 357 eius
599 310 716 373 magnalia,
728 321 837 373 quantum

73 374 125 420 ocul
126 375 145 419 is
155 375 260 431 vidimus,
272 384 340 449 prout
351 373 455 437 possibile
470 385 504 420 est
519 375 624 421 humanis
635 375 725 421 auribus
741 375 835 433 tradere,

72 438 180 486 imitanda
198 441 292 501 posteris
314 456 384 500 pauca
401 439 526 485 referimus
565 440 647 485 Otium
664 449 772 493 sanctum,
790 457 836 512 quq

73 503 202 564 sapientiam
213 503 275 548 cordi
286 502 421 557 inscriberet,
433 500 526 548 faciebat
542 502 570 549 de
586 512 687 564 tempore
703 512 737 549 tot
738 519 759 560 o,
770 518 805 560 ne,
817 503 835 549 si

72 582 118 614 non
128 582 216 630 semper
225 568 348 641 proficeret,
361 567 453 614 deficere
463 566 550 613 videret
541 576 584 615 tur

119 633 141 677 Si
163 633 254 695 quando
276 632 412 679 visitationes
434 632 572 690 secularium,
590 649 629 677 seu
645 633 723 695 quevis
744 633 834 695 negotia

72 696 214 758 ingruebant,
244 697 341 757 precisis,
369 697 446 756 potius
483 713 551 759 quam
584 696 660 752 finitis,
690 697 718 742 ad
756 697 835 743 intima

71 759 203 806 recurrebat.
236 759 349 822 Insipidus
360 759 451 822 quidem
462 769 508 805 erat
519 759 617 805 mundus
632 759 706 805 celesti
717 759 835 807 dulcedine

70 835 134 885 pasto
145 835 167 870 et
178 826 206 871 ad
216 840 293 887 grossa
303 825 423 871 hominum
431 825 507 871 divine
515 825 590 871 delitie
601 823 698 871 fecerant
706 824 833 872 delicatum.

71 890 160 935 Locum
171 905 257 950 semper
266 889 355 951 petebat
365 888 527 946 absconditum,
537 906 583 952 quo
594 891 645 935 Deo
653 906 694 936 suo
702 906 748 936 non
759 889 833 936 solum

71 953 181 1014 spiritum,
193 954 232 1000 sed
243 954 343 1001 membra
352 954 440 1016 singula
451 964 570 1015 coaptaret.

120 1018 178 1062 Cum
189 1018 212 1062 in
223 1018 315 1077 publico
325 1018 401 1063 subito
414 1018 538 1063 efficeretur
548 1018 652 1063 visitatus
662 1034 675 1061 a
685 1019 793 1073 Domino,
805 1033 833 1062 ne

71 1080 117 1126 sine
124 1081 179 1126 cella
184 1080 251 1137 foret,
260 1081 287 1127 de
298 1081 405 1127 mantello
413 1080 513 1127 cellulam
521 1080 621 1128 faciebat.
656 1080 711 1127 Non
718 1097 833 1144 nunquam

70 1146 178 1192 mantello
195 1163 277 1202 carens,
295 1163 323 1192 ne
344 1163 425 1192 manna
440 1146 597 1193 absconditum
618 1146 732 1207 proderet,
748 1148 834 1192 manica

70 1211 110 1255 vul
112 1220 160 1256 tum
178 1210 272 1272 tegebat
306 1213 398 1272 Semper
416 1210 502 1282 aliquid
521 1210 638 1256 obiiciebat
656 1209 785 1267 astantibus,
805 1227 833 1256 ne

70 1274 146 1333 sponsi
163 1283 248 1319 tactum
266 1284 432 1347 cognoscerent,
446 1275 484 1331 ita,
501 1282 527 1318 ut
544 1275 568 1318 in
585 1282 633 1319 arto
651 1283 712 1319 tutus
729 1273 833 1336 plurimis

70 1336 166 1383 insertus
188 1349 261 1383 oraret
282 1338 374 1383 invisus
418 1338 522 1400 Denique
549 1337 618 1382 nichil
640 1338 722 1383 horum
745 1348 832 1412 potens,

70 1401 169 1448 faciebat
183 1403 211 1447 de
233 1412 322 1463 pectore
343 1402 461 1463 templum.
508 1401 666 1447 Excreationes
683 1413 705 1447 et
727 1402 832 1464 gemitus,

70 1465 155 1512 oblivio
171 1467 213 1522 sui,
225 1467 294 1512 duros
310 1465 420 1512 anhelitus
436 1477 458 1512 et
473 1465 595 1512 forinsecos
611 1477 679 1512 nutus
695 1465 814 1512 1111301110Ι
809 1482 833 1512 m

69 1530 188 1577 dominum
198 1530 341 1577 abstulerant.

118 1596 171 1639 Hec
194 1596 263 1640 domi.
312 1596 339 1638 In
362 1594 423 1639 silvis
447 1610 502 1639 vero
529 1603 551 1638 31
578 1594 737 1640 solitudinibus
759 1610 832 1652 orans,

70 1674 161 1704 nemora
177 1659 276 1720 replebat
293 1658 422 1719 gemitibus,
435 1657 484 1703 loca
497 1657 612 1718 spargebat
626 1657 729 1715 lacrimis,
743 1667 834 1720 pectora

70 1740 138 1769 manu
154 1722 271 1779 tundebat,
288 1722 364 1786 ibique
381 1721 442 1786 quasi
460 1720 574 1768 occultum
590 1723 732 1769 secretarium
749 1733 831 1780 nactus,

70 1788 254 1835 confabulabatur
270 1804 320 1849 sepe
333 1786 406 1833 verbis
418 1803 469 1833 cum
480 1788 573 1833 domino
584 1803 633 1845 suo,
643 1787 676 1833 lbi
685 1788 833 1848 respondabat

69 1852 144 1909 iudici,
164 1852 194 1898 ibi
216 1851 352 1914 supplicabat
373 1851 437 1912 patri,
457 1851 488 1896 ibi
510 1851 679 1914 colloquebatur
700 1852 779 1910 amico,
798 1852 832 1898 lbi

68 1917 196 1963 colludebat
221 1932 309 1977 sponso.
352 1917 444 1969 Revera,
463 1925 489 1961 ut
510 1924 600 1960 cunctas
626 1916 734 1961 medullas
760 1916 907 1977 cordisFol.51

68 1979 222 2043 multipliciter
238 1979 394 2027 holocaustum
410 1978 514 2038 efficeret,
527 1978 674 2043 multiplicem
690 1990 741 2026 ante
758 1982 834 2027 oculos

68 2062 156 2092 summe
167 2045 291 2107 simplicem
302 2045 448 2106 proponebat.
481 2046 585 2091 Immotis
593 2061 644 2106 sepe
652 2045 722 2101 labiis,
735 2046 835 2092 rumina-

69 2110 106 2156 bat
122 2110 215 2156 interius
231 2120 253 2155 et
268 2109 392 2154 introrsum
408 2110 530 2154 extrinseca
546 2110 636 2155 trahens
653 2109 763 2170 spiritum,
781 2111 834 2155 sub-

69 2173 188 2219 trahebati
181 2189 204 2218 m
216 2187 314 2235 superos
356 2173 483 2217 Omnem
467 2187 484 2217 sr
478 2188 497 2217 rc
508 2181 530 2217 et
541 2173 651 2218 intuitum
662 2182 684 2218 et
695 2173 815 2219 affectum'
810 2190 834 2219 in

69 2255 144 2297 unam,
154 2255 221 2311 quam
229 2237 318 2299 petebat
328 2254 341 2281 a
351 2237 445 2283 domino
447 2237 570 2299 ‚dirigebat
577 2247 640 2284 totus
647 2254 693 2283 non
704 2249 749 2284 tam
762 2254 834 2294 orans,

69 2319 136 2366 quam
148 2303 220 2349 oratio
230 2301 275 2348 fact
266 2311 309 2348 tus.

118 2369 208 2430 Quanta
224 2384 278 2413 vero
295 2366 368 2413 cordis
384 2367 493 2413 suavitate
517 2365 630 2428 perfundi,
652 2366 726 2440 [cum]
753 2368 835 2414 talibus

69 2433 222 2479 assuesceret?
239 2449 284 2478 non
301 2432 364 2477 novit
367 2431 469 2493 ,[nisi]
464 2446 526 2493 ipse3
544 2448 596 2477 narn
612 2448 654 2504 ego
667 2432 743 2493 potius
753 2433 833 2479 miror:

69 2497 191 2559 experienti
213 2497 302 2542 dabitur
323 2496 397 2552 seri03
419 2510 465 2541 non
484 2496 639 2542 conceditur
634 2496 762 2558 inexpertis.
800 2497 835 2543 Sic

69 2561 158 2606 fervore
177 2562 268 2634 spiritus
286 2561 380 2604 bulliens
399 2568 422 2603 et
441 2560 498 2605 cutis
515 2569 537 2604 et
555 2560 627 2605 omnis
644 2570 744 2619 aspectus
754 2570 777 2606 et
787 2570 836 2606 tota

70 2640 160 2685 prorsus
178 2626 252 2669 anima
267 2623 391 2687 liquefacta,
409 2623 453 2666 iam
469 2622 492 2666 in
511 2623 597 2668 celestis
615 2623 679 2685 regni
694 2640 782 2669 summa
800 2641 836 2668 re-

14 2694 16 2696 ’
69 2688 158 2751 publica
168 2688 303 2736 versabatur.

100 2754 203 2800 Solitus
213 2765 260 2800 erat
269 2764 331 2827 pater
339 2752 415 2798 beatus
426 2750 540 2797 nullam
520 2752 670 2798 visitationem
681 2752 774 2815 spiritus
783 2769 834 2799 cum

70 2818 206 2880 negligentia
221 2818 345 2877 preterire,
358 2816 468 2877 siquidem
486 2831 537 2860 cum
551 2816 692 2871 offerebatur,
703 2817 836 2878 sequebatur
