1919 3169
251 139 452 187 Taacrarus
470 138 645 187 sucuuuus
800 153 829 200 39

67 234 159 291 delitias,
172 235 214 281 nisi
225 245 252 281 ut
263 252 313 281 caro
325 243 469 281 convertatur
480 235 507 281 ad
519 235 585 281 suas?
621 233 652 280 Et
663 244 717 279 tunc
730 233 829 280 animalis

66 298 178 360 appetitus
195 299 329 343 necessitatis
348 298 469 343 articulum
487 298 569 360 palliat,
588 307 642 342 tunc
664 313 741 342 sensus
759 298 830 342 carnis

66 361 220 409 conscientiam
240 362 327 420 format,
348 361 515 425 subdebatque:
540 361 608 408 Absit
626 360 690 408 fratri
709 378 760 408 meo
778 378 831 408 vera

67 428 189 482 necessitas,
200 428 279 490 quevis
290 443 343 473 eum
358 427 480 488 indigentia
496 437 590 490 tangat3
606 427 625 472 si
641 424 763 473 satisfacere
777 442 830 487 pro-

66 501 133 554 perat,
146 508 240 554 eamque
255 509 267 537 a
282 509 304 537 se
318 490 386 554 longe
402 490 514 553 repellere,
527 491 581 554 quid
597 491 706 537 mercedis
722 491 828 551 accipiet?

66 555 148 602 Incidit
173 556 264 617 quidam
290 555 376 601 occasio
401 555 482 611 meriti,
505 557 544 601 sed
567 555 706 616 displicuisse
728 553 830 601 studiose

66 618 176 683 probavit.
210 618 265 665 Hiis
274 629 296 665 et
305 617 414 665 similibus
422 619 512 682 ignotos
520 619 687 666 necessitatibus
696 617 828 682 configebat,

66 701 117 731 cum
128 685 185 745 ipsas
195 685 305 746 patienter
316 700 362 731 non
373 684 432 730 ferre
443 684 510 731 nichil
520 685 582 732 aliud
593 686 629 742 sit,
640 701 707 748 quam
719 693 829 748 egyptum

66 759 170 810 repetere.

112 813 216 874 Denique
237 811 299 856 nulla
319 812 371 858 vult
397 812 511 857 occasione
536 812 611 875 plures
632 811 719 857 duabus
742 811 829 857 tunicas

66 875 143 922 fratres
154 876 242 934 habere,
254 892 307 939 quas
318 886 392 922 tamen
404 879 501 923 consutis
515 878 580 939 petiis
596 878 701 923 resarcire
718 876 827 922 concedit.

66 941 196 1003 Exquisitos
222 957 308 1002 pannos
335 941 425 988 horrere
451 942 513 988 iubet
539 953 562 988 et
589 943 698 987 contraria
722 941 828 987 facientes

66 1006 171 1051 acerrime
195 1020 268 1050 coram
296 1007 400 1051 omnibus
425 1007 531 1061 mordet3
562 1015 630 1070 atque
654 1015 680 1052 ut
705 1005 759 1051 tales
786 1021 827 1051 suo

65 1070 167 1131 exemplo
197 1068 352 1127 confunderet,
382 1087 448 1133 super
475 1071 573 1116 tunicam
600 1072 720 1132 propriam,
747 1070 826 1116 rudem

66 1135 152 1179 consuit
170 1149 276 1189 saccum3
300 1134 323 1178 in
340 1143 413 1179 morte
432 1135 498 1179 etiam
517 1134 653 1195 exequialem
670 1134 768 1178 tunicam
787 1134 826 1179 vili

66 1213 127 1242 sacco
155 1197 220 1258 petiit
252 1197 340 1259 operiri.
388 1197 503 1242 Fratribus
534 1207 618 1254 autem,
648 1214 704 1260 quos
736 1207 828 1259 urgeret

66 1261 187 1316 infirmitas,
211 1279 250 1308 seu
272 1263 386 1308 necessitas
408 1262 455 1319 alia,
475 1261 566 1307 mollem
587 1261 667 1307 subtus
689 1261 717 1307 ad
739 1277 826 1307 carnem

66 1325 164 1371 tunicam
176 1325 312 1388 indulgebat,
321 1327 351 1372 ita
362 1336 444 1382 tamen,
453 1326 516 1389 quod
527 1325 582 1371 foris
593 1327 616 1371 in
627 1325 712 1383 habitu,
723 1326 827 1387 asperitas

66 1399 88 1433 et
96 1389 168 1434 vilitas
179 1400 320 1445 servaretur3
337 1390 423 1436 dicebat
430 1391 489 1435 enim
500 1407 505 1434 t
527 1390 628 1434 Tantum
639 1390 711 1435 adhuc
719 1389 827 1434 laxabitur

65 1453 133 1514 rigor,
153 1453 304 1500 dominabitur
321 1463 394 1514 tepor,
413 1454 474 1516 quod
493 1453 532 1499 filii
552 1454 654 1514 pauperis
673 1453 741 1515 patris
760 1453 827 1499 etiam

66 1516 206 1564 scarulaticos
230 1529 325 1580 portare,
345 1517 418 1565 colore
437 1517 511 1564 solum
533 1527 628 1574 mutato,
650 1517 742 1563 minime
764 1534 827 1563 vere-

65 1581 155 1629 buntur.
199 1583 253 1630 Non
275 1583 323 1641 tibi,
343 1593 412 1645 pater,
432 1600 458 1628 ex
477 1583 519 1629 hoc
538 1583 660 1628 mentimur
679 1600 707 1628 ex
725 1583 768 1629 hoc
787 1583 827 1628 filii

63 1647 133 1704 alieni,
153 1647 195 1694 sibi
213 1648 288 1710 potius
307 1659 384 1695 nostra
403 1649 511 1694 mentitur
529 1649 641 1710 iniquitas.
681 1648 740 1694 Ecce
759 1647 826 1704 enim,

64 1711 112 1757 luce
124 1711 204 1758 clarius
215 1713 333 1758 innotescit
345 1724 367 1758 et
379 1712 456 1758 crescit
467 1713 490 1757 in
502 1711 555 1757 dies.

1 1896 2 1902 ,
64 1924 94 1955 nu
102 1861 246 1957 tpectedentes
261 1873 276 1903 a
285 1864 419 1913 paupertate
433 1872 447 1902 a
461 1861 603 1911 necessitate,
613 1861 766 1912 corrigendos,
776 1872 898 1919 pre-[mm]

95 1925 109 1955 n
121 1926 142 1956 ia
154 1946 158 1957 .

1 2075 4 2083 ,
108 1995 313 2089 ,nonnumquam
350 2028 417 2072 etiam
458 2028 498 2072 hec
540 2027 689 2088 ingeminabat
731 2038 824 2074 sanctus.

1 2084 5 2149 3
65 2087 182 2140 Quantum
199 2090 278 2138 fratres
297 2089 440 2137 declinabunt
459 2108 471 2136 a
487 2100 623 2155 paupertate,
640 2101 730 2137 tantum
746 2092 826 2139 mundi

1 2148 6 2191 ἶ
64 2154 183 2203 declinabit
212 2157 240 2204 ab
267 2158 298 2203 eis
328 2167 350 2203 et
380 2167 481 2220 querent‚
512 2156 592 2220 inquid
618 2166 641 2202 et
668 2172 714 2202 non
747 2158 825 2203 inven-

64 2216 128 2276 ient3
162 2222 201 2267 sed
228 2222 246 2268 si
273 2222 388 2268 dominam
415 2231 569 2283 paupertatem
596 2220 706 2282 complexi
733 2221 824 2279 fuerint,

65 2284 162 2335 mundus
185 2303 223 2333 eos
247 2286 338 2342 nutriet,
358 2286 410 2349 quia
430 2286 515 2332 mundo
536 2286 582 2332 dati
603 2296 655 2331 sunt
675 2286 703 2332 ad
725 2287 917 2347 salutem.F01.13*⁰

65 2346 96 2391 Et
114 2349 210 2397 iterum:
233 2351 400 2396 Commercium
419 2360 453 2394 est
472 2352 529 2394 inter
551 2351 662 2395 mundum
683 2361 706 2395 et
729 2351 825 2406 fratres3

65 2409 146 2458 debent
166 2414 208 2474 ipsi
225 2414 311 2459 mundo
333 2411 419 2458 bonum
440 2414 577 2474 exemplum,
594 2413 660 2459 debet
681 2415 779 2460 mundus
795 2415 827 2460 eis

64 2475 214 2535 provisionem
228 2477 391 2524 necessitatum.
425 2476 525 2529 Quando
538 2477 579 2540 ipsi
593 2478 726 2524 retraxerint
742 2478 826 2526 bonum

77 2542 199 2601 xemplum,
221 2543 264 2589 fide
291 2542 391 2597 mentita,
412 2542 509 2588 retrahet
535 2542 634 2588 mundus
660 2558 740 2589 manus
763 2543 827 2608 juxta

65 2619 163 2651 censura.

111 2667 240 2732 Paupertati
264 2685 342 2716 cavens
364 2669 433 2715 homo
455 2670 491 2716 dei
512 2669 680 2716 multitudinem
705 2671 826 2727 metuebat,

66 2744 131 2792 quam
158 2735 199 2781 etsi
227 2751 273 2781 non
299 2749 342 2792 res,
367 2742 441 2779 tamen
468 2734 550 2797 species
578 2733 671 2780 divitem
699 2745 826 2792 monstrat;

66 2797 125 2842 unde
151 2800 255 2847 dicebat:
291 2800 313 2846 Ο
340 2799 358 2844 si
385 2799 433 2845 fieri
458 2810 540 2862 posset,
567 2799 655 2862 poterit,
680 2801 779 2865 inquam,
802 2810 827 2847 ut

6 2922 8 2924 Ι
66 2863 162 2910 mundus
174 2881 262 2925 pari-aro
274 2865 352 2911 fratres
364 2865 460 2910 minores
473 2865 578 2925 aspiciens
590 2865 699 2923 paucitate
714 2868 808 2911 miretur
820 2867 824 2911 1

2 2883 15 2956 {i

4 2955 15 2983 a
