1919 3169
245 130 445 179 TRACTATUS
462 130 634 178 SECUNDUS
792 143 818 191 17

56 242 178 296 posterum.
212 227 263 274 Sine
276 228 446 282 intermissione,
458 227 535 272 diebus
548 243 572 271 ac
586 225 695 281 noctibus,
704 226 822 271 existentes

57 300 80 344 in
95 297 152 350 loco,
166 294 248 341 divinis
263 302 326 338 erant
342 290 445 337 laudibus
462 290 564 354 occupati
579 300 601 336 et
619 289 688 336 odore
705 290 762 336 miro
778 288 823 336 fra-

58 371 147 426 grantes
157 360 228 406 vitam
239 358 349 405 ducebant
362 356 491 418 angelicam.
525 356 611 402 Merito
628 355 727 419 quidem,
739 354 823 401 solebat

57 427 117 472 enim
128 433 232 469 veterum
242 422 368 467 incolarum
378 420 450 465 relatu
462 430 535 466 sancta
546 421 622 466 Maria
637 420 665 465 de
680 419 765 481 angelis
780 419 823 465 alio

59 489 149 535 nomine
159 487 212 532 dici.

107 550 213 598 Relatum
224 549 266 595 sibi
277 565 289 595 a
300 548 343 595 deo
359 546 413 593 felix
429 556 490 607 pater
506 547 601 605 dicebat,
612 547 698 593 beatem
708 546 825 608 Virginem

59 618 117 665 inter
128 614 180 661 alias
190 612 288 661 ecclesias
301 612 330 660 ad
340 628 407 659 suum
422 611 530 658 honorem
547 612 570 658 in
587 613 674 658 mundo
690 621 826 658 constructas

61 682 147 728 beatam
158 680 268 742 virginem
279 677 392 724 ecclesiam
403 676 464 723 illam
474 677 561 739 speciali
572 694 648 725 amore
657 676 763 741 diligere;
775 676 827 723 ideo

62 763 106 810 que
116 755 206 791 sanctus
216 761 265 790 eam
276 760 315 806 pre
327 742 404 789 ceteris
414 743 466 805 plus
476 742 570 789 amabat.

328 866 570 921 Dequadamvisione.
834 868 913 914 [n-an]

108 940 254 1022 Visionem
272 970 392 1032 quamdam
408 979 459 1015 ante
476 970 643 1016 conversionem
660 985 723 1015 suam
738 969 828 1031 quidam

65 1039 107 1082 deo
114 1037 211 1080 devotus
217 1035 286 1078 frater
293 1034 321 1078 de
330 1034 376 1094 ipsa
383 1032 472 1078 ecclesia
478 1034 565 1078 viderat
573 1033 679 1078 relatione
687 1033 828 1095 condignam.

67 1103 202 1149 Innumeros
219 1097 320 1144 homines
337 1096 438 1144 cernebat
454 1097 477 1141 in
493 1097 545 1143 visu
561 1097 658 1144 dolenda
673 1097 765 1144 cecitate
781 1114 829 1159 per-

66 1180 147 1220 cussos,
156 1163 211 1210 facie
222 1162 306 1209 directa
317 1163 340 1208 in
352 1162 431 1220 celum,
443 1160 536 1226 genibus
548 1161 617 1221 flexis,
629 1162 652 1208 in
663 1162 731 1209 huius
742 1163 831 1210 ecclesie

66 1239 133 1278 staret
144 1229 245 1284 circuitu,
256 1228 295 1290 qui
306 1243 389 1285 omnes,
397 1226 532 1290 lacrymabili
541 1243 603 1284 voce,
610 1227 714 1274 manibus
722 1229 833 1290 protensis

67 1297 90 1341 in
106 1294 178 1340 altum
194 1292 316 1338 clamabant
333 1293 360 1338 ad
377 1292 452 1348 deum,
467 1292 640 1339 misericordiam
657 1292 794 1354 postulantes
810 1304 833 1340 et

67 1362 151 1406 lumen.
190 1358 222 1403 Et
241 1374 290 1402 ecce
308 1358 387 1418 ingens
403 1358 432 1403 de
450 1356 497 1402 celo
517 1355 621 1416 splendor
640 1358 738 1413 advenit,
753 1374 776 1402 se
795 1374 834 1420 per

68 1440 145 1469 omnes
162 1420 297 1477 diffundens,
314 1422 353 1484 qui
371 1421 443 1468 lucem
463 1420 585 1483 unicuique
603 1421 683 1469 tribuit
703 1432 725 1468 et
741 1423 835 1469 salutem

69 1489 214 1535 desideratam
225 1487 340 1533 concessit.

71 1668 92 1708 d,
110 1615 331 1706 Del-conversatione
346 1614 420 1656 sancti
438 1614 510 1664 patris
526 1616 549 1656 et
568 1614 663 1656 fratrum
679 1617 702 1656 et
718 1614 747 1656 de
760 1615 835 1666 rigore
841 1623 921 1667 [rr-mv]

87 1679 143 1717 iscrp
152 1678 194 1709 me.

117 1750 275 1846 Rumquam
299 1781 402 1844 parcebat
423 1782 511 1843 corpori
538 1781 614 1828 christi
638 1792 742 1830 strenuus
767 1784 837 1843 miles,

72 1863 184 1909 exponens
195 1848 252 1893 illud
263 1856 378 1910 tamquam
389 1846 486 1892 alienum
497 1863 509 1892 a
521 1863 543 1892 se
554 1846 658 1894 omnibus
673 1857 719 1894 tam
735 1865 838 1912 operum,

73 1929 141 1974 quam
154 1911 275 1957 verborum
290 1911 385 1956 iniuriis.
418 1911 576 1972 Apostolicum
591 1912 700 1973 scriptum
716 1915 839 1971 excederet,

74 1993 121 2039 quo
139 1986 269 2022 sanctorum
286 1975 407 2021 recitantur
426 1976 534 2037 angustie,
552 1976 570 2021 si
587 1976 637 2037 quis
653 1993 683 2031 ea,
700 1993 745 2039 que
762 1994 839 2040 passus

73 2050 107 2084 est
119 2041 167 2095 iste,
179 2041 279 2101 redigere
289 2041 330 2085 sub
342 2055 437 2084 numero
447 2038 530 2094 vellet3
547 2039 578 2084 sic
590 2040 657 2084 etiam
672 2050 694 2086 et
710 2051 756 2087 tota
769 2043 841 2104 prima

74 2104 111 2150 illa
121 2121 160 2151 sua
170 2104 228 2151 scola
239 2103 344 2150 omnibus
355 2121 377 2149 se
388 2102 498 2150 subdebat
509 2104 640 2161 incomodis,
652 2116 678 2152 ut
690 2106 751 2153 nefas
761 2108 841 2154 ducer-

75 2179 132 2228 etur,
148 2170 166 2215 si
186 2171 235 2232 quis
253 2171 276 2214 in
295 2170 372 2231 aliquo
388 2168 438 2226 alio,
456 2185 525 2231 quam
543 2170 565 2215 in
585 2170 734 2217 consolatione
751 2172 842 2234 spiritus

75 2234 199 2295 respiraret.
232 2234 293 2279 Nam
307 2249 359 2278 cum
372 2233 460 2278 circulis
471 2232 547 2278 ferreis
561 2243 583 2278 et
598 2233 672 2279 loricis
688 2251 710 2281 se
727 2236 843 2299 cingerent

76 2307 99 2343 et
117 2298 230 2354 vestirent,
248 2297 330 2360 vigiliis
349 2296 427 2342 multis
449 2307 471 2342 et
492 2297 578 2343 ieiuniis
599 2300 701 2345 macerati
723 2302 841 2357 continuis,

77 2362 207 2407 multotiens
225 2361 364 2415 defecissent,
383 2361 425 2405 nisi
444 2361 475 2421 pii
494 2363 588 2422 pastoris
609 2363 732 2409 monitione
756 2365 844 2411 assidua

77 2425 174 2487 rigorem
190 2434 251 2472 tante
269 2424 400 2471 abstinentie
415 2424 555 2472 relaxassent.

265 2562 300 2603 De
309 2560 444 2603 discretione
452 2562 526 2603 sancti
536 2561 657 2604 Francisci.

1 2715 7 2724 .
128 2627 238 2717 Qlamat
258 2677 303 2708 una
321 2660 349 2706 de
370 2659 450 2706 ovibus
471 2670 537 2707 nocte
557 2662 661 2724 quadam,
683 2663 847 2725 quiescentibus

2 2739 8 2788 ’ἰ
23 2767 25 2769 ,
80 2727 171 2772 ceteris:
190 2727 288 2784 Morior,
299 2723 384 2779 fratres,
395 2723 481 2771 morior
494 2741 543 2771 ecce
556 2725 620 2774 fame.
654 2727 732 2791 Surgit
744 2731 847 2791 protinus

5 2789 8 2804 ¹
82 2800 156 2855 pastor
169 2792 272 2854 egregius
287 2799 309 2835 et
322 2787 409 2836 ovicule
422 2790 525 2837 morbide
535 2791 633 2838 remedio
643 2791 721 2839 debito
730 2795 848 2841 subvenire

82 2853 179 2902 festinat.
229 2857 334 2902 Mensam
355 2854 426 2916 parari
448 2854 517 2911 iubet,
536 2855 588 2901 lieet
608 2857 726 2903 rusticanis
744 2860 848 2906 refertam

459 2933 471 2962 a
