1919 3169
127 119 158 179 64
344 115 503 162 LEGENDA
519 115 676 177 ANTIQUA

127 210 215 257 mundo
236 219 343 273 peccator,
367 210 409 268 cui,
432 210 450 256 si
472 227 593 257 conversus
614 210 691 269 fuerit,
710 227 756 257 non
777 209 894 275 indulgeat

127 277 252 332 dominus;
280 277 318 323 sed
346 277 485 339 quicumque
513 277 659 338 semetipsum
687 277 810 338 penitentia
837 278 893 323 dura

127 342 246 398 necaverit,
274 341 297 386 in
324 351 460 404 perpetuum
490 341 666 388 misericordiam
694 358 740 388 non
770 341 892 389 invenient.

128 407 208 452 Statim
225 416 315 451 sanetus
332 423 372 467 per
387 406 557 463 revelationem,
569 407 676 468 cognovit
692 407 763 451 hostis
780 408 892 463 astutiam,

127 472 243 532 quomodo
254 470 314 514 nisus
325 469 393 514 fuerit
403 486 457 515 eum
468 471 496 515 ad
507 472 583 531 tepida
593 486 703 517 revocare.
738 471 804 521 Quid
821 471 893 532 ergo?

127 534 182 580 Non
193 533 281 581 destitit
291 533 395 580 inimicus
406 534 468 580 aliud
479 534 561 580 inferre
573 544 689 580 certamen.
718 534 817 580 Cernens
825 534 892 591 enim,

128 599 190 662 quod
211 600 319 661 laqueum
341 599 372 644 sic
393 600 504 645 occultare
526 615 571 645 non
590 599 673 661 potuit,
694 599 764 645 alium
785 599 893 661 laqueum

126 674 233 726 preparat,
263 663 334 708 carnis
365 663 470 710 videlicet
503 663 659 720 incentivum3
692 663 777 710 frustra
809 674 892 719 tamen,

126 729 233 791 quoniam
248 728 288 791 qui
306 727 397 789 spiritus
415 728 563 790 deprehendit
579 730 707 785 versutiam,
726 746 789 775 carne
807 728 893 790 sophis-

125 794 187 838 ticari
199 809 245 838 non
256 794 337 852 potuit.
373 793 482 838 Immictit
493 810 547 855 ergo
558 794 581 838 in
592 810 645 839 eum
661 793 771 853 dyabolus
788 794 893 854 gravissi-

125 872 185 901 mam
207 856 378 917 temptationem
399 857 502 914 luxurie;
530 866 552 902 at
574 856 652 903 beatus
679 866 741 919 pater
768 857 844 902 statim
866 866 892 902 ut

125 921 226 983 percipit,
238 931 299 967 veste
310 921 417 982 deposita,
429 921 521 967 cordula
531 922 649 968 durissime
661 938 683 967 se
695 921 796 967 verberat
807 921 891 968 dicens:

126 986 175 1043 Eia,
186 985 255 1032 frater
266 986 332 1042 asine,
344 986 375 1031 sic
392 996 415 1031 te
432 1003 523 1031 manere
540 988 610 1043 decet,
623 988 653 1032 sic
671 986 745 1032 subire
760 986 891 1049 flagellum:

125 1051 201 1096 tunica
217 1049 332 1111 religionis
349 1059 389 1106 est,
407 1049 478 1096 furari
496 1066 542 1096 non
559 1051 626 1096 licet:
643 1051 661 1095 si
679 1067 725 1112 quo
742 1051 776 1096 vis
793 1066 893 1112 pergere,

125 1130 199 1176 perge.

173 1178 259 1224 Videns
280 1187 356 1223 autem
377 1187 469 1240 propter
491 1177 619 1240 disciplinas
646 1178 819 1240 temptationem
847 1194 893 1224 non

125 1243 245 1302 discedere,
263 1259 316 1289 cum
337 1253 413 1289 tamen
430 1243 474 1289 iam
491 1242 602 1290 livoribus
620 1243 720 1290 membra
737 1254 817 1290 cuncta
833 1260 893 1305 pun-

125 1309 199 1365 xisset,
216 1317 292 1368 aperta
309 1307 393 1364 cellula,
413 1307 471 1354 foras
489 1308 543 1354 exiit
559 1309 583 1353 in
600 1308 693 1355 hortum
709 1318 732 1354 et
748 1310 771 1354 in
787 1325 893 1372 magnam

125 1373 202 1419 nivem
213 1373 324 1433 demergit
336 1388 358 1417 se
375 1373 470 1418 nudum.
505 1373 622 1433 Recipiens
638 1382 713 1418 autem
731 1374 806 1418 nivem
822 1373 893 1433 plenis

125 1437 215 1483 conficit
237 1436 341 1482 manibus
362 1446 385 1482 et
406 1453 433 1481 ex
452 1453 476 1481 ea
495 1437 518 1481 in
536 1437 632 1482 modum
652 1437 696 1499 pile
715 1448 799 1500 septem
818 1436 894 1501 glebas

125 1502 257 1565 compingit,
269 1518 325 1564 quas
337 1501 378 1546 sibi
394 1518 526 1563 preponens,
539 1503 596 1563 cepit
612 1502 696 1565 alloqui
712 1519 809 1564 corpus:
827 1503 893 1558 Ecce,

125 1567 214 1629 inquid,
228 1566 270 1612 hec
291 1565 363 1611 maior
380 1581 438 1612 uxor
455 1575 495 1612 tua
512 1575 561 1612 est:
587 1582 655 1627 porro
671 1567 713 1613 iste
730 1577 828 1630 quatuor
846 1567 893 1613 duo

127 1642 181 1677 sunt
192 1631 231 1693 filij
243 1641 266 1676 et
277 1630 321 1675 due
332 1629 377 1674 filie
387 1641 443 1675 tue:
460 1631 546 1692 relique
558 1631 602 1676 due
613 1648 691 1676 servus
703 1642 755 1676 sunt
769 1641 792 1676 et
808 1632 893 1686 ancilla,

128 1711 185 1757 quos
207 1693 235 1739 ad
256 1693 402 1741 serviendum
423 1693 505 1737 habere
526 1703 615 1754 oportet
625 1701 640 1749 3¹
656 1705 678 1738 et
697 1694 785 1748 festina,
805 1695 893 1756 inquid,

128 1775 206 1805 omnes
227 1758 328 1814 induere,
350 1758 458 1821 quoniam
479 1758 564 1820 frigore
591 1759 726 1806 moriuntur.
772 1759 793 1804 Si
818 1768 893 1805 autem

127 1841 207 1872 eorum
228 1822 348 1885 multiplex
370 1822 499 1871 sollicitudo
520 1823 631 1880 molestat,
654 1824 693 1871 uni
720 1824 763 1872 deo
785 1823 894 1872 sollicitus

128 1890 192 1937 servi.
238 1888 301 1934 lllico
322 1887 432 1951 dyabolus
453 1888 561 1934 confusus
588 1888 693 1945 abscedit,
714 1898 849 1951 sanctusque
871 1889 894 1935 in

128 1954 206 1999 cellam
223 1953 353 2008 revertitur,
370 1952 496 2014 glorificans
512 1953 638 1999 dominum.

177 2017 279 2070 Quidam
302 2016 425 2078 spiritualis
445 2015 522 2072 frater,
542 2016 581 2079 qui
603 2026 659 2063 tunc
680 2016 771 2064 vacabat
790 2016 894 2074 orationi,

128 2083 183 2128 luna
200 2082 280 2128 clarius
297 2081 420 2139 incedente,
438 2090 513 2126 totum
531 2081 627 2128 intuitus
644 2090 694 2138 est3
712 2091 802 2127 sanctus
818 2091 894 2127 autem

129 2158 245 2209 comperto
256 2147 404 2209 postmodum
416 2146 479 2208 quod
490 2146 527 2191 ille
544 2163 567 2192 se
584 2146 690 2209 innecte
707 2147 806 2203 vidisset,
818 2146 895 2192 dolens

76 2243 78 2246 -
129 2212 230 2256 multum
247 2212 353 2271 precepit,
372 2221 398 2255 ut
415 2227 463 2254 rem
481 2210 537 2254 nulli
555 2212 675 2272 detegeret,
690 2211 762 2255 donec
779 2212 802 2255 in
820 2213 895 2256 seculo

130 2284 222 2322 Viveret.

70 2423 126 2465 [o-1J]
176 2387 261 2471 Vice
270 2413 367 2476 quadam
376 2429 428 2459 cum
437 2411 505 2458 frater
513 2429 579 2471 unus,
588 2413 649 2458 solus
657 2413 742 2459 sederet
751 2429 803 2458 cum
812 2423 896 2471 sancto,

130 2481 188 2529 dixit
209 2479 245 2526 ei:
272 2480 320 2524 Ora
341 2494 383 2539 pro
405 2494 447 2533 me,
470 2477 566 2540 benigne
587 2488 666 2539 pater3
691 2478 758 2524 credo
781 2478 894 2540 equidem,

131 2545 195 2608 quod
205 2545 233 2590 de
244 2543 299 2588 meis
309 2542 496 2603 temptationibus
514 2542 623 2587 continuo
640 2541 758 2599 liberabor,
771 2543 789 2586 si
807 2558 849 2603 pro
860 2559 896 2588 me

130 2609 200 2657 fueris
227 2608 333 2670 dignatus
360 2622 429 2652 orare.
472 2606 561 2669 Nempe
585 2622 651 2668 supra
678 2606 737 2652 vires
760 2607 847 2668 affligor
874 2617 896 2653 et

130 2676 183 2731 scio,
195 2673 257 2737 quod
274 2673 383 2734 teipsum
401 2686 446 2717 non
462 2671 535 2718 lateat.
569 2671 633 2717 Dixit
649 2671 669 2717 ei
688 2680 778 2718 sanctus
795 2672 897 2717 Francis-

131 2741 202 2786 chus:
231 2737 310 2795 Crede,
332 2737 440 2798 quoniam
462 2737 532 2796 magis
554 2747 672 2797 propterea
698 2752 789 2783 servum
816 2737 852 2781 dei
874 2746 897 2782 te

55 2803 198 2849 Fol.61eredo
214 2811 237 2847 et
256 2817 302 2862 quo
321 2799 392 2861 magis
410 2809 552 2860 temptatum,
570 2800 641 2862 magis
660 2816 672 2843 a
691 2816 727 2844 me
745 2799 853 2845 dilectum
874 2809 897 2844 te

131 2866 221 2916 noveris
231 2880 237 2921 ;
254 2874 277 2910 et
288 2864 405 2911 subiunxit
417 2882 421 2910 :
439 2864 496 2910 Vere
507 2863 557 2912 dico
568 2864 616 2922 tibi,
625 2862 701 2909 nullus
718 2880 740 2909 se
754 2863 790 2910 dei
807 2879 896 2911 servum
