1919 3169
149 113 180 161 74
366 99 526 147 LEGENDA
544 100 699 163 ANTIQUA

148 196 249 259 prelatus
259 205 324 252 esset,
336 196 377 242 nisi
389 196 429 241 hac
440 195 559 242 clarissima
571 212 666 259 gemma,
678 198 730 261 quia
745 197 804 244 inter
820 199 918 244 minores

149 262 258 308 minimus
285 261 368 307 aderat.
412 261 465 307 Hec
492 262 571 318 virtus,
594 262 629 308 hic
656 262 746 318 titulus,
767 263 810 309 hoe
831 262 918 326 insigne

149 327 276 391 generalem
287 325 397 374 indicabat
408 343 454 380 esse
462 326 601 376 ministrum.

197 392 283 438 Aberat
305 390 332 437 ab
354 391 402 437 eius
424 408 462 437 ore
484 394 557 438 omnis
579 392 683 447 altitudo,
706 408 789 455 pompa
810 394 883 438 omnis
905 409 917 437 a

150 456 257 519 gestibus,
276 455 303 500 ab
322 455 407 500 actibus
426 456 499 501 omnis
519 457 594 502 fastus.
636 457 730 501 Sensum
749 456 772 501 in
791 457 869 502 multis
887 473 916 501 ex

149 519 284 567 revelatione
295 518 409 574 didicerat,
421 536 489 581 quem
498 531 572 566 tamen
581 522 604 566 in
612 520 687 566 medio
698 519 814 566 conferens
822 520 917 566 aliorum

149 586 298 647 anteponebat
306 601 389 629 sensus
413 585 529 631 Sociorum
537 586 655 632 consilium
664 586 736 631 tutius
744 602 790 631 esse
798 585 901 632 credebat
910 600 916 641 ;

149 661 172 696 et
182 651 268 697 alienus
279 649 340 695 visus
351 649 431 695 melior
442 652 535 712 proprio
552 651 678 698 videbatur.
711 651 766 697 Non
784 650 859 697 omnia
875 667 918 713 pro

149 716 242 760 domino
263 713 378 774 reliquisse
394 714 482 759 dicebat
500 733 562 772 eum,
579 716 619 776 qui
635 732 712 760 sensus
728 716 814 776 proprii
832 714 918 762 loculos

148 780 261 823 retineret.
289 776 391 822 Malebat
402 777 430 821 de
446 794 469 821 se
481 778 620 839 vituperium
638 778 723 835 audire,
734 795 811 841 quarn,
820 778 918 832 laudem,

150 859 202 890 cum
224 843 267 889 hoc
289 841 317 888 ad
338 858 362 888 se
383 842 549 890 emendandum
571 853 669 907 cogeret,
689 842 726 889 illa
745 842 869 906 impelleret
891 842 918 889 ad

149 906 282 954 cadendum.

99 1035 146 1077 [Τ-Ι]
197 1004 919 1098 predicantealiquandopopulointeramnensi,commendans

150 1115 203 1145 eum
218 1101 335 1162 episcopus
351 1100 447 1145 civitatis
464 1115 539 1144 coram
556 1100 669 1156 omnibus,
681 1101 742 1145 finita
760 1101 919 1160 predicatione,

150 1165 181 1209 sic
192 1165 222 1209 ait
233 1182 238 1210 ι
256 1165 309 1210 Hac
320 1164 441 1209 novissima
451 1163 506 1209 hora
522 1163 643 1210 illustravit
654 1164 709 1210 deus
726 1163 839 1210 ecclesiam
855 1180 919 1210 suam

150 1229 193 1274 isto
205 1229 342 1291 pauperculo
358 1238 381 1274 et
398 1228 510 1290 despecto,
522 1229 621 1290 simplice
637 1238 659 1273 et
676 1229 809 1284 illicterato;
827 1238 920 1290 propter

167 1293 213 1338 uod
224 1303 327 1338 tenemur
338 1293 458 1338 dominum
474 1308 560 1353 semper
576 1293 674 1349 laudare,
686 1293 778 1338 scientes
795 1294 856 1354 quod
874 1309 919 1338 non

151 1310 204 1402 lecit
225 1357 299 1402 taliter
321 1356 382 1401 omni
404 1357 494 1402 nationi.
538 1356 631 1407 Quibus
647 1365 736 1401 sanctus
753 1356 842 1410 auditis,
861 1356 919 1401 miro

151 1421 272 1482 acceptavit
283 1419 372 1477 affectu,
384 1420 447 1483 quod
458 1420 530 1466 verbis
543 1431 589 1466 tam
606 1420 711 1482 expressis
728 1419 918 1483 contemptibilem

151 1486 226 1547 ipsum
237 1486 355 1532 iudicasset
369 1485 487 1547 episcopus
503 1496 525 1530 et
541 1486 677 1531 intrantibus
692 1485 810 1541 eeclesiam,
823 1486 919 1547 procidit

151 1551 178 1598 ad
200 1551 267 1612 pedes
288 1550 384 1612 episcopi
407 1550 498 1597 dicens:
526 1550 551 1595 ln
574 1551 673 1609 veritate,
696 1550 787 1597 domine
809 1549 918 1613 episcope,

151 1631 260 1676 magnum
281 1615 390 1659 honorem
411 1615 467 1659 mihi
491 1614 570 1671 fecisti,
592 1615 700 1676 quoniam
722 1632 766 1676 que
788 1632 837 1658 mea
858 1625 917 1671 sunt,

151 1678 304 1725 auferentibus
314 1679 369 1734 aliis,
381 1687 406 1723 tu
417 1678 479 1724 solus
495 1678 556 1723 illesa
571 1678 662 1725 servasti
673 1694 679 1734 3
696 1678 807 1739 separasti,
819 1678 916 1741 inquam,

151 1744 275 1808 pretiosum
294 1761 308 1788 a·
324 1742 371 1798 vili,
389 1742 447 1790 sicut
466 1742 575 1789 discretus
594 1743 670 1798 homo,
688 1743 731 1790 deo
749 1742 846 1800 laudem,
863 1743 918 1790 mihi

151 1810 261 1856 vilitatem
271 1809 393 1855 reddendo,

92 1942 147 1983 [Τ-[Ι]
199 1905 273 1995 ,Hel
294 1934 425 1980 servandam
448 1933 580 1980 humilitatis
604 1943 679 1979 sancte
703 1934 820 1988 virtutem,
843 1934 918 1995 paucis

150 2002 213 2047 annis
229 2000 307 2062 elapsis
323 2009 373 2060 post
388 2014 452 2045 suam
468 1997 647 2054 conversionem,
659 1998 682 2043 in
697 1998 797 2060 quodam
812 1997 918 2061 capitulo,

150 2083 225 2112 coram
244 2064 349 2112 omnibus
368 2061 473 2109 fratribus
492 2063 521 2109 de
541 2062 649 2125 religione
671 2062 799 2125 prelationis
818 2063 917 2110 officium

150 2132 278 2193 resignavit,
290 2129 381 2175 dicens:
398 2127 508 2174 Admodo
519 2144 569 2174 sum
587 2138 691 2174 mortuus
707 2127 789 2183 vobis;
805 2128 844 2174 sed
860 2145 915 2185 ecce,

150 2195 238 2257 inquid,
250 2194 317 2240 frater
328 2194 411 2237 Petrus
422 2192 532 2248 Cathanii,
544 2192 580 2237 cui
593 2209 636 2254 ego
652 2202 674 2237 et
690 2208 731 2237 vos
747 2208 825 2237 omnes
841 2192 919 2238 obedi-

149 2276 220 2306 amus.
254 2260 286 2305 Et
296 2257 405 2303 inclinans
416 2273 439 2302 se
449 2257 552 2317 protinus
570 2272 644 2302 coram
662 2256 711 2317 ipso
728 2255 877 2302 obedientiam
895 2267 917 2301 et

149 2324 296 2370 reverentiam
307 2321 410 2383 promisit
421 2321 501 2366 eidem.
534 2319 629 2367 Flebant
640 2321 710 2381 igitur
727 2319 807 2367 fratres
823 2329 846 2366 et
862 2320 918 2366 altos

149 2388 296 2451 extorquebat
317 2387 416 2449 gemitus
438 2385 510 2441 dolor,
527 2401 580 2431 cum
598 2385 705 2431 videbant
723 2401 746 2430 se
764 2395 828 2432 tanto
846 2396 915 2447 patre,

150 2453 248 2515 quodam
264 2451 339 2506 modo,
353 2450 465 2511 orphanos
481 2449 535 2496 fieri.
569 2450 667 2512 Surgens
683 2449 760 2496 beatus
778 2450 916 2507 Franciscus,

149 2517 232 2561 iunctis
250 2515 352 2561 manibus
368 2524 391 2558 et
408 2514 478 2558 oculis
497 2515 520 2558 in
532 2513 606 2558 celum
617 2514 703 2570 erectis,
715 2514 787 2558 dixit:
809 2515 915 2573 Domine,

149 2580 190 2626 tibi
201 2580 360 2627 recommendo
376 2577 490 2632 familiam,
502 2594 570 2640 quam
587 2578 642 2624 mihi
660 2587 751 2623 actenus
768 2579 915 2636 commisisti;

148 2657 171 2691 et
182 2663 241 2692 nunc
250 2654 342 2708 propter
350 2642 496 2699 infirmitates,
508 2660 562 2707 quas
570 2653 597 2689 tu
606 2642 671 2699 nosti,
681 2642 808 2689 dulcissime
817 2641 916 2702 domine,

149 2727 225 2757 curam
241 2711 288 2756 eius
305 2708 385 2755 habere
396 2724 442 2753 non
453 2707 527 2754 valens
538 2709 607 2769 ipsam
623 2709 783 2754 recommendo
799 2708 914 2755 ministris.

147 2777 279 2821 Teneantur
290 2774 313 2818 in
325 2774 361 2820 die
372 2771 446 2834 iuditij
459 2789 532 2818 coram
543 2783 566 2817 te
577 2772 668 2819 reddere
679 2771 794 2830 rationem,
806 2772 824 2818 si
835 2773 916 2835 aliquis

147 2838 215 2886 frater
227 2856 306 2886 eorum
318 2835 461 2900 negligentia,
473 2835 509 2882 vel
519 2836 630 2899 exemplo,
642 2853 680 2882 seu
691 2852 767 2899 aspera
778 2837 915 2882 correctione
