1919 3169
100 92 130 139 70
283 78 484 128 TRACTATUS
501 79 679 127 SECUNDUS

100 193 128 221 ne
144 192 179 222 res
194 174 317 224 astantibus
333 176 475 238 proderetur.
508 176 579 223 Pedes
596 191 651 221 vero
669 174 728 223 lavat
749 175 867 234 rarissime,

100 257 141 288 nec
152 243 227 290 minus
237 242 332 300 occulte,
344 258 411 306 quam
422 257 480 288 raro.
508 242 606 288 Manum
617 240 644 287 ab
655 241 731 306 aliquo
741 242 868 305 postulatus
954 279 960 306 ,

100 308 128 354 ad
135 309 245 367 osculum,
253 307 362 363 dimidiat,
371 307 550 369 digitostantum
557 306 792 370 proferens,quantam
799 307 869 370 possit
890 328 892 332 ¹
958 330 960 333 ·

100 371 205 418 osculum
216 372 288 433 poni;
305 386 470 432 nonnunquam
481 387 535 417 vero
550 386 592 432 pro
605 387 674 418 manu
691 372 800 418 manicam
816 380 868 432 por-

100 436 160 500 rigit.
194 437 265 483 Pedes
279 435 348 482 laneis
364 435 466 498 peduciis
483 435 556 493 vestit,
572 452 599 480 ne
617 434 688 482 videri
706 436 799 498 possint,
811 435 869 499 pelle

101 518 167 564 supra
190 500 322 548 vulneribus
343 511 452 565 portaque
474 502 614 564 asperitatem
637 502 723 548 laneam
748 502 868 564 mitigaret¹

101 566 165 612 Licet
181 576 257 613 autem
273 575 363 612 sanctus
381 575 445 628 pater
463 583 509 613 non
525 575 601 628 posset
616 582 726 613 manuum
746 577 768 613 et
784 568 869 629 pedum

101 631 207 693 stigmata
218 632 311 676 omnino
324 641 399 692 tegere
415 632 485 687 sotiis,
496 647 547 692 egre
563 641 638 676 tamen
654 630 744 687 ferebat,
755 632 773 676 si
790 631 870 692 aliquis

101 694 139 741 illa
157 694 282 755 respiceret,
300 695 360 741 unde
379 703 402 739 et
420 694 463 756 ipsi
482 695 533 740 sotii
551 694 671 755 prudentia
689 694 756 756 pleni,
779 695 870 758 quando

101 758 139 805 ille
160 775 247 819 manus,
269 769 309 806 aut
330 758 397 821 pedes
418 759 493 821 aliqua
510 758 638 807 necessitate
655 760 777 822 detegeret,
793 759 871 806 oculos

102 824 236 873 avertebant.

3 969 95 1013 [nemer]
242 950 309 1003 Quod
322 949 360 1001 pta
374 949 454 992 fraude
467 948 560 1001 quidam
573 949 611 993 illa
624 949 731 1003 inspexit.

151 1036 234 1124 Qum
256 1068 319 1114 Senis
339 1076 464 1113 moraretur
488 1067 524 1114 vir
550 1068 594 1124 dei,
615 1067 693 1114 accidit
716 1070 792 1116 venire
818 1069 872 1117 illuc

102 1131 196 1179 fratrem
208 1131 330 1195 quemdam
347 1132 376 1178 de
393 1130 481 1186 Briscia¹
495 1131 542 1192 qui,
560 1130 661 1177 multum
674 1131 779 1179 affectans
795 1134 872 1181 videre

101 1199 207 1261 stigmata
217 1196 287 1243 sancti
298 1195 375 1257 patris,
386 1204 412 1240 ut
423 1194 447 1240 id
458 1203 543 1256 querat,
556 1213 568 1240 a
579 1193 645 1240 fratre
657 1195 753 1242 Pacifico
764 1197 872 1243 instanter

102 1262 210 1326 deposcit.
244 1260 276 1308 Et
287 1259 339 1307 ille:
357 1261 502 1316 Recessurus,
513 1259 624 1323 inquid,a
640 1260 696 1317 loco,
709 1272 784 1324 petam
801 1262 828 1310 ab
845 1280 873 1309 eo

102 1327 276 1375 deobsculandas
287 1342 374 1383 manus,
385 1342 440 1389 quas
451 1341 504 1391 cum
520 1324 615 1384 dederis,
627 1337 727 1373 annuant
744 1326 785 1373 tibi
801 1328 872 1374 oculis

102 1403 125 1437 ct
143 1392 236 1439 videbis.
270 1390 350 1434 Parata
368 1390 396 1434 ad
413 1405 508 1443 recessu,
528 1390 614 1435 vadunt
630 1392 696 1435 ambo
718 1393 746 1436 ad
762 1403 872 1447 sanctum,

107 1454 214 1520 flexisque
230 1452 331 1519 genibus,
343 1452 399 1499 dicit
411 1451 518 1498 Pacificus
533 1462 610 1499 sancto
627 1454 759 1501 Francisco:
777 1455 874 1502 Benedic

105 1521 177 1578 nobie,
184 1530 247 1584 pater
258 1519 373 1566 karissime
384 1527 406 1564 et
417 1534 510 1565 manum
521 1519 576 1564 mihi
587 1519 615 1566 ad
626 1518 788 1568 obsculandum
799 1522 873 1583 prebe.

104 1587 242 1633 Obsculatur
264 1601 310 1629 non
330 1583 425 1629 libenter
452 1592 579 1644 porrectam
605 1594 628 1629 et
654 1585 775 1631 videndam
799 1587 874 1633 innuit

102 1648 183 1707 fratri;
200 1658 277 1711 petens
293 1657 316 1693 et
326 1647 399 1702 aliam,
411 1647 524 1694 osculatur
541 1656 563 1693 et
580 1656 690 1694 monstrat
707 1649 786 1698 eidem.
820 1651 874 1696 Dis-

102 1714 233 1761 cedentibus
250 1711 301 1769 illis,
317 1711 442 1773 suspicatus
464 1721 497 1757 est
518 1721 588 1772 pater,
605 1722 702 1758 sanctam
721 1713 751 1759 ibi
770 1712 873 1760 fraudem

103 1777 178 1836 fuisse,
197 1796 241 1843 que
262 1776 336 1823 fuerat
357 1787 379 1822 et
401 1777 461 1837 piam
480 1776 632 1823 curiositatem
651 1777 743 1840 impiam
765 1779 872 1839 iudicans,

103 1854 209 1890 revocato
242 1842 319 1889 statim
352 1841 421 1887 fratre
454 1840 558 1899 Pacifico,
592 1842 648 1887 dixit
681 1843 716 1889 ei:
753 1844 873 1907 indulgeat

104 1907 145 1954 tibi
162 1908 283 1961 Dominus,
300 1906 375 1962 frater,
392 1905 499 1966 quoniam
516 1905 684 1951 tribulationem
703 1907 804 1954 multum
820 1909 874 1954 facis

105 1972 160 2017 mihi
172 1970 300 2034 aliquando.
333 1968 460 2015 Prosternit
470 1984 493 2014 se
505 1968 612 2015 Pacificus
629 1971 705 2017 statim
722 1981 745 2018 et
766 1971 874 2019 humilter

105 2038 229 2102 interrogat
239 2036 329 2083 dicens:
348 2032 447 2087 Qualem
462 2033 630 2081 tribulationem
640 2035 681 2082 tibi
698 2034 748 2096 feci,
759 2037 874 2092 karissima

106 2104 195 2150 mater?
227 2101 304 2148 Nichil
314 2106 395 2145 autem
406 2100 553 2161 respondente
569 2099 634 2146 beato
650 2102 774 2157 Francisco,
785 2105 874 2149 silentio
899 2156 900 2159 Ἰ

105 2167 238 2215 terminatur
248 2174 350 2214 eventus.

21 2321 103 2364 [affl]
245 2308 279 2352 De
292 2307 386 2350 vulnere
399 2305 476 2349 lateris
489 2319 503 2350 a
516 2306 615 2359 quodam
629 2307 737 2362 inspecto.

154 2395 248 2482 Dicet
264 2437 340 2475 autem
357 2442 467 2471 manuum
484 2434 507 2471 et
524 2426 608 2487 pedum
627 2426 721 2473 vulnera
737 2429 784 2491 ipsa
802 2448 874 2477 mem-

109 2495 201 2541 brorum
217 2495 267 2538 loca
281 2491 401 2551 propatula
419 2489 516 2534 facerent
535 2490 646 2552 aliquibus
662 2492 785 2550 manifesta,
801 2496 875 2540 lateris

108 2569 183 2606 tamen
194 2557 279 2605 vulnus
290 2569 357 2601 nemo
368 2553 450 2615 dignus
465 2554 542 2600 videre
553 2553 597 2600 fuit
608 2555 630 2600 in
642 2555 695 2613 vita,
707 2558 774 2604 unico
784 2568 875 2606 tantum

108 2635 132 2672 et
138 2623 205 2670 semel
212 2630 311 2684 excepto
326 2619 440 2672 Quotiens
448 2619 507 2664 enim
514 2619 614 2665 tunicam
620 2619 703 2666 faceret
709 2623 788 2680 excuti,
796 2623 876 2671 dextro

109 2689 212 2736 bracchio
223 2684 363 2748 cooperiebat
371 2684 444 2729 lateris
454 2683 555 2741 vulnus;
572 2701 736 2749 nonnunquam
743 2703 796 2733 vero
807 2705 875 2736 manu

56 2792 60 2802 2
108 2756 196 2800 sinistra
207 2752 271 2797 lateri
282 2749 371 2795 confixo
384 2748 491 2809 applicata
507 2748 593 2794 beatam
608 2750 669 2795 illam
680 2750 768 2813 plagam
779 2754 874 2814 tegebat.

110 2818 212 2871 Quidam
223 2830 278 2862 vero
288 2815 336 2860 eius
347 2812 418 2859 sotius
429 2812 484 2859 dum
496 2812 601 2875 scalperet
612 2814 695 2876 ipsum,
706 2832 775 2864 manu
787 2818 875 2865 vulneri
