1919 3169
136 51 163 93 14
348 33 509 81 LEGENDA
526 34 683 95 ANTIQUA

132 132 283 176 mutationem
309 131 423 190 persensit,
445 131 508 191 quod
535 132 660 193 exprimere
687 132 734 191 ipse
756 149 801 177 non
823 132 898 192 potuit

133 195 223 258 expedit
256 210 297 241 nos
329 193 398 241 silere.
449 193 554 258 infigitur
581 211 608 239 ex
636 204 690 241 tunc
722 195 792 240 sancti
826 195 898 240 anime

132 259 232 308 crucifixi
248 258 388 322 compassi03
410 269 440 316 et,
458 270 484 305 ut
501 262 537 323 pie
558 261 632 323 putari
654 270 740 323 potest,
761 261 822 307 cordi
844 260 898 317 eius,

132 327 185 372 licet
207 326 309 371 nondum
337 326 403 380 carni,
426 327 551 373 venerande
573 327 677 387 stigmata
699 327 807 386 passionis
833 325 899 371 altius

132 391 302 455 imprimuntur,
337 390 399 435 Mira
431 407 466 437 res
499 401 522 437 et
555 390 636 437 nostris
668 390 748 437 seculis
783 390 897 437 inaudita!

133 458 190 518 Quis
206 473 252 502 non
268 465 344 515 stupet
363 455 391 501 ad
410 454 470 502 ista?
503 456 560 518 Quis
579 456 714 519 quandoque
733 457 814 502 similia
832 455 899 501 intel-

132 522 204 566 lexit?
250 520 308 578 Quis
335 518 479 564 Franciscum
506 521 550 565 iam
582 522 714 566 redeuntem
746 521 774 565 ad
803 521 898 582 patriam

52 583 257 646 F0].14apparuisse
279 581 369 628 dubitat
394 583 532 640 crucifixum,
555 585 598 639 cui,
621 585 693 631 adhuc
720 585 807 630 mundo
834 584 899 645 plene

132 650 229 694 exterius
240 664 285 693 non
297 658 435 709 contempto,
448 665 508 694 novo
519 658 542 693 et
552 649 656 695 inaudito
672 648 788 707 miraculo,
797 649 825 696 de
835 648 898 711 ligno

132 714 202 761 crucis
212 712 313 775 loquitur
325 712 436 759 christus?
471 713 509 758 Ab
527 729 551 758 ea
568 714 638 777 igitur
656 715 712 760 hora
728 712 848 777 liquefacta
864 723 898 759 est

132 779 206 823 anima
216 778 272 832 eius,
283 788 309 821 ut
320 777 414 823 dilectus
424 777 444 822 ei
455 778 544 823 locutus
555 789 596 823 est.

181 842 257 887 Patuit
276 841 344 901 paulo
363 851 414 902 post
436 857 498 887 amor
520 842 593 887 cordis
615 858 654 903 per
676 843 769 888 vulnera
790 841 897 902 corporis.

132 905 225 971 Nequid
236 916 328 951 extunc
339 915 447 968 perpetuo
459 906 527 951 etiam
539 906 653 952 continere
671 923 683 952 a
701 906 762 963 fletu,
774 907 842 952 etiarn
853 905 897 951 alta

131 989 186 1019 voce
198 972 274 1020 christi
285 972 411 1033 passionem
422 972 484 1035 quasi
496 988 583 1035 semper
599 989 674 1018 coram
691 972 787 1035 positam
804 971 897 1035 plangit.

130 1037 212 1100 Replet
245 1036 368 1099 gemitibus
399 1037 453 1093 vias,
480 1037 564 1083 nullam
595 1036 770 1083 consolationem
797 1038 898 1084 admittit

129 1103 248 1149 recordans
266 1101 382 1164 plagarum
402 1101 484 1148 christi.
519 1103 629 1147 lntimum
649 1100 690 1147 sibi
708 1101 802 1149 obvium
820 1101 897 1147 habuit

129 1167 250 1229 quemdam
261 1167 365 1223 amicum,
377 1166 412 1211 cui
426 1183 490 1212 causa
500 1166 611 1228 patefacta
622 1166 715 1222 doloris,
727 1167 803 1213 statim
814 1167 898 1212 amicus

129 1232 185 1276 dure
196 1240 332 1294 provocatur
344 1230 372 1275 ad
382 1229 492 1275 lacrimas.
526 1230 612 1275 Verum
623 1240 697 1275 sancte
708 1230 769 1276 illius
785 1231 897 1292 ymaginis

129 1312 174 1342 non
192 1294 333 1342 obliviscitur
352 1311 429 1357 gerere
448 1311 532 1353 curam,
550 1312 590 1341 nec
610 1294 741 1341 mandatum
758 1294 805 1340 eius
825 1295 898 1357 aliqua

130 1360 267 1425 negligentia
299 1360 397 1422 preterit.
442 1360 565 1422 Extemplo
598 1360 637 1405 dat
670 1360 759 1406 cuidam
789 1359 897 1406 sacerdoti

129 1426 253 1489 pecuniam,
266 1435 291 1470 ut
301 1424 427 1485 lampadem
438 1435 497 1471 emat
511 1435 533 1471 et
549 1424 632 1480 oleum,
644 1441 672 1471 ne
685 1442 745 1471 sacra
760 1441 850 1487 ymago,
862 1425 898 1470 vel

129 1491 157 1537 ad
172 1499 323 1546 momentum,
335 1488 413 1535 debito
427 1489 519 1535 luminis
537 1490 629 1546 honore,
640 1489 764 1536 fraudetur.
798 1489 897 1552 impiger

130 1555 211 1600 deinde
219 1555 247 1599 ad
254 1555 387 1615 perficiende
394 1555 479 1616 reliqua
488 1557 602 1600 occasione
611 1557 732 1614 reparande
741 1554 801 1599 illius
809 1554 899 1600 ecclesie

129 1617 305 1666 indefectibilem
323 1634 414 1679 operam
430 1617 530 1680 prebens.
565 1618 626 1663 Nam
642 1619 694 1664 licet
710 1619 738 1665 de
754 1617 792 1663 illa
808 1618 898 1664 ecclesia

129 1685 221 1732 divinus
237 1684 278 1729 sibi
295 1682 367 1729 factus
384 1683 413 1728 sit
429 1700 509 1739 sermo,
527 1699 595 1746 quam
615 1684 717 1730 Christus
736 1683 829 1746 proprio
847 1700 896 1729 san-

129 1747 331 1812 guineaequisivit,
350 1748 423 1793 noluit
440 1757 531 1809 repente
550 1748 598 1793 fieri
616 1764 724 1805 summus,
743 1748 851 1809 paulatim
869 1749 897 1794 de

131 1831 194 1860 carne
206 1813 342 1859 transiturus
353 1813 380 1858 ad
391 1812 502 1874 spiritum.
862 1832 864 1834 >

61 1958 125 2002 [rt-vj]
178 1908 246 1998 Sed
268 1942 312 1987 iam
335 1941 438 2002 operibus
455 1941 543 2004 pietatis
561 1942 707 1997 insistentem,
724 1952 786 2003 pater
806 1942 897 1988 carnalis

131 2008 273 2070 persequitur
284 2017 306 2052 et
318 2006 452 2054 servitutem
469 2006 554 2054 Christi
571 2006 678 2053 insaniam
696 2007 801 2066 iudicans,
812 2006 897 2070 ubique

131 2073 206 2134 ipsum
233 2072 357 2118 maledictis
384 2072 484 2118 dilaniat.
527 2072 632 2119 Advocat
659 2073 735 2135 itaque
761 2089 839 2119 servus
861 2073 897 2119 dei

131 2137 251 2197 quemdam
268 2136 343 2180 virum
362 2135 474 2197 plebeium
491 2145 514 2179 et
535 2136 658 2197 simplicem
680 2138 740 2193 satis,
757 2153 824 2198 quem
846 2138 896 2182 loco

132 2201 202 2262 patris
218 2200 339 2261 suscipiens
357 2209 427 2262 rogat,
449 2209 475 2244 ut
493 2215 544 2245 cum
562 2209 624 2261 pater
643 2199 690 2245 eius
707 2200 824 2247 maledicta
843 2217 897 2246 con-

132 2265 238 2328 geminat,
250 2265 296 2327 ipse
307 2264 348 2310 sibi
360 2263 496 2310 econtrario
512 2263 633 2310 benedicat.
667 2264 828 2327 Propheticum
845 2282 896 2311 sane

132 2330 227 2376 verbum
244 2330 312 2376 vertit
328 2330 352 2375 in
369 2345 425 2391 opus
442 2340 464 2375 et
483 2328 546 2375 factis
563 2330 667 2385 ostendit,
689 2331 752 2393 quod
768 2331 840 2393 signat
859 2329 897 2377 ille

131 2412 219 2442 sermo:
254 2395 394 2441 Maledicent
413 2393 445 2440 illi
464 2404 487 2440 et
504 2405 528 2442 tu
547 2394 671 2441 benedices.
712 2395 818 2458 Resignat
837 2395 896 2458 patri

131 2460 255 2521 pecuniam,
268 2475 335 2521 quam
352 2459 376 2504 in
394 2474 460 2520 opere
478 2459 537 2505 dicte
554 2460 644 2505 ecclesie
661 2459 696 2504 vir
715 2460 750 2505 dei
767 2461 896 2521 expendisse

131 2524 239 2580 voluerat,
258 2524 363 2571 suadente
385 2523 427 2570 hoc
449 2523 482 2567 illi
503 2524 608 2586 episcopo
625 2523 727 2582 civitatis,
746 2524 796 2570 viro
818 2524 896 2588 utique

130 2588 193 2635 valde
205 2588 250 2651 pio,
263 2588 363 2651 eoquod
375 2604 421 2632 non
432 2587 508 2633 liceret
519 2589 547 2634 de
564 2589 621 2633 male
638 2588 760 2650 acquisitis,
769 2589 855 2651 aliquid
872 2591 895 2634 in

129 2670 203 2701 sacros
214 2670 268 2699 usus
279 2653 410 2715 expendere.

176 2717 329 2765 Audientibus
356 2728 432 2764 autem
459 2719 498 2781 qui
525 2728 675 2764 convenerant
697 2717 783 2775 multis,
805 2719 894 2774 amodo,

128 2784 216 2846 inquid,
228 2783 300 2828 dicam
312 2782 380 2827 libere
396 2793 459 2844 pater
476 2793 560 2838 noster,
572 2783 611 2844 qui
629 2800 652 2827 es
669 2783 692 2826 in
707 2783 765 2839 celis,
777 2799 822 2828 non
833 2793 895 2843 pater
