1919 3169
143 120 173 152 20
354 104 515 156 LEGENDA
532 104 691 151 GREGORII

141 203 210 249 sancti
230 201 327 249 damiani
345 200 468 263 antiquitus
485 210 613 248 constructa
629 199 708 259 fuerat,
725 217 825 247 reversus
841 199 906 261 foret,

142 268 228 330 gratia,⁵
245 266 325 314 illum⁶
342 265 442 312 altissimi
459 264 589 323 comitante,
605 266 643 310 in⁷
660 264 722 313 brevi
739 281 788 311 eam
804 275 906 329 tempore

143 332 266 380 studiosius
282 330 400 393 reparavit.
441 330 489 377 Hic
505 340 539 377 est
554 331 619 378 locus
629 329 666 376 ille
682 328 761 376 beatus
772 339 794 376 et
809 341 905 390 sanctus,

143 399 167 442 in
179 415 232 459 quo,
244 397 355 459 gloriosa8
371 394 451 457 religio
462 404 484 441 et
501 395 699 441 excellentissimus
715 395 772 441 ordo
783 411 906 456 pauperum

143 461 286 507 dominarum
314 470 336 505 et
357 469 482 505 sanctarum
508 459 624 521 virginum
645 476 658 503 a
679 458 824 504 conversione
848 460 906 505 beati

144 525 244 572 francisci
255 524 301 572 fere
312 530 363 570 sex⁹
374 539 484 570 annorum
494 524 566 587 spatio
578 523 621 569 iam
632 521 714 586 elapso,
725 538 765 588 per
780 523 884 570 eumdem
892 532 908 550 ¹⁰

144 594 234 638 beatum
245 593 319 637 virum
327 589 380 634 felix
391 590 508 635 exordium
517 590 620 651 sumpsit.
648 590 674 634 In
685 605 732 651 quo
740 590 831 635 domina
842 591 906 648 clara,

143 657 234 702 civitate
251 654 318 701 assisii
335 654 437 708 oriunda,
457 653 512 715 lapis
531 654 702 714 pretiosissimus
724 664 790 717 atque
797 663 812 679 ¹¹
828 653 906 702 fortis-

144 720 236 775 simus,¹¹
259 729 383 764 ceterorum
404 717 598 778 superpositorum
615 718 715 777 lapidum
734 719 809 763 extitit
825 717 907 765 funda-

144 793 254 831 mentum.

192 847 251 892 Nam
274 862 325 892 cum
348 853 400 905 post
419 845 569 889 imitationem
578 851 593 869 ¹²
614 845 701 891 ordinis
721 845 824 902 fratrum,
847 847 906 893 dicta

143 912 242 967 domina,
253 910 321 958 sancti
333 909 375 955 viri
387 908 488 967 monitis,
497 908 525 954 ad
536 909 605 956 deum
615 926 721 956 conversa
733 908 819 968 fuisset,
828 912 907 958 multis

144 977 217 1021 extitit
233 977 261 1021 ad
277 973 405 1036 profectum
423 983 446 1019 et
462 974 586 1019 innumeris
602 974 631 1019 ad
648 976 781 1036 exemplum.
816 976 906 1022 Nobilis

143 1038 261 1100 parentela,
284 1038 323 1083 sed
345 1036 441 1082 nobilior
463 1037 542 1098 gratia.
575 1038 647 1098 Virgo
663 1052 735 1096 carne,
757 1039 796 1084 sed
805 1045 820 1069 ¹³
831 1049 907 1085 mente

143 1103 272 1151 castissima.
305 1101 373 1149 Etate
394 1099 519 1160 iuvencula,
542 1101 581 1148 sed
602 1100 678 1148 animo
700 1120 759 1151 cana.
794 1101 906 1151 Constans

142 1169 266 1230 proposito,
293 1177 315 1212 et
341 1167 365 1211 in
392 1167 472 1213 divino
499 1182 575 1212 amore
601 1167 756 1213 ardentissima
786 1168 905 1215 desiderio

143 1233 253 1294 Sapientia
275 1230 367 1293 predita,
391 1241 413 1277 et
435 1230 561 1277 humilitate
582 1231 694 1293 precipua,
716 1231 780 1278 Clara
806 1234 906 1291 nomine,

142 1297 221 1341 clarior
242 1297 296 1352 vita,
313 1294 433 1339 clarissima
449 1294 556 1339 moribus.
589 1296 660 1355 Super
676 1295 732 1340 hanc
749 1312 840 1357 quoque
856 1314 907 1358 pre-

142 1360 314 1405 tiosissimarum
342 1358 511 1420 margaritarum
536 1357 617 1403 nobilis
644 1366 755 1405 structura
788 1361 907 1406 surrexit!l

143 1425 248 1477 Quarum
259 1425 308 1470 laus
319 1440 365 1468 non
382 1440 409 1468 ex
425 1421 562 1482 hominibus,
573 1422 612 1468 sed
624 1439 651 1468 ex
662 1423 713 1470 Deo
729 1433 763 1469 est
774 1439 780 1480 ;
797 1440 849 1470 cum
866 1442 907 1472 nec

141 1499 236 1552 angusta
252 1488 368 1534 meditatio
380 1504 428 1532 eam
445 1487 543 1550 cogitare
559 1487 660 1544 sufficiat,
677 1505 717 1533 nec
733 1488 806 1534 brevis
820 1489 906 1537 locutio

142 1553 299 1615 eirplicare.¹⁵¹5

189 1617 321 1679 Precipue¹⁷
343 1630 441 1677 namque
462 1624 513 1660 ante
540 1615 615 1660 omnia
643 1615 666 1659 in
692 1616 724 1661 eis
752 1616 812 1679 viget
833 1617 906 1664 virtus

142 1692 220 1728 mutue
242 1699 266 1729 ac
293 1680 401 1726 continue
428 1679 529 1736 caritatiS,
553 1696 598 1741 que
617 1680 647 1725 ita
669 1679 767 1741 ipsarum
789 1682 813 1726 in
832 1698 905 1729 unum

142 1747 231 1809 copulat
247 1747 382 1800 voluntates,
400 1754 426 1791 ut
448 1760 499 1789 cum
519 1744 673 1806 quadraginta,
690 1744 726 1791 vel
743 1745 906 1810 quinquaginta

141 1813 223 1874 pariter
245 1809 325 1858 alicubi
348 1818 523 1866 commorentur,
546 1808 606 1855 idem
629 1808 687 1855 velle
714 1827 738 1856 ac
761 1810 822 1856 idem
845 1812 905 1859 nolle

142 1892 215 1921 unum
226 1876 249 1920 in
260 1877 292 1921 eis
302 1874 408 1933 spiritum
419 1872 484 1917 faciat
495 1873 523 1917 de
534 1874 634 1919 diversis.

189 1940 299 1994 Secundo,
315 1937 339 1981 in
356 1952 491 1999 unaquaque
508 1935 584 1982 rutilat
601 1935 733 1983 humilitatis
749 1953 845 1999 gemma,
860 1955 906 2001 que

142 2003 221 2051 collata
242 2004 301 2050 dona
328 2010 351 2047 et
372 2000 430 2047 bona
452 2001 479 2047 de
504 1999 556 2045 celis
575 2000 649 2046 hahita
676 2000 707 2047 sic
734 2012 858 2060 conservat,
881 2014 906 2051 ut

141 2070 236 2116 virtutes
253 2078 335 2115 ceteras
351 2066 487 2113 mereatur.¹8

189 2135 276 2188 Tertio,
288 2131 422 2191 virginitatis
433 2141 456 2175 et
467 2130 573 2174 eastitatis
583 2129 655 2174 lilium
667 2130 698 2174 sic
709 2132 818 2191 respergit
835 2134 905 2179 odore

142 2196 238 2243 mirabili
254 2195 368 2242 universas
384 2204 410 2240 ut
427 2203 563 2239 terrenarum
586 2192 750 2255 cogitationum
766 2193 837 2240 oblite
859 2198 905 2242 sola

142 2262 269 2309 desiderent
276 2266 292 2291 ³⁹
309 2258 397 2304 celestia
415 2257 533 2312 meditari3
553 2267 575 2303 et
597 2267 674 2303 tantus
692 2273 720 2303 ex
737 2258 807 2320 ipsius
815 2267 830 2284 ²⁰
850 2260 905 2325 flag-

141 2327 212 2373 rantia
220 2335 233 2351 ²¹
245 2326 269 2370 in
284 2324 382 2384 ipsarum
405 2321 511 2368 cordibus
522 2321 593 2368 eterni
604 2321 681 2384 sponsi
693 2339 756 2369 amor
767 2324 904 2384 exoriatur‚²²

142 2402 167 2438 ut
178 2390 294 2451 integritas
309 2404 368 2432 sacre
379 2386 505 2432 affectionis
522 2402 612 2431 omnem
629 2385 657 2432 ab
667 2386 698 2431 eis
715 2390 904 2435 consuetudinem

141 2456 187 2502 vite
199 2453 279 2515 prioris
290 2450 399 2496 excludat.

141 2554 905 2567 Μ

179 2578 307 2626 sla-gratian.
345 2572 391 2612 6Η,
400 2573 434 2611 and
444 2573 474 2611 W.
484 2574 545 2624 ipsum.
585 2575 628 2613 7H.
638 2576 695 2613 omits.
734 2573 881 2626 8Osreligiosa.

179 2632 221 2667 9L.
234 2638 291 2666 sexto.
340 2626 486 2664 ¹⁰W.eundem.
536 2629 550 2648 Π
560 2627 587 2664 H.
597 2628 655 2664 omits.
705 2631 719 2649 ¹²
728 2627 759 2665 W.
770 2629 890 2669 initiationem.

180 2687 194 2712 13
204 2681 232 2720 H.
242 2682 299 2719 omits.
378 2681 393 2707 14
403 2678 427 2715 E.
437 2678 471 2715 and
481 2677 509 2715 Μ.
519 2689 614 2716 viarurun
624 2692 676 2716 orno.
758 2682 773 2708 ¹⁵
783 2679 816 2718 Os.
826 2695 852 2721 ea.

179 2735 340 2772 1⁶W.v1nruruu
351 2743 403 2768 onuo.
585 2734 600 2758 ¹⁷
610 2732 634 2770 L.
643 2732 677 2768 and
687 2731 718 2769 W.
730 2732 821 2783 Precipua.

179 2788 194 2811 1⁸
204 2786 237 2823 Os.
247 2786 280 2823 and
289 2783 321 2821 W.
331 2793 433 2820 mereamur.
484 2785 498 2810 ¹9
509 2781 542 2818 Os.
552 2784 656 2820 desiderant.
709 2788 724 2806 ²⁰
734 2783 762 2821 H.
772 2786 851 2834 ipsarum.

178 2842 193 2862 ²1
203 2840 232 2876 W.
242 2835 340 2885 fragrantia.
394 2837 409 2855 ²²
420 2832 452 2869 Os.
462 2834 545 2869 exoritur.
