1919 3169
147 134 188 186 148
333 127 531 174 TRACTATUS
546 128 718 175 SECUNDUS

145 223 271 271 temeritate
293 223 369 287 peiora
391 238 457 287 quam
479 222 542 283 prius
565 223 650 285 operari
673 224 789 286 presumit.
831 225 910 273 Subito

146 291 262 338 brachium
283 291 401 338 dexterum
424 288 452 336 ad
473 286 573 336 laborem
600 299 719 337 extensum
741 306 843 338 revocare
865 308 910 339 non

146 365 228 417 potest,
248 355 287 401 sed
305 352 425 399 inflexibile
442 363 504 399 tenet
523 355 619 401 aridum.
652 356 733 401 Studet
751 373 803 402 cum
822 357 910 419 reliquo

146 420 203 466 illud
215 420 307 482 erigere,
320 419 358 463 sed
370 417 436 463 simili
448 418 607 464 maledictione
622 419 680 464 illud
696 420 782 466 arescit.
816 419 911 468 Cibatur

147 485 191 529 iam
209 483 287 529 infelix
304 498 316 527 a
333 482 389 540 filio,
401 498 442 526 nec
453 498 492 543 per
510 498 533 526 se
550 483 579 528 ad
596 481 682 545 reliqua
698 494 773 545 potest
789 500 911 548 assurgere.

147 550 243 611 Stupens
262 547 298 594 vir
316 547 371 606 eius,
391 555 413 592 et
433 562 520 593 causam
539 558 698 610 percunctatus
714 558 816 605 eventus,
832 549 912 613 accipit

147 614 215 660 fidem
237 612 355 659 mentitam
376 621 453 658 sancto
475 612 593 659 Francisco
618 629 705 659 causam
728 630 774 660 esse
795 616 911 661 tormenti.

148 679 191 724 Sed
214 679 296 723 timore
318 678 426 737 correptis
448 677 498 722 viro
519 695 571 723 cum
593 677 677 723 femina
696 688 718 723 et
737 679 783 724 sine
805 679 912 726 dilatione

147 739 336 806 reintegrantibus
347 750 435 795 votum,
447 741 553 786 misertus
568 749 602 785 est
616 751 711 797 sanctus,
725 743 777 804 quia
788 743 913 789 misericors

148 824 235 870 semper
252 806 305 864 fuit,
319 815 342 852 et
359 804 460 853 membra
477 806 587 868 penitenti
606 806 713 864 restituit,
731 824 775 871 que
792 806 912 856 abstulerat

148 872 323 934 contempnenti.
357 871 390 917 Sic
407 888 464 934 pena
480 881 596 933 peccatum
613 872 727 934 vulgante,
742 873 870 935 exemplum
887 875 912 920 fit

149 938 229 982 mulier
251 937 355 982 omnibus
374 937 414 997 qui
433 945 487 981 vota
505 953 551 981 non
570 947 660 982 servant
681 948 704 982 et
723 937 791 983 timor
810 938 853 983 hiis
872 939 911 1001 qui

149 1011 279 1048 sanctorum
290 999 347 1044 festa
358 999 441 1045 violare
452 1011 592 1061 presumunt.

199 1066 227 1112 ln
254 1064 344 1110 civitate
371 1062 492 1109 Tiburtina
519 1064 635 1110 cuiusdam
663 1065 743 1110 iudicis
770 1081 833 1122 uxor,
860 1082 912 1112 cum

149 1146 187 1175 sex
214 1129 270 1176 filias
297 1127 424 1191 peperisset,
450 1128 521 1173 nimio
547 1127 624 1175 furore
652 1128 748 1185 turbata,
776 1130 875 1177 decrevit
901 1148 913 1176 a

150 1196 199 1241 viro
226 1194 321 1241 ulterius
347 1192 465 1247 abstinere,
493 1192 571 1239 nolens
599 1194 687 1239 culture
714 1194 822 1252 insistere,
850 1196 914 1243 cuius

150 1257 237 1304 fructus
270 1258 359 1318 penitus
393 1256 526 1317 displiceret.
575 1257 692 1303 Horrebat
719 1258 801 1304 mulier
828 1275 915 1321 semper

150 1340 227 1385 parere
263 1319 357 1369 feminas
395 1330 417 1367 et
455 1319 524 1368 virilis
562 1338 626 1367 sexus
664 1320 776 1369 desiderio
814 1322 915 1388 fatigata,

149 1389 193 1434 Dei
212 1404 303 1452 quoque
321 1385 429 1448 placitum
448 1385 563 1449 arguebat.
597 1386 652 1432 Non
671 1397 705 1433 est
723 1403 776 1449 egre
795 1387 913 1436 ferendum

150 1453 268 1509 iudicium,
280 1452 341 1515 quod
352 1452 514 1512 omnipotentis
525 1452 568 1498 Dei
579 1451 668 1513 legibus
685 1451 759 1498 fertur
769 1453 793 1498 in
804 1453 912 1502 honines.

153 1518 231 1580 Itaque
253 1532 306 1563 cum
328 1515 483 1577 indignatione
504 1531 544 1576 per
567 1531 651 1560 annum
672 1531 696 1560 se
717 1532 730 1561 a
750 1518 801 1563 viro
822 1520 914 1580 proprio

150 1581 267 1643 separavit.
300 1578 372 1625 Paulo
383 1588 435 1641 post
446 1578 569 1640 penitentia
580 1578 655 1637 ducta,
666 1579 715 1625 viro
726 1595 768 1626 suo
778 1582 915 1628 reconciliari

149 1646 279 1708 precipitur,
299 1659 363 1690 suasa
380 1661 392 1689 a
410 1642 535 1690 confessore
553 1652 580 1690 ut
597 1661 609 1690 a
626 1644 692 1690 beato
707 1645 826 1694 Francisco
841 1647 914 1694 filiurn

149 1712 280 1771 postularet,
289 1710 325 1755 cui
336 1709 483 1769 postmodum
496 1708 607 1754 Francisci
619 1724 701 1754 nomen
709 1709 843 1772 imponeret,
851 1712 915 1758 cuius

150 1791 202 1820 eum
214 1773 299 1817 meritis
310 1772 451 1832 suscepisset.
485 1772 596 1831 Concepit
613 1788 659 1817 non
675 1773 750 1818 multo
766 1784 817 1834 post
834 1777 914 1820 mulier

150 1839 187 1884 illa
206 1848 228 1884 et
247 1837 349 1901 geminos
369 1836 388 1881 ei
408 1852 485 1898 parere
503 1834 575 1892 dedit,
594 1834 633 1898 qui
651 1851 693 1896 pro
711 1853 758 1882 uno
774 1838 824 1883 solo
841 1837 915 1885 fuerat

150 1914 261 1951 exoratus.
295 1903 389 1949 Horum
406 1918 466 1949 unus
483 1899 624 1960 Franciscus,
635 1899 690 1949 alter
706 1919 761 1950 vero
777 1902 865 1952 Blasius
881 1914 914 1952 est

149 1979 249 2016 vocatus.

198 2033 327 2078 incivitate
340 2030 506 2077 Cenomanensi
523 2029 661 2074 nobilissima
677 2032 774 2092 quedam
790 2033 914 2094 ignobilem

150 2097 243 2143 habebat
259 2094 372 2149 famulam,
389 2109 458 2157 quam
478 2094 501 2139 in
520 2092 579 2140 festo
596 2095 666 2140 sancti
683 2095 795 2142 Francisci
812 2098 840 2143 ad
858 2097 914 2159 opus

149 2162 229 2209 servile
241 2160 341 2223 cogebat.
375 2161 408 2205 At
420 2158 458 2204 illa
468 2168 544 2204 mente
560 2156 659 2204 nobilior
675 2171 767 2222 propter
782 2161 826 2207 diei
841 2179 913 2208 rever.

150 2229 234 2273 entiam
256 2224 327 2272 facere
348 2223 469 2270 recusabat.
515 2223 558 2269 Sed
580 2223 691 2285 prevaluit
713 2225 781 2271 timor
804 2226 916 2274 humanus

151 2293 228 2338 divino
239 2290 315 2336 timori
327 2298 349 2333 et
368 2289 396 2332 ad
408 2288 540 2332 mandatum
556 2288 609 2331 licet
623 2288 694 2331 invita
704 2289 780 2349 puella
791 2307 813 2333 se
824 2293 914 2337 subicit.

150 2354 261 2402 Extendit
278 2368 357 2399 manus
372 2351 400 2397 ad
414 2351 490 2397 colum
509 2360 532 2397 et
544 2351 610 2413 digiti
627 2350 704 2397 fusum
720 2353 839 2414 accipiunt.
872 2356 915 2402 Sed

149 2422 226 2468 statim
238 2435 317 2466 manus
328 2418 402 2480 rigent
413 2415 530 2463 doloribus
549 2426 571 2463 et
582 2415 698 2463 immensis
714 2417 833 2466 ardoribus
848 2420 915 2484 digiti

150 2486 285 2531 cruciantur.
330 2481 460 2527 Publicatur
488 2481 553 2541 culpa
576 2497 616 2543 per
637 2497 725 2541 penam,
749 2484 805 2529 dum
829 2485 916 2531 doloris

150 2550 255 2596 acerbitas
274 2546 389 2592 silentium
409 2561 455 2590 non
474 2544 584 2590 admittit.
623 2545 702 2592 Currit
721 2546 749 2592 ad
768 2547 826 2594 filios
845 2550 915 2596 sancti

151 2613 261 2660 Francisci
278 2609 369 2665 famula,
381 2608 465 2655 revelat
482 2609 598 2664 offensam,
610 2625 691 2670 penam
708 2611 815 2669 ostendit,
827 2614 916 2660 veniam

150 2676 255 2739 postulat.
292 2673 490 2726 Processionaliter
499 2672 575 2737 itaque
583 2672 662 2719 fratres
671 2675 699 2720 ad
706 2675 821 2722 ecclesiam
829 2679 916 2725 vadunt

150 2754 172 2790 et
184 2759 225 2806 pro
236 2742 296 2788 illius
306 2739 377 2786 salute
388 2738 458 2784 sancti
475 2738 587 2784 Francisci
604 2737 744 2785 clementiam
760 2740 914 2803 deprecantur,

150 2807 273 2855 incolumis
284 2805 321 2851 illa
333 2804 409 2851 statim
420 2802 523 2860 efficitur,
535 2802 586 2848 filiis
597 2804 740 2864 precantibus
756 2817 843 2867 patrem
854 2826 860 2866 ;
876 2809 916 2855 sed

149 2873 240 2919 adheret
252 2869 356 2915 manibus
367 2868 490 2929 vestigium
502 2867 653 2913 combusture.
