1919 3169
126 91 168 136 106
306 88 509 137 TRACTATUS
527 88 702 136 SECUNDUS

123 184 315 230 Lamentabantur
326 184 366 229 filii
375 194 439 230 tanto
451 194 513 246 patre
520 185 591 247 orbati
600 195 623 231 et
629 184 692 245 pium
701 183 775 231 cordis
781 182 889 229 affectum

124 248 220 296 lacrimis
226 261 248 297 et
257 249 357 311 suspiriis
366 249 520 297 ostendebant.
532 250 695 296 Verumtamen
702 248 804 295 miraculi
812 249 890 296 novita

124 315 242 376 planctum
250 315 319 361 vertit
327 314 351 359 in
358 314 455 361 iubilum
462 326 484 361 et
491 315 579 362 luctum
588 315 610 361 in
618 314 778 362 iubilationem.
805 314 889 361 Cerne-

125 380 163 430 bat
169 396 250 441 corpus
257 380 316 426 beati
322 380 392 441 patris
399 380 476 426 christi
483 379 625 443 stigmatibus
634 380 769 427 decoratum
775 378 797 424 in
806 380 889 435 medi0,

124 444 229 491 videlicet
248 460 357 491 manuum
374 454 397 489 et
415 445 494 508 pedam
512 444 581 507 ipsius
600 461 646 490 non
664 444 779 491 clavorum
797 444 889 507 quidem

124 520 248 570 puncturas
265 510 303 554 sed
319 510 379 571 ipsos
394 510 469 556 clavos
482 527 509 555 ex
523 510 578 568 eius,
590 527 654 555 carne
669 509 805 571 compositos
819 509 890 555 immo

125 573 184 618 carni
199 574 273 619 eidem
284 573 373 621 innatos
386 572 438 619 ferri
453 584 541 621 retenta
554 574 667 635 nigridine
680 590 704 620 ac
715 574 821 620 dextrum
832 573 890 618 latus

123 638 230 700 sanguine
237 638 383 686 subricatum.
401 638 511 686 Caroeius
517 637 648 685 naturaliter
655 638 719 702 nigra
726 638 788 702 prius
794 638 890 685 candore

125 703 195 749 nimio
213 702 355 749 remitescens
373 704 437 749 beate
456 705 611 750 resurectionis
630 705 715 765 premia
732 702 890 765 promittebat.

126 767 233 814 Membra
244 768 340 829 denique
357 767 426 829 ipsius
438 768 530 814 ductilia
547 778 570 814 et
584 769 661 814 mollia
677 777 730 814 sunt
746 768 824 815 effecta
845 783 891 814 non

124 831 197 892 rigida
219 841 245 878 ut
264 841 408 878 mortuorum
435 833 508 878 solent
536 848 641 879 conversa
668 834 691 878 in
719 832 891 879 similitudinem

125 896 217 958 puerilis
232 896 304 944 etatis.

3 1069 122 1110 [n-cnxxnfl
183 1057 217 1099 De
230 1058 316 1099 visione
329 1069 398 1109 quam
411 1058 467 1100 vidit
480 1058 549 1100 frater
561 1059 707 1109 Augustinus
720 1059 743 1099 in
757 1061 834 1099 morte.

174 1128 305 1212 minister
330 1157 425 1205 fratrum
447 1158 470 1204 in
492 1168 550 1204 terra
572 1158 653 1206 laboris
675 1168 730 1205 tunc
751 1170 798 1204 erat
822 1157 891 1203 frater

126 1225 277 1286 Augustinus,
295 1224 335 1286 qui
345 1224 369 1269 in
379 1224 434 1269 hora
444 1224 524 1270 ultima
534 1226 629 1286 positus,
643 1240 695 1271 cum
706 1224 746 1271 diu
761 1222 892 1286 iampridem

126 1289 234 1334 amisisset
265 1288 386 1350 loquelam,
419 1288 561 1334 audientibus
593 1290 633 1351 qui
671 1288 779 1346 astabant,
817 1287 893 1334 subito

126 1353 229 1400 clamavit
246 1361 269 1398 et
286 1352 357 1398 dixit:
380 1352 481 1414 Expecta
497 1368 540 1411 me,
555 1362 625 1414 pater,
642 1363 738 1414 expecta.
773 1353 832 1398 Ecce
846 1353 893 1415 jam

126 1418 192 1465 venio
200 1428 282 1464 tecum.
312 1416 467 1470 Querentibus
477 1416 582 1463 fratribus
591 1428 613 1462 et
624 1416 785 1463 admirantibus
793 1417 893 1463 multum

127 1484 163 1530 cui
171 1483 202 1529 sic
209 1483 348 1546 loqueretur,
356 1482 460 1528 audacter
471 1482 600 1544 respondit:
618 1482 702 1528 Nonne
709 1482 797 1539 videtis,
802 1481 891 1545 inquid,

127 1558 213 1610 patrem
235 1557 339 1593 nostrum
365 1547 513 1604 Franciscum,
536 1547 576 1609 qui
597 1547 660 1594 vadit
685 1548 712 1595 ad
732 1547 820 1594 celum?
862 1546 894 1592 Et

127 1613 203 1659 statim
220 1621 317 1657 sanctam
333 1611 393 1657 illius
405 1613 484 1667 anima,
500 1627 563 1656 carne
577 1612 659 1669 soluta,
670 1622 756 1672 patrem
769 1623 802 1658 est
819 1621 895 1658 secuta

127 1685 298 1723 sanctissimum.

9 1835 288 1931 [ncnxxrvqrattllsupplquo
307 1838 402 1878 sanctus
424 1838 489 1886 pater
511 1837 616 1887 apparuit
641 1835 731 1879 cuidam
753 1836 816 1879 fratri
843 1839 895 1888 post

196 1901 203 1929 l
254 1915 258 1924 .

236 1981 287 2030 lteri
308 1981 371 2027 fratri
392 1981 439 2029 vite
460 1980 576 2038 laudabilis
598 1992 653 2028 tunc
671 1982 780 2045 temporis
801 1983 896 2028 orationi

131 2066 239 2114 suspenso
255 2057 321 2093 nocte
339 2046 377 2094 illa
395 2058 418 2093 et
435 2047 490 2093 hora
508 2048 621 2110 gloriosus
638 2059 701 2111 pater
719 2065 832 2111 purpurea
849 2048 896 2095 dal-

131 2117 211 2162 matica
228 2114 323 2161 vestitus
342 2112 451 2174 apparuit,
469 2129 538 2174 quem
557 2113 624 2160 turba
642 2113 761 2160 hominurn
780 2115 897 2160 innumera

130 2179 288 2243 sequebantur.
321 2178 344 2222 A
365 2192 450 2238 quase
468 2176 560 2238 plurimi
578 2188 741 2240 sequestrantes
758 2179 816 2223 inter
833 2178 897 2240 plura

132 2262 175 2309 que
186 2261 239 2291 curn
248 2242 287 2288 illo
296 2239 364 2287 fratre
371 2240 476 2288 dixerunt
486 2260 492 2288 :
511 2252 654 2289 asseruerunt
663 2244 772 2290 vestitum
780 2243 897 2289 dalmatica

131 2327 179 2355 esse
189 2310 279 2354 beatum
290 2305 427 2352 francescum
440 2316 466 2353 ut
476 2323 499 2351 se
510 2307 655 2353 monstrabat.
689 2309 796 2355 Pervenit
806 2308 896 2354 tandem

131 2375 209 2421 beatus
230 2388 283 2419 cum
304 2370 342 2417 illa
363 2369 430 2416 turba
450 2370 546 2417 mirabili
567 2371 595 2417 ad
616 2373 755 2419 amenissima
775 2372 830 2430 loca,
853 2389 897 2435 que

131 2440 195 2501 aquis
222 2436 313 2498 irrigata
342 2434 481 2496 perliquidis,
508 2436 612 2481 omnium
639 2437 740 2483 virebant
767 2437 897 2499 graminum

131 2512 248 2551 venustate
266 2508 289 2546 et
306 2499 389 2545 florum
405 2499 485 2545 decore
501 2500 628 2547 venerantia
646 2500 752 2548 arborum
772 2501 840 2560 omni,
858 2501 898 2548 de-

131 2569 206 2615 litioso
221 2582 302 2631 genere
315 2564 465 2627 replebantur.
498 2565 554 2611 Erat
568 2564 598 2611 ibi
614 2566 722 2629 palatium
737 2566 898 2630 magnitudinis

132 2635 186 2680 mire
195 2650 219 2679 ac
227 2629 403 2694 pulchritudinis
410 2629 535 2693 singularis,
544 2631 608 2694 quod
618 2632 718 2678 alacriter
729 2632 813 2679 intrans
824 2649 898 2680 novus

133 2697 206 2743 accola
214 2695 260 2751 celi,
264 2712 316 2740 cum
324 2695 348 2739 in
356 2711 383 2739 eo
390 2693 468 2739 fratres
476 2695 585 2755 plurimos
594 2698 718 2757 reperisset,
723 2714 790 2758 super
798 2714 897 2743 mensam

38 2760 310 2833 F01,39v0splendidissime
328 2768 467 2821 preparatam
486 2769 509 2805 et
525 2759 592 2806 variis
610 2759 716 2807 refertam
733 2760 824 2818 deliciis,
841 2762 899 2823 cepit

134 2845 186 2875 cum
198 2827 244 2874 suis
254 2823 391 2872 delectaliter
402 2824 492 2886 epulari.
