1919 3169
296 55 455 102 LEGENDA
471 55 628 116 ANTIQUA
815 70 842 115 91

372 184 407 224 De
420 182 562 225 detractione

128 261 254 346 Demum
277 308 328 340 cum
350 293 437 339 animus
459 293 550 340 caritate
571 293 671 355 repletus
692 292 735 338 deo
756 290 898 346 odibilesraa]

82 360 151 417 odiat,
163 358 254 422 vigebat
265 359 327 405 istud
339 357 362 404 in
373 368 450 404 sancto
462 358 587 405 Francisco.
612 359 756 404 Detractores
766 357 851 421 quippe

82 442 149 487 super
159 425 221 470 aliud
232 423 368 469 vitiosorum
379 439 450 484 genus
462 423 599 469 horribiliter
615 439 726 477 execrans,
737 438 850 467 venenum

83 490 107 534 in
117 489 196 550 lingua
204 487 262 532 ferre
273 504 311 532 eos
322 487 417 543 dicebat,
428 487 527 550 aliosque
535 504 622 532 veneno
632 486 722 532 inficere
732 501 738 542 ;
755 486 852 548 ideoque

84 554 243 616 rumigerulos,
260 553 390 615 pulicesque
412 552 532 608 mordaces,
552 553 569 598 si
589 552 680 616 quando
698 551 853 614 loquerentur,

85 618 176 674 vitabat,
186 618 352 678 avertebatque,
364 627 433 677 prout
450 617 557 674 vidimus,
575 633 646 674 aures,
664 633 692 661 ne
709 617 748 662 tali
766 616 854 677 pollue-

85 693 148 729 retur
159 682 246 729 auditu.

134 746 238 791 Audiens
249 761 347 805 namque
357 746 425 788 semel
436 745 557 806 quemdam
569 743 660 788 fratrem
671 745 753 788 samam
765 744 856 788 alterius

88 808 209 871 denigrare,
229 822 349 854 conversus
368 808 396 853 ad
414 806 507 853 fratrem
523 808 618 854 Petrum
634 807 728 871 cathanij
746 806 856 852 vicarium

87 871 266 929 suum,terribile
273 871 507 920 hocintulitverbum:
519 872 714 935 Instantreligioni
721 872 857 929 discrimina,

89 938 130 985 nisi
139 937 304 984 detractoribus
312 938 417 983 obvietur
427 953 432 993 ;
451 938 495 984 cito
506 937 633 984 multorum
644 937 789 984 suavissimus
801 937 858 983 odor

88 1002 174 1056 fetebit,
186 1003 228 1045 nisi
239 1001 364 1047 fetidorum
375 1018 414 1046 ora
425 1003 563 1048 claudantur.
597 1003 674 1062 Surge,
687 1017 761 1062 surge,
771 1002 858 1046 discute

89 1064 209 1128 diligenter
230 1074 253 1112 et
275 1065 293 1111 si
315 1075 443 1112 accusatum
465 1064 557 1112 fratrem
579 1065 687 1127 repereris
709 1065 858 1120 innocentem,

89 1140 231 1178 accusantem
258 1130 315 1177 dura
341 1130 479 1177 correctione
509 1130 595 1177 cunctis
626 1132 695 1178 redde
728 1129 858 1177 notabilem.

90 1195 178 1253 Trude,
200 1195 287 1259 inquid,
310 1212 363 1242 eum
390 1195 414 1241 in
439 1212 519 1241 manus
543 1196 625 1259 pugilis
648 1195 771 1254 florentini,
792 1195 811 1241 si
833 1206 860 1241 tu

91 1261 137 1320 ipse
152 1261 232 1319 punire
249 1276 294 1304 non
312 1261 401 1319 poteris.
436 1262 528 1304 Summa
543 1261 597 1304 volo
616 1260 737 1319 prudentia
754 1275 818 1304 cures
833 1270 860 1304 tu

90 1333 113 1367 et
146 1338 224 1366 omnes
250 1322 360 1380 ministri,
381 1340 409 1368 ne
438 1321 530 1384 pestifer
557 1323 598 1369 iste
625 1322 718 1369 morbus
745 1323 812 1368 latius
838 1337 861 1368 se

92 1386 215 1433 diffundat.

140 1453 323 1514 Nonnumquam
339 1469 393 1499 vero
410 1469 471 1510 eum,
482 1452 522 1515 qui
534 1451 626 1498 fratrem
637 1468 705 1498 suurn
716 1451 775 1497 fame
791 1451 862 1515 gloria

92 1517 205 1577 spoliaret,
219 1516 331 1561 iudicabat
346 1516 424 1561 tunica
439 1516 581 1577 spoliandum
598 1533 639 1560 nec
654 1518 682 1560 ad
700 1517 768 1561 deum
785 1517 862 1561 oculos

93 1597 157 1643 posse
168 1579 248 1635 levare,
261 1580 303 1626 nisi
314 1581 377 1641 prius
391 1582 454 1643 quod
467 1579 589 1628 abstulerat
602 1580 711 1628 redderet.
746 1580 811 1626 Hinc
821 1590 863 1638 est,

93 1645 157 1709 quod
176 1643 255 1692 fratres
276 1644 336 1691 illius
357 1645 465 1708 temporis
486 1645 529 1693 hoc
550 1645 634 1693 vitium
656 1647 719 1709 quasi
740 1646 864 1708 specialiter

93 1711 228 1766 abiurantes,
252 1711 317 1755 firma
343 1727 420 1756 secum
447 1712 559 1756 sanctione
587 1721 722 1769 statuerunt,
750 1711 863 1773 quidquid

94 1775 191 1821 aliorum
212 1775 322 1821 honorem
341 1775 448 1832 demeret,
466 1775 502 1822 vel
521 1775 631 1837 probrum
650 1785 746 1833 sonaret,
763 1776 863 1822 studiose

94 1841 173 1887 vitare.

144 1905 214 1950 Recte
230 1913 252 1949 et
268 1903 354 1965 optime
370 1904 479 1966 quidem3
496 1905 552 1966 quid
569 1905 629 1949 enim
646 1905 765 1959 detractor,
778 1904 819 1950 nisi
834 1903 865 1949 fel

97 1969 224 2025 hominurn,
236 1968 335 2030 nequitie
347 1967 493 2023 fermentum,
505 1967 601 2013 dedecus
618 1967 692 2013 orbis?
728 1968 793 2019 Quid
810 1985 865 2013 vero

97 2031 212 2094 bilinguis,
230 2031 271 2076 nisi
289 2031 405 2093 religionis
422 2031 558 2089 scandalum,
576 2032 665 2078 claustri
682 2048 803 2089 venenum,
820 2033 866 2078 dis-

98 2097 182 2144 sidium
204 2095 312 2143 unitatis?
355 2096 424 2145 Heu!
452 2097 575 2143 Venenosis
598 2096 730 2143 animalibus
752 2096 867 2144 habundat

98 2162 225 2224 superficies
251 2171 317 2216 terre,
344 2178 385 2207 nec
411 2162 459 2207 fieri
492 2172 573 2223 potest,
600 2172 627 2208 ut
658 2162 783 2224 proborum
816 2163 867 2225 quis

98 2227 229 2272 emulorum
245 2242 333 2270 morsus
349 2226 445 2271 evadat?
478 2226 567 2270 Premia
582 2226 720 2271 delatoribus
736 2243 868 2288 proponun-

100 2301 138 2336 tur
164 2300 186 2335 et
213 2289 341 2335 innocentia
367 2288 469 2345 subruta,
496 2290 571 2352 palma
597 2290 734 2353 quandoque
760 2290 868 2337 tribuitur

100 2354 199 2401 falsitati.
258 2354 325 2409 Ecce,
357 2352 397 2399 ubi
434 2371 475 2401 sua
509 2355 604 2418 quisque
643 2355 718 2402 vivere
756 2356 868 2417 probitate

101 2437 147 2465 non
157 2430 240 2481 potest,
250 2419 346 2464 aliorum
357 2418 493 2480 probitatem
504 2420 613 2467 vastando
625 2420 712 2465 victum
727 2431 912 2481 promereturFol.
923 2436 945 2480 85

101 2495 124 2530 et
136 2495 215 2539 vestes,
226 2484 290 2529 iuxta
301 2484 363 2545 quod
378 2499 429 2543 sepe
446 2483 533 2530 dicebat
548 2493 637 2529 sanetus
654 2484 801 2531 Franciscus:
818 2486 870 2530 Vox

102 2548 234 2594 detractoris
250 2548 290 2592 hee
306 2557 356 2593 est:
372 2547 425 2592 Vite
443 2548 498 2593 mihi
516 2547 624 2608 perfectio
641 2548 710 2602 deest,
724 2549 820 2603 scientie,
834 2551 870 2594 vel

102 2612 219 2673 peculiaris
229 2611 299 2675 gratie
309 2610 403 2657 facultas
417 2628 463 2657 non
481 2613 579 2674 suppetit
599 2628 623 2657 ac
639 2628 678 2673 per
694 2611 737 2658 hoc
754 2630 794 2659 nec
810 2614 869 2676 apud

104 2677 173 2723 deum
183 2678 260 2724 locum
271 2676 368 2732 invenio,
381 2693 421 2721 nec
431 2677 491 2739 apud
503 2677 611 2724 homines.
645 2677 695 2723 Scio
706 2678 762 2741 quid
774 2679 853 2725 faciam
864 2698 869 2725 :

102 2757 186 2802 ponam
197 2742 307 2788 maculam
326 2742 349 2788 in
365 2740 440 2787 electis
456 2751 480 2787 et
496 2742 556 2803 apud
572 2742 667 2788 maiores
682 2743 778 2805 gratiam
794 2760 871 2806 prom-

104 2805 189 2852 erebor.
230 2806 280 2854 Scio
304 2807 415 2868 prelatum
434 2823 511 2854 meum
528 2807 644 2853 hominem
668 2824 728 2864 esse,
746 2809 871 2872 eodemque
