1919 3169
336 77 511 124 MIRACULA
757 90 799 135 113

41 177 130 222 Patrem
142 175 165 221 in
181 174 311 221 abscondito
326 172 438 220 exorabat.
471 173 516 219 Die
532 170 629 234 quadam
640 186 691 216 cum
708 170 803 217 orationi

40 240 123 285 devota
141 239 279 286 incumberet
301 248 369 300 atque
391 237 545 283 intentissimis
567 234 639 281 oculis
661 234 723 296 signa
744 249 804 279 sacra

41 304 180 368 perquireret
201 321 242 350 nec
263 302 401 366 aliquatenus
424 301 538 365 reperiret,
564 316 615 346 cum
643 297 721 345 dolore
748 298 805 360 cepit

41 370 183 416 vehementer
196 369 279 414 mirari.
313 367 356 413 Sed
373 381 418 412 non
429 367 512 412 mirum
526 366 544 412 si
561 365 584 410 in
596 364 685 426 pictura
701 378 747 408 non
758 371 805 408 erat

42 433 102 494 quod
114 433 186 495 pictor
202 433 313 478 omiserat.
347 431 390 476 Per
401 430 476 491 plures
493 430 540 476 dies
551 439 626 490 portat
637 427 694 473 illud
706 427 729 471 in
740 425 805 472 corde

42 512 82 542 suo
99 506 121 541 et
138 495 193 540 nulli
210 496 265 540 dicit
281 494 369 548 mulier,
383 493 511 554 frequenter
528 492 657 554 ymaginem
673 506 766 535 cernens
783 498 806 533 et

42 575 128 621 semper
140 557 219 604 dolens
229 576 236 615 3
252 568 274 603 et
290 575 338 604 ecce
351 556 426 603 subito
438 557 473 603 die
482 556 578 621 quadam
589 556 653 618 signa
664 554 701 601 illa
711 552 805 599 mirifica

41 624 65 669 in
73 623 176 669 manibus
184 633 341 685 apparuerunt,
349 621 417 669 velud
425 622 448 666 in
457 622 505 668 aliis
513 621 655 685 ymaginibus
663 619 717 683 poni
725 616 804 676 solent,

43 689 126 734 virtute
137 688 213 732 divina
224 688 343 749 supplente
354 688 415 750 quod
426 687 524 733 humana
534 685 607 732 fuerat
615 695 661 731 arte
670 683 805 749 neglectum.

90 751 231 797 Tremefaeta
246 752 326 796 mulier
338 762 360 796 et
377 750 472 796 nimium
483 751 597 806 admirata,
609 750 729 796 confestim
740 749 768 794 ad
785 765 808 792 se

42 815 110 861 filiam
121 824 194 872 vocat,
206 831 250 877 que
266 824 361 861 matrem
372 824 448 860 sancto
464 814 581 876 proposito
595 812 737 875 sequebatur,
748 822 771 858 et
788 811 808 856 ei

43 878 105 942 quod
120 878 206 925 factum
222 877 294 925 fuerat
310 879 415 935 indicans,
429 879 549 942 diligenter
565 878 674 942 perquirit
690 878 708 924 si
725 876 808 940 absque

44 943 187 1006 stigmatibus
198 959 270 1005 usque
285 959 344 989 nunc
356 943 484 1006 ymaginem
497 944 586 990 viderit.
619 943 724 989 Affirmat
734 942 809 1005 puella

44 1019 67 1053 et
82 1009 140 1053 iurat
150 1008 181 1052 sic
198 1006 252 1052 olim
270 1008 316 1052 sine
332 1007 473 1068 stigmatibus
484 1007 560 1062 fuisse,
573 1017 595 1052 et
611 1023 671 1052 nunc
688 1023 739 1052 vere
756 1021 808 1050 cum

44 1069 185 1133 stigmatibus
201 1085 313 1131 apparere.
346 1069 433 1115 Verum
445 1070 499 1133 quia
515 1087 578 1115 mens
595 1068 692 1115 humana
705 1068 808 1131 semetip-

44 1152 91 1182 sam
113 1133 244 1198 frequenter
266 1133 361 1197 impellit
382 1145 408 1181 ut
429 1135 492 1182 cadat
513 1145 535 1182 et
557 1145 646 1182 revocat
669 1135 692 1181 in
713 1133 810 1181 dubium

45 1201 168 1257 veritatem,
182 1199 293 1245 subintrat
310 1199 392 1245 iterum
409 1200 471 1246 cordi
488 1200 589 1245 mulieris
605 1200 718 1246 dubitatio
735 1200 810 1255 noxia,

46 1282 74 1309 ne
87 1262 144 1309 forte
161 1263 192 1309 sic
203 1263 281 1308 fuisset
298 1280 404 1324 ymagoa
420 1263 531 1325 principio
548 1264 683 1325 consignata.
716 1266 750 1308 At
766 1264 810 1308 Dei

45 1328 124 1384 virtus,
147 1342 174 1372 ne
195 1326 294 1388 primum
316 1336 497 1389 contempnatur,
520 1326 654 1373 miraculum
682 1326 745 1373 addit
774 1334 807 1373 2¹¹¹.

45 1391 160 1437 Continuo
172 1407 267 1453 namque
281 1390 443 1452 disparentibus
460 1391 504 1437 illis
513 1392 583 1453 signis
595 1391 678 1438 nudata
688 1389 811 1454 privilegiis

46 1472 126 1519 ymago
147 1457 259 1512 remansit,
282 1465 307 1501 ut
329 1472 369 1518 per
390 1471 485 1518 sequens
507 1456 597 1519 signum
622 1455 727 1518 probatio
748 1456 811 1502 fieret

46 1521 190 1582 precedentis.
224 1520 278 1566 Vidi
294 1520 418 1565 maritatam
435 1520 490 1566 hanc
507 1521 628 1566 virtutibus
642 1522 737 1582 plenam,
754 1520 810 1575 vidi,

47 1583 123 1641 fateor,
134 1584 175 1628 sub
187 1584 279 1628 seculari
290 1593 351 1628 veste
362 1584 462 1628 animum
474 1584 565 1629 Christo
576 1585 627 1630 Deo
638 1593 798 1629 consecratum.

97 1648 125 1693 ln
152 1658 241 1693 tanturn
270 1646 297 1692 ab
327 1648 376 1708 ipso
405 1648 527 1694 nativitatis
553 1649 646 1695 exordio
672 1647 810 1695 sensualibus

48 1712 181 1759 rudimentis
222 1722 245 1758 et
284 1711 367 1774 grossis
406 1710 575 1758 fantasmatibus
617 1714 713 1759 humana
753 1713 810 1758 ratio

49 1775 154 1833 irretitur,
184 1787 210 1823 ut
239 1776 404 1840 ymaginatione
436 1777 554 1839 fluctivaga
583 1778 689 1842 quicquid
719 1777 808 1824 creden-

49 1840 105 1886 dum
137 1852 170 1887 est
205 1852 298 1904 cogatur
335 1841 470 1904 quandoque
506 1843 530 1887 in
568 1842 663 1888 dubium
700 1858 808 1889 revocare.

50 1905 145 1965 Propter
161 1906 223 1967 quod
240 1921 286 1950 non
303 1905 372 1950 modo
391 1915 518 1950 sanctorum
536 1915 598 1966 gesta
614 1905 705 1951 mirifica
722 1904 812 1950 difficile

50 1968 168 2024 eredimus,
185 1968 224 2014 sed
241 1969 375 2031 plerumque
396 1968 420 2014 in
442 1968 508 2014 rebus
529 1969 605 2014 salutis
623 1969 707 2015 multos
728 1969 812 2032 patitur

51 2032 123 2079 obices
150 2034 197 2095 ipsa
218 2034 279 2079 fides.
323 2034 400 2078 Frater
427 2035 487 2079 enim
509 2034 600 2097 quidam
627 2034 705 2080 ordine
731 2034 812 2090 minor,

51 2097 124 2143 officio
135 2098 267 2159 predicator,
279 2098 326 2143 vita
341 2097 477 2160 sollempnis,
489 2099 524 2144 cui
536 2098 627 2144 firmiter
638 2108 683 2144 erat
694 2097 722 2144 de
733 2100 812 2145 sanctis
829 2120 912 2167 F01.43¹⁰

52 2161 194 2223 stigmatibus
208 2179 345 2223 persuasum,
357 2163 413 2207 dum
425 2164 460 2207 vel
472 2173 577 2208 consueta
593 2163 694 2224 sequitur
704 2164 740 2208 vel
752 2174 813 2209 extra

52 2224 152 2281 miratur,
172 2226 249 2287 incipit
271 2227 299 2272 de
320 2226 390 2272 sancti
412 2226 518 2272 miraculo
539 2226 685 2273 dubitationis
707 2226 813 2288 scrupulo

51 2289 143 2336 titillari.
176 2290 271 2337 Videres
281 2305 380 2353 pugnam
389 2289 412 2336 in
424 2307 466 2337 suo
476 2290 550 2336 animo
561 2289 712 2346 constitutam,
721 2290 815 2338 defend-

53 2365 103 2400 ente
119 2355 205 2402 ratione
220 2355 321 2402 veritatis
337 2365 429 2416 partem,
443 2356 558 2418 ingerente
575 2372 661 2417 semper
677 2357 813 2403 contrarium

53 2417 152 2465 fantasia.
187 2420 256 2466 Ponit
272 2419 329 2466 ratio
346 2419 422 2465 multis
438 2420 585 2466 amminiculis
602 2421 703 2466 coadiuta
719 2422 750 2466 sic
766 2438 813 2467 esse

54 2492 80 2526 ut
91 2482 172 2528 dicitur
188 2494 210 2530 et
221 2499 272 2529 cum
283 2493 354 2528 cetera
365 2484 484 2529 deficerent
495 2485 614 2539 inductiva,
623 2484 707 2530 credite
718 2501 730 2529 a
740 2494 814 2530 sancta

55 2545 153 2592 Ecclesia
169 2547 273 2594 innititur
292 2548 388 2594 veritati.
433 2548 558 2594 Coniurant
574 2565 601 2595 ex
617 2548 721 2611 opposito
737 2549 815 2594 umbre

54 2612 163 2658 sensuales
178 2614 284 2659 adversus
300 2612 440 2668 miraculum,
451 2613 514 2675 quod
525 2624 547 2659 et
561 2613 604 2659 toti
620 2613 722 2660 videatur
737 2625 814 2659 nature

54 2677 189 2724 contrarium
208 2687 231 2723 et
249 2677 353 2724 omnibus
375 2677 453 2723 seculis
472 2677 604 2725 inauditum.
639 2677 748 2730 Quodam
765 2695 814 2725 sero

54 2738 159 2802 fatigatus
188 2744 228 2789 hac
258 2742 323 2797 lucta,
354 2741 483 2788 cubiculum
513 2743 586 2799 intrat,
615 2741 711 2788 debilem
741 2759 816 2788 secum

54 2805 166 2862 perferens
192 2806 308 2861 rationem,
336 2805 431 2868 rigidam
459 2806 528 2869 magis
555 2806 690 2868 proterviam
718 2804 814 2853 fantasie.

429 2887 444 2914 u
