<?xml version="1.0" encoding="UTF-8"?>
<!DOCTYPE html PUBLIC "-//W3C//DTD XHTML 1.0 Transitional//EN"
    "http://www.w3.org/TR/xhtml1/DTD/xhtml1-transitional.dtd">
<html xmlns="http://www.w3.org/1999/xhtml" xml:lang="en" lang="en">
 <head>
  <title>
</title>
<meta http-equiv="Content-Type" content="text/html;charset=utf-8" />
  <meta name='ocr-system' content='tesseract 3.04.00' />
  <meta name='ocr-capabilities' content='ocr_page ocr_carea ocr_par ocr_line ocrx_word'/>
</head>
<body>
  <div class='ocr_page' id='page_1' title='image "./MN5146ucmf_4_0198.png"; bbox 0 0 1919 3169; ppageno 0'>
   <div class='ocr_carea' id='block_1_1' title="bbox 112 67 663 129">
    <p class='ocr_par' dir='ltr' id='par_1_1' title="bbox 112 67 663 129">
     <span class='ocr_line' id='line_1_1' title="bbox 112 67 663 129; baseline -0.002 -14"><span class='ocrx_word' id='word_1_1' title='bbox 112 83 140 128; x_wconf 82' lang='lat'>32</span> <span class='ocrx_word' id='word_1_2' title='bbox 327 67 487 115; x_wconf 72' lang='lat' dir='ltr'>suasurus</span> <span class='ocrx_word' id='word_1_3' title='bbox 504 67 663 129; x_wconf 72' lang='lat' dir='ltr'>numqua</span> 
     </span>
    </p>
   </div>
   <div class='ocr_carea' id='block_1_2' title="bbox 99 164 946 1453">
    <p class='ocr_par' dir='ltr' id='par_1_2' title="bbox 111 164 877 230">
     <span class='ocr_line' id='line_1_2' title="bbox 111 164 877 230; baseline 0 -19"><span class='ocrx_word' id='word_1_4' title='bbox 111 166 258 230; x_wconf 90' lang='lat' dir='ltr'>equitandum</span> <span class='ocrx_word' id='word_1_5' title='bbox 275 164 375 212; x_wconf 85' lang='lat' dir='ltr'>obtinuit</span> <span class='ocrx_word' id='word_1_6' title='bbox 391 165 495 220; x_wconf 82' lang='lat' dir='ltr'>asinum3</span> <span class='ocrx_word' id='word_1_7' title='bbox 513 179 609 228; x_wconf 84' lang='lat' dir='ltr'>cumque</span> <span class='ocrx_word' id='word_1_8' title='bbox 622 164 702 209; x_wconf 90' lang='lat' dir='ltr'>diebus</span> <span class='ocrx_word' id='word_1_9' title='bbox 716 166 792 211; x_wconf 78' lang='lat' dir='ltr'>estivis</span> <span class='ocrx_word' id='word_1_10' title='bbox 802 166 877 211; x_wconf 90' lang='lat' dir='ltr'>virum</span> 
     </span>
    </p>

    <p class='ocr_par' dir='ltr' id='par_1_3' title="bbox 99 229 879 550">
     <span class='ocr_line' id='line_1_3' title="bbox 99 229 879 296; baseline -0.001 -18"><span class='ocrx_word' id='word_1_11' title='bbox 99 231 148 286; x_wconf 52' lang='lat' dir='ltr'>,dei</span> <span class='ocrx_word' id='word_1_12' title='bbox 165 230 281 296; x_wconf 87' lang='lat' dir='ltr'>sequendo</span> <span class='ocrx_word' id='word_1_13' title='bbox 298 240 440 277; x_wconf 79' lang='lat' dir='ltr'>montaneam</span> <span class='ocrx_word' id='word_1_14' title='bbox 461 229 621 276; x_wconf 85' lang='lat' dir='ltr'>conscenderet</span> <span class='ocrx_word' id='word_1_15' title='bbox 638 230 740 286; x_wconf 89' lang='lat' dir='ltr'>rusticus,</span> <span class='ocrx_word' id='word_1_16' title='bbox 761 232 879 292; x_wconf 83' lang='lat' dir='ltr'>asperioris</span> 
     </span>
     <span class='ocr_line' id='line_1_4' title="bbox 112 294 878 360; baseline -0.001 -17"><span class='ocrx_word' id='word_1_17' title='bbox 112 308 134 343; x_wconf 88' lang='lat' dir='ltr'>et</span> <span class='ocrx_word' id='word_1_18' title='bbox 153 296 260 360; x_wconf 81' lang='lat' dir='ltr'>longioris</span> <span class='ocrx_word' id='word_1_19' title='bbox 279 297 314 344; x_wconf 91' lang='lat' dir='ltr'>vie</span> <span class='ocrx_word' id='word_1_20' title='bbox 332 296 409 342; x_wconf 88' lang='lat' dir='ltr'>itinere</span> <span class='ocrx_word' id='word_1_21' title='bbox 428 294 544 358; x_wconf 83' lang='lat' dir='ltr'>fatigatus,</span> <span class='ocrx_word' id='word_1_22' title='bbox 563 304 683 358; x_wconf 77' lang='lat' dir='ltr'>antequam</span> <span class='ocrx_word' id='word_1_23' title='bbox 704 296 832 356; x_wconf 86' lang='lat' dir='ltr'>perveniret</span> <span class='ocrx_word' id='word_1_24' title='bbox 850 296 878 342; x_wconf 94' lang='lat' dir='ltr'>ad</span> 
     </span>
     <span class='ocr_line' id='line_1_5' title="bbox 112 358 878 419; baseline -0.001 -13"><span class='ocrx_word' id='word_1_25' title='bbox 112 361 196 418; x_wconf 89' lang='lat' dir='ltr'>locum,</span> <span class='ocrx_word' id='word_1_26' title='bbox 208 361 286 406; x_wconf 90' lang='lat' dir='ltr'>ardore</span> <span class='ocrx_word' id='word_1_27' title='bbox 297 360 345 404; x_wconf 89' lang='lat' dir='ltr'>sitis</span> <span class='ocrx_word' id='word_1_28' title='bbox 357 359 431 403; x_wconf 86' lang='lat' dir='ltr'>deficit</span> <span class='ocrx_word' id='word_1_29' title='bbox 442 369 464 403; x_wconf 90' lang='lat' dir='ltr'>et</span> <span class='ocrx_word' id='word_1_30' title='bbox 475 360 572 405; x_wconf 89' lang='lat' dir='ltr'>lassatur.</span> <span class='ocrx_word' id='word_1_31' title='bbox 608 358 696 404; x_wconf 87' lang='lat' dir='ltr'>Clamat</span> <span class='ocrx_word' id='word_1_32' title='bbox 710 369 769 419; x_wconf 84' lang='lat' dir='ltr'>post·</span> <span class='ocrx_word' id='word_1_33' title='bbox 778 370 878 406; x_wconf 87' lang='lat' dir='ltr'>sanctum</span> 
     </span>
     <span class='ocr_line' id='line_1_6' title="bbox 112 422 878 480; baseline -0.001 -11"><span class='ocrx_word' id='word_1_34' title='bbox 112 424 220 471; x_wconf 87' lang='lat' dir='ltr'>instanter</span> <span class='ocrx_word' id='word_1_35' title='bbox 234 432 257 469; x_wconf 90' lang='lat' dir='ltr'>et</span> <span class='ocrx_word' id='word_1_36' title='bbox 274 432 299 469; x_wconf 92' lang='lat' dir='ltr'>ut</span> <span class='ocrx_word' id='word_1_37' title='bbox 316 422 350 468; x_wconf 91' lang='lat' dir='ltr'>sui</span> <span class='ocrx_word' id='word_1_38' title='bbox 368 422 505 478; x_wconf 83' lang='lat' dir='ltr'>misereatur,</span> <span class='ocrx_word' id='word_1_39' title='bbox 519 431 611 478; x_wconf 81' lang='lat' dir='ltr'>exorat3</span> <span class='ocrx_word' id='word_1_40' title='bbox 628 422 685 468; x_wconf 89' lang='lat' dir='ltr'>mori</span> <span class='ocrx_word' id='word_1_41' title='bbox 702 439 726 468; x_wconf 88' lang='lat' dir='ltr'>se</span> <span class='ocrx_word' id='word_1_42' title='bbox 741 424 823 480; x_wconf 85' lang='lat' dir='ltr'>asserit,</span> <span class='ocrx_word' id='word_1_43' title='bbox 837 424 878 468; x_wconf 93' lang='lat' dir='ltr'>nisi</span> 
     </span>
     <span class='ocr_line' id='line_1_7' title="bbox 113 486 538 550; baseline -0.002 -14"><span class='ocrx_word' id='word_1_44' title='bbox 113 490 206 536; x_wconf 89' lang='lat' dir='ltr'>alicuius</span> <span class='ocrx_word' id='word_1_45' title='bbox 216 487 292 550; x_wconf 87' lang='lat' dir='ltr'>poculi</span> <span class='ocrx_word' id='word_1_46' title='bbox 303 486 410 533; x_wconf 87' lang='lat' dir='ltr'>beneficio</span> <span class='ocrx_word' id='word_1_47' title='bbox 421 497 538 535; x_wconf 82' lang='lat' dir='ltr'>recreetur.</span> 
     </span>
    </p>

    <p class='ocr_par' dir='ltr' id='par_1_4' title="bbox 112 551 946 938">
     <span class='ocr_line' id='line_1_8' title="bbox 160 551 946 615; baseline 0 -16"><span class='ocrx_word' id='word_1_48' title='bbox 160 555 254 599; x_wconf 88' lang='lat' dir='ltr'>Sanctus</span> <span class='ocrx_word' id='word_1_49' title='bbox 270 552 307 598; x_wconf 91' lang='lat' dir='ltr'>dei</span> <span class='ocrx_word' id='word_1_50' title='bbox 323 553 362 614; x_wconf 95' lang='lat' dir='ltr'>qui</span> <span class='ocrx_word' id='word_1_51' title='bbox 375 551 463 598; x_wconf 86' lang='lat' dir='ltr'>afflictis</span> <span class='ocrx_word' id='word_1_52' title='bbox 480 568 567 613; x_wconf 85' lang='lat' dir='ltr'>semper</span> <span class='ocrx_word' id='word_1_53' title='bbox 582 561 629 597; x_wconf 87' lang='lat' dir='ltr'>erat</span> <span class='ocrx_word' id='word_1_54' title='bbox 639 553 782 613; x_wconf 87' lang='lat' dir='ltr'>compatiens,</span> <span class='ocrx_word' id='word_1_55' title='bbox 794 552 878 615; x_wconf 86' lang='lat' dir='ltr'>absque</span> <span class='ocrx_word' id='word_1_56' title='bbox 944 579 946 592; x_wconf 57' lang='lat' dir='ltr'>r</span> 
     </span>
     <span class='ocr_line' id='line_1_9' title="bbox 114 615 879 680; baseline -0.001 -15"><span class='ocrx_word' id='word_1_57' title='bbox 114 634 180 676; x_wconf 82' lang='lat' dir='ltr'>mora,</span> <span class='ocrx_word' id='word_1_58' title='bbox 190 616 292 680; x_wconf 88' lang='lat' dir='ltr'>proslivit</span> <span class='ocrx_word' id='word_1_59' title='bbox 299 616 327 664; x_wconf 91' lang='lat' dir='ltr'>de</span> <span class='ocrx_word' id='word_1_60' title='bbox 334 616 395 663; x_wconf 91' lang='lat' dir='ltr'>asino</span> <span class='ocrx_word' id='word_1_61' title='bbox 403 626 425 662; x_wconf 85' lang='lat' dir='ltr'>et</span> <span class='ocrx_word' id='word_1_62' title='bbox 432 616 481 662; x_wconf 83' lang='lat' dir='ltr'>fixis</span> <span class='ocrx_word' id='word_1_63' title='bbox 488 617 511 662; x_wconf 93' lang='lat' dir='ltr'>in</span> <span class='ocrx_word' id='word_1_64' title='bbox 518 626 577 662; x_wconf 88' lang='lat' dir='ltr'>terra</span> <span class='ocrx_word' id='word_1_65' title='bbox 584 615 685 679; x_wconf 80' lang='lat' dir='ltr'>genibus,</span> <span class='ocrx_word' id='word_1_66' title='bbox 692 616 776 679; x_wconf 88' lang='lat' dir='ltr'>palmas</span> <span class='ocrx_word' id='word_1_67' title='bbox 783 618 879 665; x_wconf 89' lang='lat' dir='ltr'>tetendit</span> 
     </span>
     <span class='ocr_line' id='line_1_10' title="bbox 113 682 877 739; baseline 0.001 -11"><span class='ocrx_word' id='word_1_68' title='bbox 113 684 141 728; x_wconf 92' lang='lat' dir='ltr'>ad</span> <span class='ocrx_word' id='word_1_69' title='bbox 163 684 243 739; x_wconf 83' lang='lat' dir='ltr'>celum,</span> <span class='ocrx_word' id='word_1_70' title='bbox 264 698 327 726; x_wconf 89' lang='lat' dir='ltr'>orare</span> <span class='ocrx_word' id='word_1_71' title='bbox 349 698 395 726; x_wconf 93' lang='lat' dir='ltr'>non</span> <span class='ocrx_word' id='word_1_72' title='bbox 417 698 508 736; x_wconf 86' lang='lat' dir='ltr'>cessans,</span> <span class='ocrx_word' id='word_1_73' title='bbox 530 683 602 727; x_wconf 92' lang='lat' dir='ltr'>donec</span> <span class='ocrx_word' id='word_1_74' title='bbox 624 698 647 726; x_wconf 89' lang='lat' dir='ltr'>se</span> <span class='ocrx_word' id='word_1_75' title='bbox 669 682 737 727; x_wconf 87' lang='lat' dir='ltr'>sensit</span> <span class='ocrx_word' id='word_1_76' title='bbox 758 683 877 729; x_wconf 89' lang='lat' dir='ltr'>auditum:</span> 
     </span>
     <span class='ocr_line' id='line_1_11' title="bbox 113 744 877 808; baseline -0.003 -15"><span class='ocrx_word' id='word_1_77' title='bbox 113 748 208 801; x_wconf 84' lang='lat' dir='ltr'>Festina,</span> <span class='ocrx_word' id='word_1_78' title='bbox 223 747 297 808; x_wconf 92' lang='lat' dir='ltr'>inquit</span> <span class='ocrx_word' id='word_1_79' title='bbox 313 746 341 791; x_wconf 90' lang='lat' dir='ltr'>ad</span> <span class='ocrx_word' id='word_1_80' title='bbox 352 746 463 790; x_wconf 90' lang='lat' dir='ltr'>rusticum</span> <span class='ocrx_word' id='word_1_81' title='bbox 480 755 502 790; x_wconf 91' lang='lat' dir='ltr'>et</span> <span class='ocrx_word' id='word_1_82' title='bbox 519 744 563 790; x_wconf 92' lang='lat' dir='ltr'>illic</span> <span class='ocrx_word' id='word_1_83' title='bbox 580 761 660 808; x_wconf 92' lang='lat' dir='ltr'>aquam</span> <span class='ocrx_word' id='word_1_84' title='bbox 680 745 754 791; x_wconf 84' lang='lat' dir='ltr'>vivam</span> <span class='ocrx_word' id='word_1_85' title='bbox 772 746 877 803; x_wconf 84' lang='lat' dir='ltr'>invenies,</span> 
     </span>
     <span class='ocr_line' id='line_1_12' title="bbox 113 808 879 875; baseline 0 -18"><span class='ocrx_word' id='word_1_86' title='bbox 113 827 180 875; x_wconf 89' lang='lat' dir='ltr'>quam</span> <span class='ocrx_word' id='word_1_87' title='bbox 196 810 237 856; x_wconf 85' lang='lat' dir='ltr'>tibi</span> <span class='ocrx_word' id='word_1_88' title='bbox 254 811 295 856; x_wconf 87' lang='lat' dir='ltr'>hac</span> <span class='ocrx_word' id='word_1_89' title='bbox 307 810 362 856; x_wconf 86' lang='lat' dir='ltr'>hora</span> <span class='ocrx_word' id='word_1_90' title='bbox 374 808 548 855; x_wconf 86' lang='lat' dir='ltr'>misericorditer</span> <span class='ocrx_word' id='word_1_91' title='bbox 559 809 661 867; x_wconf 79' lang='lat' dir='ltr'>christus,</span> <span class='ocrx_word' id='word_1_92' title='bbox 674 809 701 855; x_wconf 90' lang='lat' dir='ltr'>de</span> <span class='ocrx_word' id='word_1_93' title='bbox 718 810 790 872; x_wconf 91' lang='lat' dir='ltr'>lapide</span> <span class='ocrx_word' id='word_1_94' title='bbox 802 811 879 857; x_wconf 87' lang='lat' dir='ltr'>biben-</span> 
     </span>
     <span class='ocr_line' id='line_1_13' title="bbox 112 875 290 938; baseline -0.022 -14"><span class='ocrx_word' id='word_1_95' title='bbox 112 878 164 924; x_wconf 87' lang='lat' dir='ltr'>dam</span> <span class='ocrx_word' id='word_1_96' title='bbox 175 875 290 938; x_wconf 87' lang='lat' dir='ltr'>produxit.</span> 
     </span>
    </p>

    <p class='ocr_par' dir='ltr' id='par_1_5' title="bbox 113 938 881 1453">
     <span class='ocr_line' id='line_1_14' title="bbox 160 938 880 1001; baseline -0.001 -14"><span class='ocrx_word' id='word_1_97' title='bbox 160 940 274 1001; x_wconf 86' lang='lat' dir='ltr'>Stupenda</span> <span class='ocrx_word' id='word_1_98' title='bbox 293 938 329 984; x_wconf 90' lang='lat' dir='ltr'>dei</span> <span class='ocrx_word' id='word_1_99' title='bbox 348 938 457 1000; x_wconf 77' lang='lat' dir='ltr'>dignatio,</span> <span class='ocrx_word' id='word_1_100' title='bbox 476 954 543 1001; x_wconf 88' lang='lat' dir='ltr'>quam</span> <span class='ocrx_word' id='word_1_101' title='bbox 563 938 631 983; x_wconf 85' lang='lat' dir='ltr'>servis</span> <span class='ocrx_word' id='word_1_102' title='bbox 649 938 695 983; x_wconf 92' lang='lat' dir='ltr'>suis</span> <span class='ocrx_word' id='word_1_103' title='bbox 712 948 758 984; x_wconf 89' lang='lat' dir='ltr'>tam</span> <span class='ocrx_word' id='word_1_104' title='bbox 776 938 841 986; x_wconf 84' lang='lat' dir='ltr'>facile</span> <span class='ocrx_word' id='word_1_105' title='bbox 858 957 880 985; x_wconf 89' lang='lat' dir='ltr'>se</span> 
     </span>
     <span class='ocr_line' id='line_1_15' title="bbox 113 1002 881 1064; baseline 0.001 -16"><span class='ocrx_word' id='word_1_106' title='bbox 113 1003 219 1049; x_wconf 82' lang='lat' dir='ltr'>inclinat!</span> <span class='ocrx_word' id='word_1_107' title='bbox 253 1002 314 1047; x_wconf 84' lang='lat' dir='ltr'>Bibit</span> <span class='ocrx_word' id='word_1_108' title='bbox 324 1003 422 1047; x_wconf 87' lang='lat' dir='ltr'>rusticus</span> <span class='ocrx_word' id='word_1_109' title='bbox 436 1018 518 1064; x_wconf 91' lang='lat' dir='ltr'>aquam</span> <span class='ocrx_word' id='word_1_110' title='bbox 533 1002 560 1046; x_wconf 85' lang='lat' dir='ltr'>de</span> <span class='ocrx_word' id='word_1_111' title='bbox 576 1012 644 1062; x_wconf 84' lang='lat' dir='ltr'>petra,</span> <span class='ocrx_word' id='word_1_112' title='bbox 658 1003 741 1047; x_wconf 89' lang='lat' dir='ltr'>orantis</span> <span class='ocrx_word' id='word_1_113' title='bbox 757 1005 842 1048; x_wconf 87' lang='lat' dir='ltr'>virtute</span> <span class='ocrx_word' id='word_1_114' title='bbox 859 1015 881 1049; x_wconf 93' lang='lat' dir='ltr'>et</span> 
     </span>
     <span class='ocr_line' id='line_1_16' title="bbox 113 1065 880 1130; baseline -0.001 -16"><span class='ocrx_word' id='word_1_115' title='bbox 113 1068 222 1130; x_wconf 89' lang='lat' dir='ltr'>poculum</span> <span class='ocrx_word' id='word_1_116' title='bbox 233 1067 306 1113; x_wconf 89' lang='lat' dir='ltr'>hausit</span> <span class='ocrx_word' id='word_1_117' title='bbox 318 1066 346 1112; x_wconf 91' lang='lat' dir='ltr'>de</span> <span class='ocrx_word' id='word_1_118' title='bbox 357 1081 408 1112; x_wconf 81' lang='lat' dir='ltr'>saxo</span> <span class='ocrx_word' id='word_1_119' title='bbox 426 1065 555 1113; x_wconf 87' lang='lat' dir='ltr'>durissimo.</span> <span class='ocrx_word' id='word_1_120' title='bbox 588 1066 654 1129; x_wconf 88' lang='lat' dir='ltr'>Aque</span> <span class='ocrx_word' id='word_1_121' title='bbox 672 1065 780 1112; x_wconf 89' lang='lat' dir='ltr'>decursus</span> <span class='ocrx_word' id='word_1_122' title='bbox 798 1066 880 1114; x_wconf 89' lang='lat' dir='ltr'>ibidem</span> 
     </span>
     <span class='ocr_line' id='line_1_17' title="bbox 113 1129 881 1196; baseline -0.003 -16"><span class='ocrx_word' id='word_1_123' title='bbox 113 1143 165 1180; x_wconf 85' lang='lat' dir='ltr'>ante</span> <span class='ocrx_word' id='word_1_124' title='bbox 187 1149 233 1180; x_wconf 89' lang='lat' dir='ltr'>non</span> <span class='ocrx_word' id='word_1_125' title='bbox 255 1130 306 1187; x_wconf 88' lang='lat' dir='ltr'>fuit,</span> <span class='ocrx_word' id='word_1_126' title='bbox 328 1147 374 1186; x_wconf 87' lang='lat' dir='ltr'>nec,</span> <span class='ocrx_word' id='word_1_127' title='bbox 393 1140 420 1177; x_wconf 92' lang='lat' dir='ltr'>ut</span> <span class='ocrx_word' id='word_1_128' title='bbox 442 1141 476 1176; x_wconf 83' lang='lat' dir='ltr'>est</span> <span class='ocrx_word' id='word_1_129' title='bbox 497 1129 617 1194; x_wconf 82' lang='lat' dir='ltr'>diligenter</span> <span class='ocrx_word' id='word_1_130' title='bbox 639 1131 757 1195; x_wconf 89' lang='lat' dir='ltr'>quesitum,</span> <span class='ocrx_word' id='word_1_131' title='bbox 777 1132 881 1196; x_wconf 88' lang='lat' dir='ltr'>deinceps</span> 
     </span>
     <span class='ocr_line' id='line_1_18' title="bbox 114 1196 881 1260; baseline -0.001 -15"><span class='ocrx_word' id='word_1_132' title='bbox 114 1199 190 1260; x_wconf 86' lang='lat' dir='ltr'>potuit</span> <span class='ocrx_word' id='word_1_133' title='bbox 214 1197 316 1244; x_wconf 84' lang='lat' dir='ltr'>inveniri.</span> <span class='ocrx_word' id='word_1_134' title='bbox 351 1196 416 1248; x_wconf 91' lang='lat' dir='ltr'>Quid</span> <span class='ocrx_word' id='word_1_135' title='bbox 438 1196 528 1254; x_wconf 84' lang='lat' dir='ltr'>mirum,</span> <span class='ocrx_word' id='word_1_136' title='bbox 551 1196 569 1241; x_wconf 90' lang='lat' dir='ltr'>si</span> <span class='ocrx_word' id='word_1_137' title='bbox 591 1207 668 1242; x_wconf 88' lang='lat' dir='ltr'>sancto</span> <span class='ocrx_word' id='word_1_138' title='bbox 691 1197 777 1258; x_wconf 85' lang='lat' dir='ltr'>spiritu,</span> <span class='ocrx_word' id='word_1_139' title='bbox 801 1198 881 1260; x_wconf 91' lang='lat' dir='ltr'>plenus</span> 
     </span>
     <span class='ocr_line' id='line_1_19' title="bbox 113 1261 881 1322; baseline 0.001 -16"><span class='ocrx_word' id='word_1_140' title='bbox 113 1263 227 1308; x_wconf 88' lang='lat' dir='ltr'>iustorum</span> <span class='ocrx_word' id='word_1_141' title='bbox 244 1262 347 1306; x_wconf 89' lang='lat' dir='ltr'>omnium</span> <span class='ocrx_word' id='word_1_142' title='bbox 364 1270 502 1322; x_wconf 87' lang='lat' dir='ltr'>representat</span> <span class='ocrx_word' id='word_1_143' title='bbox 516 1261 539 1305; x_wconf 87' lang='lat' dir='ltr'>in</span> <span class='ocrx_word' id='word_1_144' title='bbox 555 1277 577 1305; x_wconf 91' lang='lat' dir='ltr'>se</span> <span class='ocrx_word' id='word_1_145' title='bbox 592 1270 653 1321; x_wconf 83' lang='lat' dir='ltr'>gesta</span> <span class='ocrx_word' id='word_1_146' title='bbox 670 1261 784 1306; x_wconf 86' lang='lat' dir='ltr'>miranda?</span> <span class='ocrx_word' id='word_1_147' title='bbox 820 1263 881 1307; x_wconf 89' lang='lat' dir='ltr'>Nam</span> 
     </span>
     <span class='ocr_line' id='line_1_20' title="bbox 114 1324 879 1392; baseline 0 -19"><span class='ocrx_word' id='word_1_148' title='bbox 114 1327 153 1392; x_wconf 90' lang='lat' dir='ltr'>qui</span> <span class='ocrx_word' id='word_1_149' title='bbox 165 1324 263 1391; x_wconf 88' lang='lat' dir='ltr'>specialis</span> <span class='ocrx_word' id='word_1_150' title='bbox 274 1325 345 1388; x_wconf 85' lang='lat' dir='ltr'>gratie</span> <span class='ocrx_word' id='word_1_151' title='bbox 356 1340 450 1371; x_wconf 86' lang='lat' dir='ltr'>munere</span> <span class='ocrx_word' id='word_1_152' title='bbox 459 1324 542 1370; x_wconf 90' lang='lat' dir='ltr'>christo</span> <span class='ocrx_word' id='word_1_153' title='bbox 548 1325 698 1387; x_wconf 82' lang='lat' dir='ltr'>coniungitur,</span> <span class='ocrx_word' id='word_1_154' title='bbox 710 1341 756 1371; x_wconf 91' lang='lat' dir='ltr'>non</span> <span class='ocrx_word' id='word_1_155' title='bbox 765 1341 879 1388; x_wconf 82' lang='lat' dir='ltr'>magnum,</span> 
     </span>
     <span class='ocr_line' id='line_1_21' title="bbox 115 1389 625 1453; baseline -0.002 -16"><span class='ocrx_word' id='word_1_156' title='bbox 115 1393 154 1439; x_wconf 90' lang='lat' dir='ltr'>sed</span> <span class='ocrx_word' id='word_1_157' title='bbox 165 1407 217 1439; x_wconf 90' lang='lat' dir='ltr'>cum</span> <span class='ocrx_word' id='word_1_158' title='bbox 228 1392 321 1453; x_wconf 88' lang='lat' dir='ltr'>reliquis</span> <span class='ocrx_word' id='word_1_159' title='bbox 332 1390 412 1436; x_wconf 89' lang='lat' dir='ltr'>sanctis</span> <span class='ocrx_word' id='word_1_160' title='bbox 423 1389 502 1435; x_wconf 83' lang='lat' dir='ltr'>similia</span> <span class='ocrx_word' id='word_1_161' title='bbox 514 1400 625 1453; x_wconf 89' lang='lat' dir='ltr'>operatur.</span> 
     </span>
    </p>
   </div>
   <div class='ocr_carea' id='block_1_3' title="bbox 31 1486 883 1581">
    <p class='ocr_par' dir='ltr' id='par_1_6' title="bbox 31 1486 883 1581">
     <span class='ocr_line' id='line_1_22' title="bbox 31 1486 883 1581; baseline 0.006 -20"><span class='ocrx_word' id='word_1_162' title='bbox 31 1505 111 1550; x_wconf 62' lang='lat' dir='ltr'>[A&#39;XVJ]</span> <span class='ocrx_word' id='word_1_163' title='bbox 163 1486 284 1577; x_wconf 66' lang='lat' dir='ltr'>Sedebat</span> <span class='ocrx_word' id='word_1_164' title='bbox 299 1517 327 1564; x_wconf 92' lang='lat' dir='ltr'>ad</span> <span class='ocrx_word' id='word_1_165' title='bbox 343 1533 443 1563; x_wconf 87' lang='lat' dir='ltr'>mensam</span> <span class='ocrx_word' id='word_1_166' title='bbox 457 1516 629 1564; x_wconf 87' lang='lat' dir='ltr'>cumfratribus</span> <span class='ocrx_word' id='word_1_167' title='bbox 644 1517 679 1563; x_wconf 93' lang='lat' dir='ltr'>die</span> <span class='ocrx_word' id='word_1_168' title='bbox 694 1517 791 1581; x_wconf 89' lang='lat' dir='ltr'>quadam</span> <span class='ocrx_word' id='word_1_169' title='bbox 804 1518 883 1566; x_wconf 89' lang='lat' dir='ltr'>beatus</span> 
     </span>
    </p>
   </div>
   <div class='ocr_carea' id='block_1_4' title="bbox 43 1581 887 2876">
    <p class='ocr_par' dir='ltr' id='par_1_7' title="bbox 118 1581 883 1833">
     <span class='ocr_line' id='line_1_23' title="bbox 118 1581 883 1645; baseline -0.001 -14"><span class='ocrx_word' id='word_1_170' title='bbox 118 1584 279 1639; x_wconf 88' lang='lat' dir='ltr'>Francischus;</span> <span class='ocrx_word' id='word_1_171' title='bbox 303 1582 387 1629; x_wconf 87' lang='lat' dir='ltr'>avicule</span> <span class='ocrx_word' id='word_1_172' title='bbox 405 1582 501 1645; x_wconf 89' lang='lat' dir='ltr'>quedam</span> <span class='ocrx_word' id='word_1_173' title='bbox 519 1599 565 1627; x_wconf 86' lang='lat' dir='ltr'>mas</span> <span class='ocrx_word' id='word_1_174' title='bbox 583 1591 605 1628; x_wconf 94' lang='lat' dir='ltr'>et</span> <span class='ocrx_word' id='word_1_175' title='bbox 622 1581 705 1628; x_wconf 83' lang='lat' dir='ltr'>femina</span> <span class='ocrx_word' id='word_1_176' title='bbox 726 1584 837 1640; x_wconf 83' lang='lat' dir='ltr'>veniunt3</span> <span class='ocrx_word' id='word_1_177' title='bbox 860 1595 883 1630; x_wconf 92' lang='lat' dir='ltr'>et</span> 
     </span>
     <span class='ocr_line' id='line_1_24' title="bbox 118 1645 882 1703; baseline 0.001 -9"><span class='ocrx_word' id='word_1_178' title='bbox 118 1665 231 1696; x_wconf 90' lang='lat' dir='ltr'>novorum</span> <span class='ocrx_word' id='word_1_179' title='bbox 253 1647 383 1694; x_wconf 88' lang='lat' dir='ltr'>educatione</span> <span class='ocrx_word' id='word_1_180' title='bbox 405 1657 511 1692; x_wconf 89' lang='lat' dir='ltr'>natorum</span> <span class='ocrx_word' id='word_1_181' title='bbox 539 1645 638 1703; x_wconf 83' lang='lat' dir='ltr'>sollicite,</span> <span class='ocrx_word' id='word_1_182' title='bbox 661 1648 689 1693; x_wconf 91' lang='lat' dir='ltr'>de</span> <span class='ocrx_word' id='word_1_183' title='bbox 717 1664 792 1694; x_wconf 89' lang='lat' dir='ltr'>mensa</span> <span class='ocrx_word' id='word_1_184' title='bbox 814 1650 882 1695; x_wconf 90' lang='lat' dir='ltr'>sancti</span> 
     </span>
     <span class='ocr_line' id='line_1_25' title="bbox 118 1710 882 1777; baseline 0 -19"><span class='ocrx_word' id='word_1_185' title='bbox 118 1711 221 1777; x_wconf 91' lang='lat' dir='ltr'>quotidie</span> <span class='ocrx_word' id='word_1_186' title='bbox 242 1711 309 1756; x_wconf 90' lang='lat' dir='ltr'>micas</span> <span class='ocrx_word' id='word_1_187' title='bbox 331 1726 372 1772; x_wconf 91' lang='lat' dir='ltr'>pro</span> <span class='ocrx_word' id='word_1_188' title='bbox 391 1720 447 1756; x_wconf 92' lang='lat' dir='ltr'>voto</span> <span class='ocrx_word' id='word_1_189' title='bbox 469 1710 600 1771; x_wconf 89' lang='lat' dir='ltr'>suscipiunt.</span> <span class='ocrx_word' id='word_1_190' title='bbox 634 1710 728 1756; x_wconf 79' lang='lat' dir='ltr'>Exultat</span> <span class='ocrx_word' id='word_1_191' title='bbox 750 1721 838 1757; x_wconf 89' lang='lat' dir='ltr'>sanctus</span> <span class='ocrx_word' id='word_1_192' title='bbox 860 1715 882 1758; x_wconf 91' lang='lat' dir='ltr'>in</span> 
     </span>
     <span class='ocr_line' id='line_1_26' title="bbox 118 1773 883 1833; baseline -0.001 -10"><span class='ocrx_word' id='word_1_193' title='bbox 118 1777 206 1833; x_wconf 86' lang='lat' dir='ltr'>talibus,</span> <span class='ocrx_word' id='word_1_194' title='bbox 237 1777 352 1822; x_wconf 86' lang='lat' dir='ltr'>blanditur</span> <span class='ocrx_word' id='word_1_195' title='bbox 387 1776 431 1820; x_wconf 89' lang='lat' dir='ltr'>illis</span> <span class='ocrx_word' id='word_1_196' title='bbox 461 1786 487 1821; x_wconf 88' lang='lat' dir='ltr'>ut</span> <span class='ocrx_word' id='word_1_197' title='bbox 522 1773 620 1830; x_wconf 79' lang='lat' dir='ltr'>assolet3</span> <span class='ocrx_word' id='word_1_198' title='bbox 653 1786 676 1820; x_wconf 91' lang='lat' dir='ltr'>et</span> <span class='ocrx_word' id='word_1_199' title='bbox 711 1774 739 1821; x_wconf 86' lang='lat' dir='ltr'>de</span> <span class='ocrx_word' id='word_1_200' title='bbox 772 1776 883 1823; x_wconf 85' lang='lat' dir='ltr'>industria</span> 
     </span>
    </p>

    <p class='ocr_par' dir='ltr' id='par_1_8' title="bbox 43 1839 885 2291">
     <span class='ocr_line' id='line_1_27' title="bbox 43 1839 883 1902; baseline -0.002 -12"><span class='ocrx_word' id='word_1_201' title='bbox 43 1843 149 1892; x_wconf 75' lang='lat' dir='ltr'>F01·31eis</span> <span class='ocrx_word' id='word_1_202' title='bbox 171 1840 238 1888; x_wconf 86' lang='lat' dir='ltr'>offert</span> <span class='ocrx_word' id='word_1_203' title='bbox 260 1856 377 1887; x_wconf 84' lang='lat' dir='ltr'>annonam.</span> <span class='ocrx_word' id='word_1_204' title='bbox 422 1839 466 1885; x_wconf 92' lang='lat' dir='ltr'>Die</span> <span class='ocrx_word' id='word_1_205' title='bbox 486 1840 581 1902; x_wconf 88' lang='lat' dir='ltr'>quadam</span> <span class='ocrx_word' id='word_1_206' title='bbox 603 1849 673 1902; x_wconf 82' lang='lat' dir='ltr'>pater,</span> <span class='ocrx_word' id='word_1_207' title='bbox 692 1850 715 1886; x_wconf 93' lang='lat' dir='ltr'>et</span> <span class='ocrx_word' id='word_1_208' title='bbox 736 1851 807 1888; x_wconf 89' lang='lat' dir='ltr'>mater</span> <span class='ocrx_word' id='word_1_209' title='bbox 826 1841 883 1888; x_wconf 88' lang='lat' dir='ltr'>filios</span> 
     </span>
     <span class='ocr_line' id='line_1_28' title="bbox 119 1904 885 1970; baseline -0.001 -16"><span class='ocrx_word' id='word_1_210' title='bbox 119 1908 217 1954; x_wconf 87' lang='lat' dir='ltr'>offerunt</span> <span class='ocrx_word' id='word_1_211' title='bbox 233 1906 346 1961; x_wconf 80' lang='lat' dir='ltr'>fratribus,</span> <span class='ocrx_word' id='word_1_212' title='bbox 358 1904 420 1967; x_wconf 87' lang='lat' dir='ltr'>quasi</span> <span class='ocrx_word' id='word_1_213' title='bbox 437 1920 515 1950; x_wconf 89' lang='lat' dir='ltr'>eorum</span> <span class='ocrx_word' id='word_1_214' title='bbox 531 1905 628 1951; x_wconf 86' lang='lat' dir='ltr'>nutritos</span> <span class='ocrx_word' id='word_1_215' title='bbox 643 1905 759 1966; x_wconf 81' lang='lat' dir='ltr'>expensis3</span> <span class='ocrx_word' id='word_1_216' title='bbox 777 1917 800 1953; x_wconf 87' lang='lat' dir='ltr'>et</span> <span class='ocrx_word' id='word_1_217' title='bbox 816 1907 885 1970; x_wconf 84' lang='lat' dir='ltr'>assig-</span> 
     </span>
     <span class='ocr_line' id='line_1_29' title="bbox 119 1969 885 2031; baseline -0.003 -13"><span class='ocrx_word' id='word_1_218' title='bbox 119 1983 196 2018; x_wconf 86' lang='lat' dir='ltr'>nantes</span> <span class='ocrx_word' id='word_1_219' title='bbox 207 1970 306 2031; x_wconf 86' lang='lat' dir='ltr'>pullulos</span> <span class='ocrx_word' id='word_1_220' title='bbox 317 1969 432 2025; x_wconf 65' lang='lat' dir='ltr'>fratribus</span> <span class='ocrx_word' id='word_1_221' title='bbox 444 1969 504 2015; x_wconf 90' lang='lat' dir='ltr'>ultra</span> <span class='ocrx_word' id='word_1_222' title='bbox 514 1986 560 2014; x_wconf 93' lang='lat' dir='ltr'>non</span> <span class='ocrx_word' id='word_1_223' title='bbox 571 1979 677 2031; x_wconf 90' lang='lat' dir='ltr'>apparent</span> <span class='ocrx_word' id='word_1_224' title='bbox 688 1971 712 2015; x_wconf 94' lang='lat' dir='ltr'>in</span> <span class='ocrx_word' id='word_1_225' title='bbox 724 1969 781 2017; x_wconf 92' lang='lat' dir='ltr'>loco.</span> <span class='ocrx_word' id='word_1_226' title='bbox 816 1971 885 2017; x_wconf 86' lang='lat' dir='ltr'>Man-</span> 
     </span>
     <span class='ocr_line' id='line_1_30' title="bbox 119 2032 885 2095; baseline 0 -14"><span class='ocrx_word' id='word_1_227' title='bbox 119 2044 224 2081; x_wconf 90' lang='lat' dir='ltr'>suescunt</span> <span class='ocrx_word' id='word_1_228' title='bbox 241 2033 296 2095; x_wconf 90' lang='lat' dir='ltr'>pulli</span> <span class='ocrx_word' id='word_1_229' title='bbox 313 2032 487 2078; x_wconf 83' lang='lat' dir='ltr'>cumfratribus</span> <span class='ocrx_word' id='word_1_230' title='bbox 510 2043 531 2078; x_wconf 88' lang='lat' dir='ltr'>et</span> <span class='ocrx_word' id='word_1_231' title='bbox 548 2048 627 2078; x_wconf 88' lang='lat' dir='ltr'>eorum</span> <span class='ocrx_word' id='word_1_232' title='bbox 644 2034 746 2080; x_wconf 92' lang='lat' dir='ltr'>manibus</span> <span class='ocrx_word' id='word_1_233' title='bbox 763 2035 885 2081; x_wconf 88' lang='lat' dir='ltr'>insidentes</span> 
     </span>
     <span class='ocr_line' id='line_1_31' title="bbox 119 2096 885 2162; baseline -0.003 -15"><span class='ocrx_word' id='word_1_234' title='bbox 119 2117 165 2147; x_wconf 90' lang='lat' dir='ltr'>non</span> <span class='ocrx_word' id='word_1_235' title='bbox 176 2110 202 2147; x_wconf 92' lang='lat' dir='ltr'>ut</span> <span class='ocrx_word' id='word_1_236' title='bbox 213 2099 319 2162; x_wconf 89' lang='lat' dir='ltr'>hospites,</span> <span class='ocrx_word' id='word_1_237' title='bbox 327 2097 366 2143; x_wconf 90' lang='lat' dir='ltr'>sed</span> <span class='ocrx_word' id='word_1_238' title='bbox 376 2107 403 2143; x_wconf 94' lang='lat' dir='ltr'>ut</span> <span class='ocrx_word' id='word_1_239' title='bbox 413 2096 485 2142; x_wconf 88' lang='lat' dir='ltr'>accole</span> <span class='ocrx_word' id='word_1_240' title='bbox 493 2107 610 2144; x_wconf 84' lang='lat' dir='ltr'>versantur</span> <span class='ocrx_word' id='word_1_241' title='bbox 619 2097 642 2142; x_wconf 90' lang='lat' dir='ltr'>in</span> <span class='ocrx_word' id='word_1_242' title='bbox 651 2098 720 2144; x_wconf 88' lang='lat' dir='ltr'>domo</span> <span class='ocrx_word' id='word_1_243' title='bbox 730 2115 736 2155; x_wconf 92' lang='grc'>;</span> <span class='ocrx_word' id='word_1_244' title='bbox 753 2098 885 2145; x_wconf 87' lang='lat' dir='ltr'>secularium</span> 
     </span>
     <span class='ocr_line' id='line_1_32' title="bbox 118 2162 885 2227; baseline -0.001 -15"><span class='ocrx_word' id='word_1_245' title='bbox 118 2166 236 2212; x_wconf 93' lang='lat' dir='ltr'>hominum</span> <span class='ocrx_word' id='word_1_246' title='bbox 260 2164 372 2210; x_wconf 91' lang='lat' dir='ltr'>declinant</span> <span class='ocrx_word' id='word_1_247' title='bbox 390 2172 505 2224; x_wconf 87' lang='lat' dir='ltr'>aspectum</span> <span class='ocrx_word' id='word_1_248' title='bbox 527 2173 549 2208; x_wconf 89' lang='lat' dir='ltr'>et</span> <span class='ocrx_word' id='word_1_249' title='bbox 567 2162 664 2209; x_wconf 85' lang='lat' dir='ltr'>fratrum</span> <span class='ocrx_word' id='word_1_250' title='bbox 683 2173 773 2210; x_wconf 89' lang='lat' dir='ltr'>tantum</span> <span class='ocrx_word' id='word_1_251' title='bbox 792 2182 815 2210; x_wconf 92' lang='lat' dir='ltr'>se</span> <span class='ocrx_word' id='word_1_252' title='bbox 834 2182 885 2227; x_wconf 92' lang='lat' dir='ltr'>pro-</span> 
     </span>
     <span class='ocr_line' id='line_1_33' title="bbox 119 2228 345 2291; baseline -0.022 -13"><span class='ocrx_word' id='word_1_253' title='bbox 119 2232 211 2278; x_wconf 90' lang='lat' dir='ltr'>fitentur</span> <span class='ocrx_word' id='word_1_254' title='bbox 221 2228 345 2291; x_wconf 90' lang='lat' dir='ltr'>alumpnos.</span> 
     </span>
    </p>

    <p class='ocr_par' dir='ltr' id='par_1_9' title="bbox 120 2291 887 2876">
     <span class='ocr_line' id='line_1_34' title="bbox 168 2291 886 2354; baseline 0.001 -15"><span class='ocrx_word' id='word_1_255' title='bbox 168 2295 279 2340; x_wconf 86' lang='lat' dir='ltr'>Observat</span> <span class='ocrx_word' id='word_1_256' title='bbox 296 2295 340 2338; x_wconf 91' lang='lat' dir='ltr'>hoc</span> <span class='ocrx_word' id='word_1_257' title='bbox 356 2301 447 2337; x_wconf 85' lang='lat' dir='ltr'>sanctus</span> <span class='ocrx_word' id='word_1_258' title='bbox 470 2301 492 2336; x_wconf 88' lang='lat' dir='ltr'>et</span> <span class='ocrx_word' id='word_1_259' title='bbox 509 2301 591 2351; x_wconf 82' lang='lat' dir='ltr'>stupet,</span> <span class='ocrx_word' id='word_1_260' title='bbox 608 2291 734 2354; x_wconf 85' lang='lat' dir='ltr'>fratresque</span> <span class='ocrx_word' id='word_1_261' title='bbox 755 2293 836 2339; x_wconf 86' lang='lat' dir='ltr'>invitat</span> <span class='ocrx_word' id='word_1_262' title='bbox 858 2295 886 2340; x_wconf 85' lang='lat' dir='ltr'>ad</span> 
     </span>
     <span class='ocr_line' id='line_1_35' title="bbox 121 2354 885 2423; baseline -0.004 -17"><span class='ocrx_word' id='word_1_263' title='bbox 121 2359 243 2423; x_wconf 82' lang='lat' dir='ltr'>gaudium:</span> <span class='ocrx_word' id='word_1_264' title='bbox 278 2356 366 2415; x_wconf 84' lang='lat' dir='ltr'>Videte,</span> <span class='ocrx_word' id='word_1_265' title='bbox 393 2355 431 2412; x_wconf 89' lang='lat' dir='ltr'>ait,</span> <span class='ocrx_word' id='word_1_266' title='bbox 459 2354 514 2418; x_wconf 89' lang='lat' dir='ltr'>quid</span> <span class='ocrx_word' id='word_1_267' title='bbox 541 2354 621 2401; x_wconf 87' lang='lat' dir='ltr'>fratres</span> <span class='ocrx_word' id='word_1_268' title='bbox 647 2356 718 2401; x_wconf 90' lang='lat' dir='ltr'>nostri</span> <span class='ocrx_word' id='word_1_269' title='bbox 745 2356 885 2419; x_wconf 89' lang='lat' dir='ltr'>pectusrubei</span> 
     </span>
     <span class='ocr_line' id='line_1_36' title="bbox 121 2419 885 2486; baseline -0.001 -16"><span class='ocrx_word' id='word_1_270' title='bbox 121 2425 223 2481; x_wconf 82' lang='lat' dir='ltr'>fecerint,</span> <span class='ocrx_word' id='word_1_271' title='bbox 245 2424 307 2486; x_wconf 89' lang='lat' dir='ltr'>quasi</span> <span class='ocrx_word' id='word_1_272' title='bbox 332 2421 419 2468; x_wconf 93' lang='lat' dir='ltr'>ratione</span> <span class='ocrx_word' id='word_1_273' title='bbox 440 2419 558 2483; x_wconf 84' lang='lat' dir='ltr'>vigerent3</span> <span class='ocrx_word' id='word_1_274' title='bbox 583 2421 691 2469; x_wconf 83' lang='lat' dir='ltr'>dixerunt</span> <span class='ocrx_word' id='word_1_275' title='bbox 713 2423 790 2469; x_wconf 89' lang='lat' dir='ltr'>enim:</span> <span class='ocrx_word' id='word_1_276' title='bbox 819 2424 885 2482; x_wconf 86' lang='lat' dir='ltr'>Ecce,</span> 
     </span>
     <span class='ocr_line' id='line_1_37' title="bbox 121 2487 887 2550; baseline -0.003 -14"><span class='ocrx_word' id='word_1_277' title='bbox 121 2490 208 2545; x_wconf 86' lang='lat' dir='ltr'>fratres,</span> <span class='ocrx_word' id='word_1_278' title='bbox 233 2488 297 2534; x_wconf 87' lang='lat' dir='ltr'>vobis</span> <span class='ocrx_word' id='word_1_279' title='bbox 324 2496 413 2533; x_wconf 89' lang='lat' dir='ltr'>nostros</span> <span class='ocrx_word' id='word_1_280' title='bbox 439 2497 591 2547; x_wconf 86' lang='lat' dir='ltr'>presentamus</span> <span class='ocrx_word' id='word_1_281' title='bbox 618 2487 719 2544; x_wconf 85' lang='lat' dir='ltr'>natellos‚</span> <span class='ocrx_word' id='word_1_282' title='bbox 741 2488 781 2550; x_wconf 93' lang='lat' dir='ltr'>qui</span> <span class='ocrx_word' id='word_1_283' title='bbox 808 2490 887 2534; x_wconf 90' lang='lat' dir='ltr'>vestris</span> 
     </span>
     <span class='ocr_line' id='line_1_38' title="bbox 122 2550 887 2611; baseline -0.001 -12"><span class='ocrx_word' id='word_1_284' title='bbox 122 2553 203 2599; x_wconf 90' lang='lat' dir='ltr'>nutriti</span> <span class='ocrx_word' id='word_1_285' title='bbox 213 2562 266 2598; x_wconf 91' lang='lat' dir='ltr'>sunt</span> <span class='ocrx_word' id='word_1_286' title='bbox 277 2551 340 2596; x_wconf 89' lang='lat' dir='ltr'>micis</span> <span class='ocrx_word' id='word_1_287' title='bbox 352 2569 357 2595; x_wconf 68' lang='grc' dir='ltr'>ς</span> <span class='ocrx_word' id='word_1_288' title='bbox 376 2550 487 2611; x_wconf 89' lang='lat' dir='ltr'>disponite</span> <span class='ocrx_word' id='word_1_289' title='bbox 498 2550 527 2595; x_wconf 88' lang='lat' dir='ltr'>de</span> <span class='ocrx_word' id='word_1_290' title='bbox 542 2550 586 2595; x_wconf 91' lang='lat' dir='ltr'>illis</span> <span class='ocrx_word' id='word_1_291' title='bbox 603 2561 629 2595; x_wconf 87' lang='lat' dir='ltr'>ut</span> <span class='ocrx_word' id='word_1_292' title='bbox 646 2551 717 2605; x_wconf 83' lang='lat' dir='ltr'>libet3</span> <span class='ocrx_word' id='word_1_293' title='bbox 734 2552 763 2597; x_wconf 87' lang='lat' dir='ltr'>ad</span> <span class='ocrx_word' id='word_1_294' title='bbox 773 2552 828 2597; x_wconf 84' lang='lat' dir='ltr'>alios</span> <span class='ocrx_word' id='word_1_295' title='bbox 845 2570 887 2598; x_wconf 92' lang='lat' dir='ltr'>nos</span> 
     </span>
     <span class='ocr_line' id='line_1_39' title="bbox 121 2614 887 2676; baseline -0.001 -12"><span class='ocrx_word' id='word_1_296' title='bbox 121 2618 177 2664; x_wconf 90' lang='lat' dir='ltr'>lares</span> <span class='ocrx_word' id='word_1_297' title='bbox 188 2616 315 2662; x_wconf 89' lang='lat' dir='ltr'>transimus.</span> <span class='ocrx_word' id='word_1_298' title='bbox 350 2615 514 2661; x_wconf 84' lang='lat' dir='ltr'>Mansuescunt</span> <span class='ocrx_word' id='word_1_299' title='bbox 524 2614 600 2676; x_wconf 87' lang='lat' dir='ltr'>itaque</span> <span class='ocrx_word' id='word_1_300' title='bbox 611 2631 638 2660; x_wconf 87' lang='lat' dir='ltr'>ex</span> <span class='ocrx_word' id='word_1_301' title='bbox 649 2624 699 2660; x_wconf 89' lang='lat' dir='ltr'>toto</span> <span class='ocrx_word' id='word_1_302' title='bbox 716 2631 767 2661; x_wconf 92' lang='lat' dir='ltr'>cum</span> <span class='ocrx_word' id='word_1_303' title='bbox 780 2615 887 2663; x_wconf 90' lang='lat' dir='ltr'>fratribus</span> 
     </span>
     <span class='ocr_line' id='line_1_40' title="bbox 120 2677 887 2742; baseline -0.003 -13"><span class='ocrx_word' id='word_1_304' title='bbox 120 2693 143 2729; x_wconf 91' lang='lat' dir='ltr'>et</span> <span class='ocrx_word' id='word_1_305' title='bbox 159 2680 293 2728; x_wconf 85' lang='lat' dir='ltr'>unanimiter</span> <span class='ocrx_word' id='word_1_306' title='bbox 309 2679 401 2741; x_wconf 91' lang='lat' dir='ltr'>capiunt</span> <span class='ocrx_word' id='word_1_307' title='bbox 418 2677 508 2734; x_wconf 86' lang='lat' dir='ltr'>cibum;</span> <span class='ocrx_word' id='word_1_308' title='bbox 525 2679 564 2726; x_wconf 90' lang='lat' dir='ltr'>sed</span> <span class='ocrx_word' id='word_1_309' title='bbox 581 2678 674 2726; x_wconf 85' lang='lat' dir='ltr'>avaritia</span> <span class='ocrx_word' id='word_1_310' title='bbox 689 2680 776 2742; x_wconf 88' lang='lat' dir='ltr'>rumpit</span> <span class='ocrx_word' id='word_1_311' title='bbox 794 2696 887 2727; x_wconf 90' lang='lat' dir='ltr'>concor-</span> 
     </span>
     <span class='ocr_line' id='line_1_41' title="bbox 122 2742 887 2807; baseline -0.005 -12"><span class='ocrx_word' id='word_1_312' title='bbox 122 2748 188 2803; x_wconf 80' lang='lat' dir='ltr'>diam,</span> <span class='ocrx_word' id='word_1_313' title='bbox 207 2746 262 2793; x_wconf 92' lang='lat' dir='ltr'>dum</span> <span class='ocrx_word' id='word_1_314' title='bbox 281 2745 379 2791; x_wconf 89' lang='lat' dir='ltr'>minores</span> <span class='ocrx_word' id='word_1_315' title='bbox 398 2743 540 2807; x_wconf 90' lang='lat' dir='ltr'>persequitur</span> <span class='ocrx_word' id='word_1_316' title='bbox 559 2743 649 2791; x_wconf 91' lang='lat' dir='ltr'>maioris</span> <span class='ocrx_word' id='word_1_317' title='bbox 664 2742 738 2791; x_wconf 81' lang='lat' dir='ltr'>elatio</span> <span class='ocrx_word' id='word_1_318' title='bbox 772 2746 887 2793; x_wconf 88' lang='lat' dir='ltr'>Saturatus</span> 
     </span>
     <span class='ocr_line' id='line_1_42' title="bbox 122 2807 886 2876; baseline -0.004 -16"><span class='ocrx_word' id='word_1_319' title='bbox 122 2827 218 2876; x_wconf 88' lang='lat' dir='ltr'>namque</span> <span class='ocrx_word' id='word_1_320' title='bbox 236 2810 306 2857; x_wconf 88' lang='lat' dir='ltr'>maior</span> <span class='ocrx_word' id='word_1_321' title='bbox 322 2826 364 2873; x_wconf 89' lang='lat' dir='ltr'>pro</span> <span class='ocrx_word' id='word_1_322' title='bbox 377 2807 451 2868; x_wconf 75' lang='lat' dir='ltr'>libitu,</span> <span class='ocrx_word' id='word_1_323' title='bbox 462 2809 560 2874; x_wconf 89' lang='lat' dir='ltr'>reliquos</span> <span class='ocrx_word' id='word_1_324' title='bbox 575 2809 662 2872; x_wconf 88' lang='lat' dir='ltr'>repellit</span> <span class='ocrx_word' id='word_1_325' title='bbox 679 2826 691 2855; x_wconf 94' lang='lat' dir='ltr'>a</span> <span class='ocrx_word' id='word_1_326' title='bbox 708 2810 773 2856; x_wconf 88' lang='lat' dir='ltr'>cibo:</span> <span class='ocrx_word' id='word_1_327' title='bbox 796 2811 886 2869; x_wconf 81' lang='lat' dir='ltr'>Videte,</span> 
     </span>
    </p>
   </div>
   <div class='ocr_carea' id='block_1_5' title="bbox 0 0 974 3169">
    <p class='ocr_par' dir='ltr' id='par_1_10' title="bbox 0 0 974 3169">
     <span class='ocr_line' id='line_1_43' title="bbox 0 0 974 3169; baseline 0 0"><span class='ocrx_word' id='word_1_328' title='bbox 0 0 974 3169; x_wconf 95' lang='lat' dir='ltr'> </span> 
     </span>
    </p>
   </div>
  </div>
 </body>
</html>
