1919 3169
101 153 283 228 INDEX
328 152 731 227 CAPITULORUM

33 292 148 344 Incipiunt
167 293 265 335 Rubrice
287 294 310 334 in
334 293 439 343 sequenti
460 304 528 343 opere
550 291 593 333 sub
611 302 707 352 quarum
725 291 798 333 titulis

84 345 216 387 distinctum
238 347 338 388 breviter
363 346 508 386 continentur
530 343 591 395 quod
617 345 640 384 in
665 344 707 385 hoc
730 355 798 395 opere

84 398 194 448 scriptum
208 402 251 440 est.
235 399 315 440 tDe
329 398 476 439 conversione
490 397 518 438 de
531 396 592 438 beati
606 396 728 437 Francisci

85 511 122 548 Sub
137 513 171 549 hoc
187 512 237 549 titulo
252 513 360 549 continentur
374 511 447 562 qualitur
461 512 519 548 beatus
534 511 650 547 Francischus
663 520 733 547 vocatus
759 486 832 560 rasum

302 565 335 601 fuit
348 565 403 614 primo
419 564 499 602 Ioannes.
527 563 549 600 de
562 564 631 600 nomine
646 563 732 600 francisci.

304 617 358 665 Quod
368 627 422 653 mater
432 614 541 666 prophetavit
550 616 572 652 de
581 617 623 665 ipso.
653 615 707 663 Quod
716 624 734 651 et
772 621 773 624 ’

303 670 339 719 ipse
353 668 375 705 de
388 670 426 719 ipso
437 668 493 705 futura
503 668 585 718 predixit.
612 667 643 704 De
652 669 733 716 patientia

303 730 321 757 et
331 721 400 768 gaudio,
410 721 457 770 quod
466 722 484 756 in
493 719 565 755 vinculis
574 720 638 768 positus
647 720 706 755 habuit
728 747 733 755 .

36 772 160 809 Pannonnruo
174 773 190 820 J.
280 771 310 808 De
319 770 372 808 milite
381 784 454 820 paupere
467 784 518 821 quem
527 771 602 807 vestivit.
629 770 660 806 De
668 771 733 808 visione

304 837 333 859 sue
342 824 443 868 vocationis,
453 836 504 873 quam
513 824 531 859 in
540 822 598 859 seculo
607 822 650 859 vidit
670 849 674 857 .
728 849 732 858 .

280 875 358 924 Qualiter
374 889 413 912 eum
426 878 507 912 iuvenum
520 875 574 919 turba,
583 884 602 912 ut
613 888 643 912 eos
657 884 733 925 pasceret

304 942 352 964 suum
367 928 456 965 dominum
472 929 536 964 statuit.
563 929 592 965 De
610 941 639 963 sua
652 926 734 976 spirituali

304 980 404 1024 mutatione,
412 994 463 1029 quam
473 990 513 1016 tunc
524 980 576 1016 sensit
611 1006 615 1014 .
669 1006 673 1015 .
728 1006 732 1014 .

209 1057 213 1065 .
280 1031 358 1078 Qualiter
374 1032 475 1081 pauperibus
489 1032 595 1067 vestimentis
607 1030 681 1075 indutus,
695 1041 734 1066 ante

304 1082 394 1120 ecclesiam
403 1084 456 1120 sancti
466 1083 521 1126 Petri,
530 1096 569 1119 cum
579 1082 678 1131 pauperibus
685 1095 734 1118 man-

304 1134 379 1172 ducavit.
400 1134 431 1172 De
443 1134 530 1173 oblatione
539 1148 590 1185 quam
599 1133 663 1171 ibidem
672 1133 734 1171 obtulit

221 1214 225 1223 .
280 1187 359 1236 Qualiter
366 1188 397 1225 sibi
404 1188 459 1224 oranti
466 1187 550 1237 dyabolus
557 1186 645 1223 mulierem
653 1187 733 1224 ostendit.

304 1239 335 1276 De
351 1253 432 1290 responso
450 1240 498 1290 quod
511 1240 542 1276 sibi
558 1238 609 1276 Deus
622 1239 677 1276 dedit.
705 1239 734 1276 De

304 1292 375 1341 leprosis
385 1293 427 1342 quid
438 1292 481 1328 fecit
495 1318 731 1328 .....

279 1343 310 1379 De
327 1345 408 1391 ymagine
425 1343 518 1387 Crucifixi,
531 1357 564 1392 que
583 1344 614 1379 sibi
630 1342 687 1379 locuta
702 1343 735 1379 fuit

303 1396 399 1432 ethonore
413 1394 460 1445 quod
473 1396 489 1431 ei
503 1394 587 1444 impendit
614 1421 617 1430 .

208 1472 211 1482 .
272 1447 309 1483 ‘De
317 1456 436 1496 persecutione
445 1455 524 1496 patrrse
518 1447 589 1483 fratris
597 1446 667 1482 carnalis
729 1472 732 1481 .
787 1461 798 1493 4

220 1529 223 1535 .
277 1498 308 1534 De
330 1499 432 1535 verecundia
456 1512 507 1548 qnam
534 1498 575 1534 vicit
601 1507 619 1534 et
645 1498 735 1547 prophetis

304 1564 397 1600 pauperum
410 1551 495 1610 virginum
557 1579 561 1587 .
614 1579 617 1586 .

108 1629 113 1645 ‚
232 1632 236 1640 .
278 1602 309 1639 De
319 1603 386 1639 erbarus
395 1603 440 1639 hos
428 1613 483 1639 ratim
493 1611 547 1652 quest
549 1615 563 1637 rs
614 1632 618 1638 .
671 1633 675 1639 .
729 1631 733 1638 .

101 1681 112 1698 ‚‚
177 1654 214 1702 JX.
279 1653 618 1703 DeexpropriationefratrisBernardi
671 1683 675 1690 .
729 1682 733 1690 .

178 1705 203 1740 X.
278 1705 309 1741 De
321 1705 438 1764 similitudine,
447 1718 498 1754 quam
507 1717 565 1742 coram
576 1717 619 1753 papa
633 1704 734 1741 Innocentio

305 1758 398 1818 proposuit
425 1757 456 1794 De
474 1770 557 1794 consensu
572 1756 638 1793 domini
656 1769 700 1806 pape
717 1765 734 1793 et

305 1810 369 1848 visione
383 1824 434 1860 quam
447 1810 482 1860 ipse
496 1823 539 1860 papa
552 1808 617 1847 vidit.
672 1836 676 1845 .

128 1863 161 1902 De
177 1863 263 1903 Sancta
278 1863 353 1922 Maria
371 1863 399 1903 de
415 1862 569 1922 Portiuncula
597 1861 633 1897 Sub
642 1862 676 1898 hoc
685 1862 735 1898 ntulo

305 1962 507 2077 beatevirgiriisibidem
556 2046 560 2054 .
614 2044 618 2052 .
673 2044 676 2052 .
730 2047 734 2054 .

102 2095 114 2112 ,‚
178 2069 194 2117 J.
282 2068 312 2104 De
322 2069 421 2118 quadam
406 2083 470 2105 vrsrone
499 2095 733 2104 .....

128 2122 162 2163 De
171 2121 319 2163 conversione
328 2121 402 2163 sancti
413 2121 531 2163 Francisci
540 2123 564 2162 et
573 2121 674 2162 fratrum
701 2121 736 2157 Sub

305 2175 339 2210 hoc
349 2175 369 2210 tit
363 2174 399 2210 tulo
406 2175 514 2210 continentur
522 2174 578 2221 rigore
587 2171 689 2222 discipline
684 2173 735 2222 ipsius

305 2225 402 2262 etfratrum

102 2305 120 2323 ‚2
178 2279 194 2327 J.
281 2277 312 2314 De
321 2278 425 2314 discretione
434 2288 488 2314 sanc
501 2305 734 2314 .....

52 2357 55 2363 .
101 2358 113 2374 ,,
179 2330 206 2377 IJ.
281 2330 311 2364 De
327 2330 433 2377 previdentia
446 2330 542 2366 futurorum
558 2337 575 2365 et
588 2328 660 2376 qualiter
676 2328 735 2375 religi-

306 2393 356 2416 onem
375 2380 462 2417 commisit
480 2393 549 2422 romane
571 2378 656 2423 ecclesie3
679 2388 696 2415 et
714 2379 736 2415 de

306 2432 379 2482 quadam
392 2433 458 2470 visione
501 2459 734 2469 .....

101 2514 114 2532 ,,
180 2486 219 2535 IIJ.
282 2484 362 2533 Qualiter
371 2486 470 2535 episcopum
478 2485 576 2523 Ostiensem
585 2498 617 2534 pro
625 2484 734 2534 papapetiit.

250 2593 252 2596 v
298 2571 379 2631 [rans
396 2570 538 2630 SECUNDA]

129 2651 239 2692 Introitus
253 2649 283 2691 ad
296 2646 422 2691 secundum
435 2658 494 2698 opus
558 2677 562 2685 .
616 2679 619 2686 .

103 2729 114 2747 ‚‚
179 2704 196 2750 J.
308 2700 339 2737 De
352 2699 418 2747 Spiritu
431 2701 521 2748 prophetie
536 2700 614 2748 quemb.
628 2700 659 2734 Fr.
670 2677 735 2735 lrabuit.

308 2751 345 2787 Sub
362 2751 395 2786 hoc
414 2749 464 2786 titulo
484 2751 591 2786 continentur
609 2750 656 2799 quod
678 2751 736 2786 beatus

308 2805 323 2840 F
326 2817 410 2840 ranciscus
424 2802 516 2853 quemdam
527 2805 556 2853 qui
564 2812 594 2853 put
588 2802 653 2840 tabatur
663 2812 737 2848 sanctus,

308 2856 369 2893 falsum
382 2869 419 2892 esse
432 2857 513 2904 cognovit
525 2865 542 2892 et
555 2856 577 2892 de
590 2857 633 2893 vitio
647 2855 736 2904 singulari-

308 2910 353 2946 tatis.
382 2907 441 2945 Simile
451 2909 472 2944 de
481 2909 515 2944 alio
524 2909 570 2944 dixit
616 2937 621 2945 .

414 2973 425 2996 n
