1919 3169
332 149 513 196 MIRACULA
756 166 796 212 151

35 261 103 309 opere
121 244 232 291 abstinere
251 261 297 291 non
316 261 402 304 curans,
421 262 497 293 coram
515 263 539 294 se
557 264 597 295 vas
614 247 733 309 pistorium
749 265 800 310 pre-

36 312 130 372 paravit.
174 311 201 355 In
222 326 269 372 quo
291 326 344 357 cum
365 310 459 357 farinam
480 312 574 374 poneret
601 322 624 357 et
649 329 697 358 eam
719 314 800 359 exertis

37 374 131 421 brachiis
142 385 288 432 coacervaret,
300 392 354 422 mox
364 375 435 434 farina
448 393 564 438 conspersa
575 393 655 424 cruore
667 379 799 438 comparuit.

38 441 124 485 Mulier
141 441 184 484 hoc
195 440 285 500 stupida
295 455 392 496 cernens,
405 442 532 487 convicinas
543 443 637 487 clamare
649 442 713 501 cepit.
747 443 801 493 Que

37 512 123 567 quanto
140 504 211 566 magis
229 502 282 548 illuc
300 504 328 549 ad
345 504 497 565 spectaculum
513 505 641 561 confluunt,
653 521 680 552 eo
693 505 717 551 in
730 521 801 552 massa

36 570 83 632 ipsa
105 584 160 615 vene
182 568 296 631 sanguinis
318 569 369 632 plus
389 581 524 617 accrescunt.
570 571 659 619 Penitet
682 571 800 620 mulierem

36 635 112 681 fecisse
131 635 194 696 quod
211 633 309 689 fecerat3
329 645 352 679 et
370 645 449 680 votum
466 647 534 682 vovet
551 647 577 683 ut
593 639 616 682 in
632 637 691 682 festo
707 637 755 681 eius
772 639 801 682 de

37 710 110 743 cetero
137 697 217 743 servile
245 713 301 758 opus
321 698 392 743 facere
414 715 460 743 non
486 711 606 760 presumat.
647 700 800 746 Promissione

36 764 112 824 itaque
125 762 156 807 sic
169 761 263 819 firmata,
275 763 399 807 cruentatio
410 763 524 825 sanguinis
535 764 624 809 recessit
635 782 647 808 a
658 781 736 810 massa.

84 827 164 872 Sancto
180 825 252 871 adhuc
268 826 292 871 in
309 842 373 873 carne
389 828 487 884 vivente,
498 844 550 873 cum
567 830 648 875 mulier
665 829 766 893 quedam
776 828 800 874 in

36 891 135 954 partibus
152 891 224 937 Aretii
240 891 333 954 gravida
348 902 422 949 esset3
441 904 463 938 et
479 894 582 939 veniente
598 904 699 955 ternpore
715 904 800 955 partus,

36 956 158 1003 incredibili
178 967 286 1015 occupata
304 972 413 1016 pressura,
432 957 456 1002 in
473 958 581 1018 pariendo
598 957 676 1003 diebus
695 959 800 1020 plurimis

36 1021 154 1075 laboraret,
177 1019 260 1065 accidit
279 1019 370 1065 beatum
392 1020 535 1067 Franciscum
556 1032 610 1067 tunc
637 1023 745 1084 temporis
772 1023 800 1069 ad

37 1087 153 1133 heremum
176 1084 288 1149 quendam
315 1094 406 1147 propter
433 1086 585 1133 infirmitatem
613 1088 714 1150 corporis
740 1104 800 1151 equo

37 1152 159 1199 deductum
176 1150 276 1196 transire.
310 1150 486 1212 Expectantibus
503 1151 608 1198 omnibus
625 1163 652 1199 ut
668 1165 710 1215 per
723 1154 800 1198 locum

36 1217 101 1262 illum
121 1216 211 1260 haberet
228 1215 348 1261 transitum
368 1215 391 1261 in
410 1233 456 1277 quo
474 1216 555 1262 mulier
576 1218 731 1278 torquebatur,
755 1219 894 1263 iamFo].62'⁰

36 1281 85 1342 ipso
103 1280 126 1324 in
143 1280 235 1324 heremo
253 1289 412 1336 commorante,
430 1279 497 1325 frater
515 1280 608 1344 quidam
622 1298 673 1327 curn
684 1298 750 1344 equo,
764 1282 799 1327 cui

37 1356 125 1391 sanctus
146 1343 263 1399 insederat,
285 1360 325 1406 per
346 1340 407 1389 illam
428 1345 530 1391 villulam
551 1346 674 1407 repedavit.
713 1347 808 1393 Verum

37 1410 109 1456 incole
126 1408 176 1466 loci,
194 1418 296 1455 sanctum
313 1409 456 1455 Franciscum
470 1426 515 1455 non
526 1427 572 1456 esse
583 1411 735 1473 percipientes,
748 1428 799 1457 con·

37 1475 118 1520 tristati
136 1474 202 1519 nimis
219 1484 326 1535 ceperunt
343 1491 435 1535 querere
452 1475 510 1519 inter
527 1491 549 1519 se
566 1476 583 1519 si
596 1487 669 1535 posset
680 1492 714 1520 res
725 1477 800 1537 aliqua

37 1539 131 1586 inveniri
151 1553 218 1602 quam
238 1553 305 1583 manu
326 1538 416 1599 propria
437 1553 514 1583 servus
535 1538 630 1584 Domini
652 1549 798 1586 attrectasset.

37 1604 68 1650 Et
90 1605 229 1650 invenientes
250 1602 307 1647 freni
329 1602 415 1658 abenas,
440 1619 494 1665 quas
521 1619 589 1649 manu
616 1614 717 1650 tenuerat
744 1605 798 1667 ipse,

36 1667 125 1715 frenum
143 1668 170 1714 ab
190 1667 240 1731 equi
260 1684 298 1713 ore
317 1666 424 1713 velociter
443 1678 591 1716 extraxerunt.
632 1669 702 1716 Cuius
721 1669 800 1716 abenas

37 1734 119 1780 mulier
135 1750 203 1794 supra
218 1749 241 1778 se
254 1733 337 1792 positas
348 1732 453 1787 sentiens,
465 1734 526 1777 omni
538 1744 625 1778 remoto
636 1734 735 1793 periculo
747 1751 798 1780 cum

37 1797 121 1860 gaudio
132 1796 218 1859 peperit
229 1796 327 1842 etsalute.

237 1940 240 1949 .
269 1940 310 1980 vDe
323 1940 402 1993 ruptis,
410 1942 433 1982 et
447 1940 563 1990 reparatis.

82 2025 191 2114 Erater
210 2054 304 2101 Iacobus
324 2053 352 2099 de
370 2054 439 2111 Yseo,
458 2052 494 2101 vir
513 2053 536 2098 in
556 2052 633 2101 ordine
652 2064 730 2101 nostro
748 2056 801 2102 satis

36 2123 120 2167 celeber
135 2131 157 2166 et
170 2120 276 2176 famosus,
290 2119 317 2165 de
328 2119 401 2181 seipso
412 2119 568 2165 testimonium
579 2119 654 2165 dicens
666 2119 693 2166 ad
704 2120 800 2182 gloriam

36 2188 105 2248 patris
121 2186 200 2243 nostri,
217 2202 259 2248 pro
274 2185 376 2231 sanitatis
393 2184 501 2231 beneficio
513 2184 558 2246 agit
568 2185 650 2246 gratias
660 2196 737 2232 sancto
748 2187 799 2233 Dei.

38 2253 91 2308 Hic,
111 2269 163 2298 cum
181 2268 237 2314 puer
255 2261 312 2296 esset
329 2249 423 2296 tenellus
440 2250 463 2294 in
481 2250 550 2295 domo
567 2260 666 2311 paterna,
679 2249 800 2298 fracturam

37 2318 133 2363 incurrit
143 2316 244 2378 corporis
254 2315 319 2360 valde
330 2330 429 2376 gravem,
441 2313 591 2359 defluentibus
605 2331 651 2376 que.
660 2324 713 2359 sunt
724 2314 800 2362 abdita

38 2381 137 2443 corporis
153 2390 176 2426 et
192 2396 237 2443 que
250 2380 274 2425 in
284 2379 385 2426 archanis
395 2388 473 2425 natura
484 2378 595 2424 locaverat
605 2378 632 2424 ad
644 2377 692 2424 loca
703 2394 749 2425 non
760 2397 801 2426 sua

37 2456 88 2492 cum
110 2446 167 2491 dura
188 2444 290 2491 molestia
311 2443 408 2489 lesionis.
449 2442 564 2489 Dolebant
585 2452 647 2504 pater
666 2454 688 2490 et
707 2444 740 2490 sui
761 2447 799 2508 qui

38 2521 146 2558 noverant
170 2526 275 2566 causam;
302 2520 325 2555 et
352 2525 404 2555 cum
431 2514 482 2570 sepe
509 2507 647 2554 medicorum
671 2509 799 2557 iuvamenta

37 2585 180 2638 temptarent,
199 2575 222 2619 in
240 2574 302 2619 nullo
319 2574 426 2636 proficere
444 2571 585 2617 videbantur.
624 2572 690 2634 Cepit
708 2575 799 2620 tandem

37 2640 132 2699 iuvenis,
150 2640 228 2686 divino
243 2638 329 2685 afflatus
347 2638 435 2698 spiritu,
450 2637 479 2683 de
492 2636 563 2681 salute
574 2636 647 2681 anime
663 2637 761 2700 cogitare
777 2649 799 2684 et

38 2704 114 2751 Deum
131 2704 232 2752 studiosa
249 2714 324 2749 mente
341 2702 461 2764 requirere,
476 2700 514 2765 qui
532 2711 594 2747 sanat
611 2702 721 2748 contritos
734 2704 800 2750 corde

37 2779 63 2815 et'
85 2770 162 2834 alligat
189 2769 335 2815 contritiones
362 2784 446 2814 eorum.
493 2767 571 2828 ltaque
598 2766 701 2812 ordinem
730 2771 799 2814 sancti

38 2834 148 2881 Francisci
175 2835 273 2882 devotus
297 2832 396 2891 intravit,
424 2830 480 2878 nulli
506 2842 581 2877 tamen
608 2848 652 2893 qua
677 2832 799 2895 urgebatur

37 2899 189 2946 infirmitatem
200 2899 292 2945 detexit.
324 2898 410 2942 Verum
421 2895 578 2960 aliquantisper
589 2912 676 2941 moram
687 2897 710 2941 in
721 2898 800 2943 ordine
