1919 3169
41 389 149 434 [namq]

155 40 185 96 48
343 37 542 85 TRACTATUS
559 36 733 84 SECUNDUS

155 133 264 194 erogavit.
297 133 352 177 Non
372 149 497 195 numquam
515 134 582 178 etiam
599 133 628 177 ob
646 134 717 179 simile
735 151 791 194 opus
808 134 921 179 femoralia

154 198 229 244 traxit.
272 196 366 243 Talibus
388 212 440 258 erga
463 212 572 259 pauperes
593 195 698 243 affluebat
715 196 802 260 pietatis
819 198 920 252 viscibus,

154 263 279 325 talibusque
290 263 384 324 vestigia
395 261 498 324 pauperis
513 262 598 309 Christi
609 263 786 326 prosequebatur
799 263 920 312 affectibus.

194 372 314 426 Quomodo
323 374 390 415 matri
400 373 497 416 duorum
507 375 601 416 fratrum
613 375 708 426 pauperi
717 374 766 417 dari
775 375 828 418 fecit
837 386 921 417 novum

154 427 318 467 testamentum
327 425 389 475 quod
398 426 441 468 suit
450 426 473 466 in
482 427 567 468 ordine.

200 511 301 594 mater
319 539 417 586 duorum
436 539 533 587 fratrum
552 539 671 605 aliquando
693 541 755 587 venit
773 541 801 587 ad
820 551 920 588 sanctum

152 606 283 651 fiducialiter
290 604 469 667 heleemosynam
480 617 571 667 petens;
582 608 618 652 cui
627 606 748 653 condolens
755 617 817 669 pater
825 618 920 665 sanetus,

152 670 235 715 vicario
243 685 292 725 suo,
300 668 363 714 fratri
370 680 434 731 petro
441 672 528 725 samnii,
536 671 605 716 dixit:
624 671 746 716 Possumus
757 672 854 733 aliquam
861 672 921 718 hele-

152 751 281 796 emosynam
289 732 359 780 facere
366 736 431 781 matri
440 745 522 782 nostre.
544 735 644 781 Matrem
654 734 737 798 quippe
746 735 837 781 alicuius
845 735 920 782 fratris

151 810 174 845 et
184 815 247 845 suam
259 809 281 844 et
292 799 393 845 omnium
407 797 503 846 fratrum
517 809 611 846 matrem
628 800 721 847 dicebat.
756 802 882 862 Respondit
900 803 920 847 ei

151 864 218 910 frater
229 873 323 925 petrus:
341 864 419 909 Nichil
430 865 493 910 domi
507 874 612 926 superest,
626 866 687 927 quod
702 866 722 909 ei
736 865 783 910 dari
794 867 880 926 possit;
898 877 920 912 et

150 930 245 976 adiecit:
263 928 344 973 Unum
361 945 447 975 novum
463 939 623 975 testamentum
638 929 752 984 habemus,
770 930 793 975 in
809 947 855 994 quo
871 930 920 976 bre-

151 993 222 1038 viario
235 1002 333 1036 carentes
343 994 371 1037 ad
382 994 518 1037 matutinum
531 995 627 1054 legimus
637 994 748 1038 lectiones.
782 996 826 1039 Cui
843 995 920 1040 beatus

151 1055 309 1103 Francischus:
322 1056 357 1101 Da
367 1057 433 1103 matri
440 1067 521 1104 ‘nostre
532 1073 618 1105 novum
629 1066 791 1113 testamentum,
802 1066 829 1102 ut
838 1059 920 1104 vendat

150 1121 206 1170 illud
218 1137 259 1184 pro
270 1138 310 1167 sua
321 1122 454 1182 necessitate,
466 1122 517 1187 quia
528 1139 566 1185 per
577 1121 651 1184 ipsum
668 1138 787 1168 monemur
802 1123 920 1170 subvenire

149 1185 291 1248 pauperibus.
330 1186 405 1231 Credo
432 1188 544 1249 equidem,
566 1188 628 1249 quod
655 1187 726 1249 magis
752 1186 803 1232 inde
824 1188 919 1249 placebit

149 1252 242 1309 donum,
260 1265 327 1313 quam
338 1251 412 1295 lectio.
445 1253 519 1297 Datur
536 1267 589 1313 ergo
606 1251 694 1297 mulieri
710 1250 765 1296 liber
782 1261 804 1297 et
820 1253 919 1313 primum

150 1323 316 1368 testamentum,
325 1315 387 1376 quod
398 1316 421 1360 in
432 1315 510 1360 ordine
521 1315 573 1372 fuit,
582 1331 643 1360 sacra
653 1316 693 1360 hac
704 1316 785 1376 pietate
797 1316 917 1365 distraitur.

39 1464 145 1506 [mm]
190 1441 310 1494 Quomodo
319 1441 409 1484 cuidam
423 1443 517 1494 paupert
530 1441 619 1484 mulieri
633 1442 728 1493 patienti
742 1442 765 1484 in
774 1442 846 1485 oculis
856 1442 918 1486 debit

152 1494 290 1536 mantellum.

196 1580 338 1672 ffiempore,
350 1626 396 1674 quo
407 1608 535 1654 morabatur
545 1617 634 1653 sanctus
646 1606 792 1654 Franciscbus
802 1607 825 1653 in
837 1607 919 1670 palatio

152 1674 258 1737 Episcopi
274 1676 353 1720 reatini
369 1690 410 1736 pro
427 1674 543 1720 oculorum
559 1672 688 1718 infirmitate
704 1672 805 1728 curanda,
822 1674 918 1737 quedam

151 1738 283 1800 paupercula
300 1738 379 1785 mulier
395 1739 422 1785 de
442 1738 561 1784 michilone
579 1739 641 1784 venit
659 1738 686 1783 ad
705 1737 824 1796 medicum,
837 1737 918 1784 habens

151 1813 174 1848 et
195 1804 241 1864 ipsa
262 1803 358 1849 similem
379 1819 432 1849 cum
453 1813 528 1848 saneto
547 1802 707 1847 infirmitatem.
744 1804 836 1848 Sanetus
856 1820 915 1865 ergo,
958 1840 960 1866 ,

151 1867 299 1928 guardianum
321 1867 458 1913 familiariter
479 1867 600 1929 alloquens
622 1866 674 1913 talia
692 1867 788 1928 quedam
805 1867 916 1913 instillat:

151 1933 229 1979 Frater
256 1933 384 1995 guardiam,
412 1941 501 1993 oportet
529 1947 569 1976 nos
595 1930 688 1976 reddere
718 1930 821 1977 alienum.
871 1933 917 1991 Qui

122 2011 123 2015 ’
150 1997 265 2057 respondit
275 1998 310 2042 ei:
328 1996 450 2052 Reddatur,
461 2006 530 2057 pater,
542 1997 560 2040 si
571 1996 634 2058 quod
644 2006 677 2041 est
688 1996 747 2056 apud
758 2013 805 2042 nos¹
838 1996 917 2053 Istum,

151 2060 236 2124 inquid,
264 2060 404 2114 mantellum,
433 2075 499 2121 quem
529 2070 608 2104 mutuo
637 2060 761 2119 accepimus
788 2078 801 2103 a
824 2061 917 2105 muliere

150 2124 291 2188 paupercula,
313 2124 455 2170 restituamus
481 2122 561 2181 eidem,
584 2123 635 2186 quia
662 2122 730 2168 nichil
751 2133 784 2169 est
810 2122 851 2170 sibi
876 2140 917 2185 pro

150 2191 250 2253 expensis
273 2191 297 2236 in
324 2189 396 2235 bursa.
440 2189 565 2251 Respondit
590 2187 741 2250 guardianus:
770 2187 854 2248 Frater,
877 2189 917 2236 iste

150 2255 268 2301 mantellus
292 2264 326 2299 est
349 2270 413 2299 meus
436 2263 459 2298 et
480 2271 492 2299 a
513 2255 576 2299 nullo
597 2254 665 2298 michi
686 2253 844 2298 accomodatus
865 2264 917 2310 est3

150 2336 266 2383 quousque
292 2319 406 2381 placuerit,
428 2328 506 2373 utere3
533 2328 652 2378 postquam
674 2317 708 2362 uti
732 2317 838 2376 nolueris,
861 2319 916 2364 mihi

150 2384 225 2447 ipsum
248 2383 342 2445 resigna.
383 2382 496 2444 Siquidem
517 2381 584 2443 paulo
605 2392 656 2428 ante
677 2382 810 2443 guardianus
833 2392 916 2428 emerat

149 2451 223 2511 ipsum
232 2464 274 2510 pro
283 2446 409 2494 necessitate
419 2447 487 2492 saneti
499 2446 614 2493 Francisci.
643 2447 707 2492 Dixit
716 2446 743 2493 ad
751 2462 803 2493 eum
814 2456 914 2506 sanctus:

150 2515 228 2559 Frater
243 2513 373 2574 guardiane,
384 2527 470 2573 semper
486 2512 541 2557 mihi
557 2511 644 2557 curialis
661 2510 730 2565 fuisti,
745 2511 815 2557 modo
830 2528 915 2572 precor,

149 2577 295 2623 curialitatem
308 2576 407 2621 ostende.
440 2576 565 2636 Respondit
575 2576 724 2637 guardianus:
742 2576 786 2621 Fac
798 2592 840 2636 pro
850 2576 914 2629 velle,

149 2651 219 2704 pater,
231 2640 341 2704 quidquid
352 2638 394 2685 tibi
404 2640 496 2701 spiritus
507 2639 614 2702 suggerit.

198 2706 318 2752 Advocans
348 2704 417 2767 igitur
440 2704 536 2768 quedam
563 2703 678 2749 hominem
705 2702 832 2760 secularem,
856 2703 913 2749 mul·

150 2781 199 2816 turn
229 2770 347 2826 devotum,
373 2769 430 2815 dixit
457 2769 505 2815 illi:
538 2770 621 2830 Accipe
653 2769 712 2814 hunc
737 2767 867 2813 mantellum
891 2777 913 2813 et
