1919 3169
238 95 440 145 TRACTATUS
456 95 629 144 SECUNDUS
785 109 814 157 45

50 195 164 256 designat:
193 192 285 248 ferrum,
313 193 377 238 firma
403 193 567 254 perseverantia
593 202 644 239 est:
673 208 741 256 porro
767 207 814 237 sor-

51 261 129 306 didum
158 258 290 303 mantellum
322 259 453 316 despectum
485 257 643 319 corpusculum
670 257 742 312 crede,
770 273 815 318 quo

51 323 123 369 anima
146 321 243 382 pretiosa
266 320 399 382 contegitur.
433 321 504 368 Multi
528 331 626 367 attamen
651 320 755 382 spiritum
780 319 816 364 dei

51 386 156 433 habentes
175 385 290 430 dominam
301 386 375 436 ,istam
392 384 460 431 velud
477 401 580 447 sponsam
598 385 668 447 patris
686 384 817 446 intelligunt

51 458 221 514 paupertatem:
256 449 332 506 Istam,
365 448 479 512 inquiunt,
512 449 564 496 fecit
599 449 671 512 glorie
704 449 816 510 premium

53 531 147 569 auream,
170 512 228 558 fame
250 512 381 573 preconium
403 525 536 574 argenteam,
559 531 602 560 una
626 514 682 559 foris
706 523 728 558 et
755 514 908 567 intusFol.15vo

53 578 134 640 absque
155 575 232 622 loculis
253 576 362 637 professio
384 576 548 633 christallinum,
565 576 636 622 finalis
657 576 818 639 perseverantia

54 644 163 695 ferream3
180 641 231 686 huic
246 651 321 686 autern
334 642 431 701 preclare
447 642 537 687 domine
554 642 685 688 mantellum
702 641 818 687 sordidum

55 706 183 754 animalium
192 705 515 766 hominumreputatiotexuit.
542 706 621 752 Plures
633 706 750 752 oraculum
757 704 819 751 istud

55 770 155 834 religioni
172 779 281 832 coaptant,
299 771 459 816 successionem
478 781 607 832 temporum
627 787 694 816 cursu
711 769 819 817 danihelis

56 845 184 900 sequentes;
198 834 237 880 sed
246 834 273 880 ad
282 844 368 897 patrem
379 835 490 897 pertinere
501 835 552 881 hinc
563 835 657 881 maxime
665 835 744 898 liquet,
756 833 819 897 quod

55 900 202 960 arrogantiam
219 899 291 944 vitans
308 900 448 958 interpretari
465 900 554 959 penitus
571 900 650 946 noluit.
685 900 717 943 Et
728 901 820 961 quidem

57 965 74 1008 si
85 963 187 1008 stillasset
197 962 226 1008 ad
237 962 347 1017 ordinem,
360 979 405 1008 non
416 973 481 1009 muto
492 962 579 1008 silentio
591 963 749 1025 pertransisset.

97 1092 130 1132 De
148 1090 306 1141 compassione
324 1102 392 1140 quam
410 1090 439 1132 ad
457 1102 569 1142 pauperes
587 1091 666 1132 habuit
684 1093 707 1132 et
723 1091 820 1141 qualiter
827 1091 916 1133 [A-LXVJ]

58 1155 83 1184 se
96 1143 234 1194 pauperibus
247 1142 368 1184 invidebat.

103 1218 173 1307 Ehe
192 1251 227 1297 vir
245 1262 327 1314 quante
345 1252 502 1313 compassionis
520 1251 547 1298 ad
565 1267 670 1315 pauperes
687 1250 762 1308 fuerit,
778 1267 821 1314 que

59 1315 128 1362 valeat
139 1315 216 1378 lingua
226 1317 329 1363 narrare?
347 1376 349 1378 ‚
361 1318 416 1363 Sane
430 1316 569 1363 clementiam
582 1316 675 1363 habebat
691 1317 821 1378 ingenitam,

59 1397 125 1442 quam
149 1380 289 1441 superinfusa
312 1382 380 1442 pietas
408 1381 541 1442 duplicabat.
584 1382 663 1442 Itaque
689 1380 824 1442 liquescebat

1 1456 3 1494 j
59 1444 145 1490 animus
156 1444 266 1490 Francisci
278 1445 305 1491 ad
316 1460 434 1506 pauperem
448 1456 470 1491 et
481 1444 563 1507 quibus
575 1461 620 1491 non
628 1454 715 1505 poterat
723 1461 823 1502 manum,

2 1533 4 1545 2
59 1507 175 1551 exhibebat
196 1509 316 1563 affectum3
344 1508 456 1570 quidquid
483 1508 591 1563 defectus,
616 1508 710 1571 quiquid
731 1508 824 1569 penurie

60 1571 83 1615 in
100 1587 214 1633 quoquam
233 1571 342 1627 cernebat,
361 1572 437 1617 reduci
456 1582 530 1616 mente
555 1589 580 1617 ac
596 1573 661 1616 celeri
681 1573 824 1616 conversione

60 1633 174 1697 regerebat
187 1636 210 1681 in
228 1637 343 1682 christum.
371 1637 405 1682 Sic
423 1637 495 1682 filiurn
512 1636 614 1698 pauperis
631 1637 722 1682 domine
738 1636 825 1698 legebat

2 1698 6 1767 1}
61 1700 83 1745 in
105 1701 239 1761 pauperibus
261 1700 353 1759 cunctis,
373 1700 459 1748 nudum
481 1701 548 1747 corde
569 1717 655 1763 gerens,
674 1717 740 1764 quem
762 1701 824 1747 illam

62 1765 148 1808 nudum
164 1765 187 1808 in
204 1765 312 1811 manibus.
346 1767 379 1809 At
395 1781 449 1811 vero
467 1781 518 1810 cum
535 1780 625 1810 omnem
642 1781 654 1809 a
670 1781 693 1809 se
708 1764 826 1826 relegasset

62 1828 176 1885 invidiam,
200 1828 246 1873 sola
268 1843 341 1873 carere
363 1844 408 1874 non
431 1830 506 1891 potuit
528 1829 611 1874 invidia
633 1829 785 1891 paupertatis;
807 1828 825 1873 si

78 1893 153 1938 uidem
169 1895 323 1956 pauperiorem
342 1909 365 1940 se
383 1894 432 1956 ipso
449 1894 541 1952 videret,
556 1894 657 1955 protinus
674 1893 788 1940 viderebat
803 1903 825 1940 et

76 1957 134 2002 mula
144 1968 273 2019 paupertate
285 1968 417 2013 concertans,
431 1959 497 2003 invici
508 1975 531 2002 se
541 1957 633 2003 timebat
643 1958 666 2002 in
677 1957 723 2003 illo.

110 2021 200 2065 Accidit
216 2023 252 2067 die
268 2022 369 2084 quadam,
381 2037 432 2066 cum
445 2021 579 2082 predicando
588 2022 623 2068 vir
636 2022 671 2066 dei
685 2022 826 2076 discurreret,

78 2085 223 2144 auperculum
242 2087 361 2148 quemdam
383 2085 475 2130 obvium
493 2085 573 2130 habere
591 2086 614 2130 in
632 2086 675 2142 via,
694 2085 756 2130 cuius
774 2102 826 2130 cum

79 2148 187 2194 uditatem
196 2151 337 2212 prospiceret,
345 2160 499 2212 compunctus,
508 2151 536 2196 ad
544 2150 627 2196 sotium
635 2149 732 2196 vertitur
739 2149 825 2196 dicens:

65 2211 173 2274 Magnam
186 2216 341 2262 verecundiam
355 2215 431 2260 intulit
446 2215 509 2261 nobis
522 2215 588 2260 huius
601 2215 675 2276 inopia
689 2225 712 2260 et
727 2225 827 2260 nostram

80 2287 216 2336 aupertatem
230 2279 354 2338 plurimum
369 2279 519 2338 reprehendit.
552 2280 596 2323 Cui
612 2279 727 2338 respondit
742 2280 827 2324 sotius:

66 2337 117 2388 Qua
129 2341 221 2399 ratione,
233 2341 315 2387 frater?
348 2342 379 2386 Et
390 2352 477 2388 sanctus
487 2341 622 2387 lamentabili
633 2358 687 2386 voce
698 2340 825 2405 respondit:

64 2400 109 2449 Pro
121 2407 174 2451 meis
185 2408 276 2466 divitiis,
285 2424 326 2469 pro
337 2424 386 2452 mea
393 2409 490 2464 domina,
500 2417 653 2471 paupertatem
664 2407 734 2469 elegi3
748 2417 771 2453 et
779 2423 827 2452 ecce

76 2468 147 2515 elucet
155 2473 226 2534 magis
237 2473 260 2517 in
268 2473 318 2519 isto.
346 2473 384 2517 An
392 2473 504 2533 ingnoras,
514 2473 575 2535 quod
583 2487 622 2535 per
629 2481 705 2527 totum
716 2472 827 2518 mundum

74 2535 164 2581 nsonuit
174 2547 236 2583 extra
247 2554 287 2583 nos
298 2553 339 2599 pro
349 2537 439 2582 Christo
450 2553 491 2584 nos
501 2553 606 2600 pauperes
616 2538 676 2582 esse?
710 2538 753 2584 Sed
764 2537 827 2583 aliter

75 2612 87 2639 e
97 2598 183 2656 habere,
193 2618 279 2662 pauper
290 2603 331 2646 iste
343 2602 460 2647 convincit.

87 2723 190 2775 Qualiter
198 2729 268 2771 frater
277 2729 305 2771 de
315 2727 413 2779 quodam
422 2738 523 2780 paupere
532 2727 690 2779 obloquentem
700 2726 804 2771 correxit·
833 2737 933 2782 [ii-axviJ]

111 2791 198 2880 fllia
219 2844 257 2874 sue
281 2827 437 2890 predicationis
458 2827 502 2883 die,
519 2827 609 2891 quidem
633 2828 782 2890 pauperculus
806 2836 828 2872 et
