1919 3169
116 66 146 125 64
299 67 504 115 TRACTATUS
522 69 697 116 SECUNDUS

113 180 138 209 ac
149 165 303 212 devotissimas
315 165 423 210 Domino
440 164 543 221 fundens
563 166 713 230 circumspicit
734 167 825 213 tandem
843 165 882 213 ubi

114 240 181 290 caput
197 232 225 275 ad
241 231 401 275 dormiendum
418 231 510 276 reclinet
531 242 553 275 et
570 232 646 276 subito
662 232 772 303 turbatus,
791 232 883 293 spiritus

114 309 194 354 pavere
205 304 227 339 61
243 294 318 340 tedere
333 294 397 355 cepit,
410 310 502 356 corpore
520 310 573 340 vero
591 311 618 339 ex
635 295 696 341 omni
714 305 777 357 parte
794 306 883 341 contre-

115 375 182 405 mere.
211 358 322 406 Sentiebat
334 359 428 422 liquido,
438 370 515 406 contra
525 376 547 405 se
556 359 697 422 dyabolicas'
693 361 881 429 impugnationes,

114 440 181 483 super
191 433 276 469 tectum
291 439 346 470 vero
363 425 496 470 domust
463 436 496 470 cat
497 441 559 470 ervas
576 426 700 470 demonum
717 442 770 470 cum
786 426 882 486 strepitu

113 486 270 532 discurrentes

137 570 139 572 ’
163 550 277 597 Surrexit
272 562 348 614 itaque
362 551 467 613 protinus
482 562 505 598 et
522 568 622 613 egressus
639 551 700 598 foras
722 553 793 598 crucis
810 552 882 615 signa-

114 615 191 662 culum
213 616 282 662 fronti
299 617 410 678 imprimis
427 617 499 663 dixit:
523 618 559 662 Ex
580 627 641 679 parte
663 618 824 679 omnipotentis
846 618 882 664 dei

114 680 170 728 dico.
181 680 246 729 vobis
263 681 376 740 demones,
395 692 422 729 ut
439 682 551 746 quidquid
573 682 637 728 vobis
654 683 788 745 permissum
807 693 840 729 est
859 683 882 728 in

38 766 40 768 ·
63 773 65 775 ·
114 763 165 791 meo
182 763 275 808 corpore
292 746 391 801 faciatis;
409 746 479 791 libens
495 747 615 800 substine0‚
635 748 688 809 quia
705 764 757 792 cum
775 749 882 791 maiorem

113 809 230 868 inimicum
242 825 288 856 non
299 809 391 855 habeam
408 825 507 871 corpore,
520 810 660 857 vindicabitis
670 811 745 857 mede
756 812 882 858 adversario

113 892 171 933 meo,
188 875 245 922 dum
262 875 285 921 111
304 875 352 937 ipso
371 875 420 921 vice
439 875 483 921 mei
502 876 630 922 exercebitis
649 875 766 922 ultionem.
803 876 882 939 Itaque

114 940 154 1002 qui
176 951 268 1002 propter
290 940 394 1001 spiritum
416 942 577 986 deterrendum
599 951 755 996 convenerant,
777 941 882 1002 spiritum

114 1005 277 1066 promptiorem
298 1005 322 1049 in
344 1020 408 1049 carne
430 1005 519 1050 infirma
542 1016 663 1062 cernentes,
685 1006 772 1066 pudore
794 1005 883 1051 confusi

115 1079 217 1128 protinus
233 1078 376 1115 evanescunt.

163 1134 235 1179 Mane
256 1131 322 1191 facto,
345 1133 467 1179 revertitur
491 1133 519 1179 ad
540 1150 593 1179 eum
620 1133 692 1180 sotius
718 1143 740 1179 et
767 1133 882 1179 inveniens

114 1209 217 1245 sanctum
245 1215 319 1244 coram
345 1197 409 1244 altari
437 1208 580 1261 prostratum,
608 1208 708 1261 expectat
736 1208 797 1244 extra
829 1198 882 1244 cho-

115 1280 175 1321 rum,
198 1275 292 1325 oratque
318 1264 409 1308 interim
436 1265 482 1323 ipse
504 1280 578 1309 coram
606 1280 671 1310 cruce
698 1264 826 1318 ferventer;
859 1274 882 1308 et

116 1343 166 1371 6666
193 1326 265 1373 factus
287 1327 310 1371 in
337 1326 407 1371 extasi
434 1327 496 1372 videt
518 1327 576 1372 inter
600 1327 682 1372 multas
704 1328 727 1372 in
752 1327 798 1372 celo
820 1328 882 1372 sedes

116 1408 185 1437 unam
202 1392 279 1438 ceteris
296 1392 358 1454 digni
352 1409 431 1448 1‚0rem
443 1403 543 1437 ornatam
559 1392 662 1453 pretiosis
678 1390 797 1454 lapidibus,
809 1392 883 1437 omni-

116 1474 160 1518 que
192 1457 263 1519 gloria
289 1456 461 1518 prefulgentem.
506 1457 606 1502 Miratus
638 1458 697 1502 intra
728 1474 751 1501 se
784 1455 881 1501 nobilem

115 1521 224 1567 thronum
246 1531 269 1566 et
291 1521 354 1566 cuius
376 1521 404 1566 sit
429 1520 482 1565 tacit
485 1537 516 1575 us,
545 1530 638 1582 pensat3
665 1521 730 1567 audit
755 1521 814 1566 inter
841 1522 883 1566 hec

73 1591 74 1594 ’
116 1602 195 1631 vocem
212 1587 322 1632 dicentem
339 1585 396 1630 sibi:
420 1586 509 1630 Sedes
504 1578 546 1630 ista
562 1586 630 1630 unius
647 1586 674 1631 de
695 1586 813 1630 ruentibus
837 1585 882 1631 fuit

28 1778 67 1815 Fol.
75 1783 113 1826 23¹⁰

117 1659 139 1696 et
169 1667 230 1696 1111116
260 1648 341 1695 humili
371 1648 493 1695 franciscus
523 1660 631 1695 servatur.
675 1650 775 1695 Demum
805 1648 833 1694 ad
860 1665 882 1694 se

115 1732 217 1762 reversus
240 1715 308 1761 frater
334 1713 397 1760 videt
424 1714 514 1760 beatum
542 1713 700 1760 Francischum
727 1714 754 1759 ab
781 1714 883 1760 oratione

117 1781 175 1826 exire
192 1797 291 1843 moxque
307 1780 330 1824 in
348 1780 443 1825 modum
463 1780 533 1826 crucis
548 1790 672 1840 prostratus
690 1780 771 1841 ipsum,
791 1796 837 1825 non
856 1789 883 1825 ut

117 1846 204 1890 mundo
220 1846 341 1900 viventem,
358 1844 397 1888 sed
413 1845 476 1906 quasi
495 1845 518 1888 in
540 1846 587 1888 celo
606 1854 742 1906 regnantem,
759 1845 882 1906 alloquitur

117 1909 204 1955 dicens:
238 1911 362 1970 Deprecare
372 1924 414 1970 pro
425 1925 461 1953 me
472 1908 544 1953 filium
555 1909 599 1964 dei,
605 1920 676 1981 pater,
689 1919 715 1955 ut
726 1908 782 1954 mihi
794 1919 883 1981 peccata

116 1992 162 2021 non
181 1975 283 2038 imputet
324 1973 456 2020 Extendens
478 1991 570 2020 manum
589 1974 624 2020 vir
643 1973 679 2020 dei
700 1973 803 2020 allevat
799 1991 881 2036 ipsum,

117 2056 251 2104 cognoscens
267 2039 388 2102 aliquid
370 2056 390 2084 61
407 2037 495 2084 fuisse
491 2056 514 2084 m
530 2039 630 2084 oratione
646 2050 788 2084 mostratum.

164 2106 268 2150 Tandem
282 2103 437 2149 recedentibus
453 2104 529 2148 inde
508 2113 649 2164 ,interrogat
664 2103 733 2148 frater
743 2104 780 2148 1116
791 2103 881 2148 beatum

118 2169 277 2215 Francischum
295 2168 387 2213 dicens:
406 2167 470 2219 Quid
488 2168 515 2213 de
533 2177 562 2225 te,
574 2177 642 2228 pater,
657 2177 696 2212 tua
713 2166 754 2212 tibi
771 2167 882 2212 ministrat

117 2234 208 2296 opinio?
243 2233 291 2285 Qui
307 2231 438 2294 respondit:
463 2232 547 2278 Videor
564 2231 619 2278 mihi
641 2233 751 2278 maximus
773 2242 882 2294 peccator,

117 2301 225 2361 quoniam
236 2300 335 2360 aliquem
349 2298 479 2344 sceleratum
494 2309 555 2344 tanta
569 2298 648 2344 fuisset
663 2299 718 2345 deus
733 2298 883 2345 misericordia

117 2372 256 2424 prosecutus,
276 2362 373 2421 decuplo
390 2376 426 2405 me
442 2362 580 2421 spiritualior
597 2372 658 2407 esset.
693 2363 731 2407 Ad
750 2363 789 2406 hec
806 2363 882 2407 statim

68 2442 70 2445 ·
117 2428 141 2472 in
158 2428 223 2475 corde
240 2427 316 2473 fratris
333 2425 424 2488 spiritus
441 2425 511 2473 dixit:
530 2426 653 2489 Cognosce,
665 2426 728 2490 quod
745 2442 797 2472 vera
814 2424 884 2472 fuerit

44 2714 112 2759 111111

117 2493 181 2553 visio,
199 2510 267 2556 quam
286 2491 371 2549 vidisti,
389 2492 495 2553 quoniam
514 2492 541 2538 ad
560 2492 635 2538 sedem
654 2492 756 2553 superbia
772 2492 883 2554 perditam

117 2558 231 2603 humilitas
240 2557 323 2602 levabit
333 2556 494 2602 humillimum.

247 2702 281 2744 De
294 2698 393 2752 quodam
407 2699 476 2741 fratre
489 2711 503 2742 a
516 2700 642 2742 tentatione
656 2699 756 2742 liberato.

165 2778 274 2866 Erater
296 2807 395 2871 quidam,
415 2807 537 2868 spiritualis
558 2817 580 2852 et
601 2807 708 2870 antiquus
729 2808 752 2852 in
770 2805 885 2868 religione,
