1919 3169
86 96 115 144 50
269 81 471 129 TRACTATUS
492 82 665 129 SECUNDUS

85 179 200 224 Christum
208 194 274 224 suum
283 177 355 224 anima
363 176 459 233 sitiebat,
466 187 542 224 totum
552 177 618 224 illum
629 194 675 225 non
686 177 760 226 solum
769 180 850 238 cordis,

84 241 123 287 scd
139 242 238 305 corporis
253 240 374 288 dedicabat.
406 242 542 287 Orationum
552 243 599 287 eius
613 242 729 304 magnalia,
741 256 850 305 quantum

84 307 155 354 oculis
166 307 272 362 vidimus,
284 315 351 369 prout
365 303 398 351 fas
413 305 518 353 humanis
529 305 619 352 auribus
635 307 730 365 tradere,
742 307 850 355 imitanda

84 374 178 435 posteris
198 389 268 435 pauca
282 370 407 418 referimus.
441 372 522 418 Otium
539 381 646 429 sanctum,
658 389 704 437 quo
720 373 850 436 sapientiam

84 438 146 484 cordi
171 436 306 492 inscriberet,
328 434 422 483 faciebat
448 437 476 484 de
501 447 602 499 tempore
628 447 684 495 toto,
706 454 741 494 ne,
763 439 781 485 si
803 455 848 485 non

83 518 170 563 semper
180 502 302 563 proficeret,
314 501 407 545 deficere
417 501 538 547 videretur.

131 567 152 611 Si
174 565 265 630 quando
285 565 423 612 visitationes
444 566 582 623 secularium,
604 582 643 610 seu
664 566 738 628 queris
759 567 849 629 negotia

83 631 225 693 ingruebant,
255 630 352 692 precisis,
381 630 457 692 potius
497 647 564 694 quam
598 629 674 686 finitis,
704 631 732 678 ad
770 632 849 679 intima

22 696 25 702 “
81 694 212 741 recurrebat.
246 695 358 755 insipidus
369 695 462 756 quidem
472 705 518 740 erat
533 695 631 740 mundus
645 694 719 741 celesti
730 696 848 744 dulcedine

80 770 144 820 pasto
155 769 177 805 et
188 760 216 805 ad
226 775 303 820 grossa
313 758 432 804 hominum
443 759 519 804 divine
527 759 602 804 delitie
612 759 709 805 fecerant
720 760 847 808 delicatum.

80 823 169 870 Locum
180 838 267 886 semper
275 821 364 885 petebat
375 822 537 880 absconditum,
547 839 594 885 quo
604 824 655 869 Deo
665 840 707 870 suo
716 840 762 870 non
772 825 847 872 solum

80 890 191 950 spiritum,
203 889 242 934 sed
252 887 353 934 membra
363 888 450 950 singula
461 898 580 950 coaptaret.

128 954 187 999 Cum
205 954 229 998 in
246 952 338 1014 publico
354 952 430 998 subito
449 953 574 999 efficeretur
591 952 694 999 visitatus
710 970 722 1000 a
738 956 846 1012 Domino,

80 1032 107 1062 ne
118 1018 165 1063 sine
176 1019 231 1063 cella
241 1017 307 1072 foret,
320 1017 347 1061 de
357 1017 465 1061 mantello
476 1017 576 1062 cellulam
587 1015 687 1064 faciebat.
722 1019 777 1063 Non
788 1036 847 1064 nun-

80 1098 147 1143 quam
168 1080 276 1128 mantello
297 1097 379 1136 carens,
402 1098 429 1126 ne
453 1097 533 1127 manna
556 1081 712 1127 absconditum
734 1083 847 1144 proderet,

80 1147 166 1192 manica
173 1147 264 1194 vultum
272 1145 366 1208 tegebat.
394 1147 486 1207 Semper
496 1145 582 1208 aliquid
589 1145 706 1192 obiiciebat
717 1148 845 1206 astantibus,

3 1219 107 1268 ol.17'⁰ne
123 1211 198 1273 sponsi
209 1221 294 1257 tactum
306 1220 472 1273 cognoscerent,
485 1209 524 1268 ita,
535 1219 561 1256 ut
572 1210 595 1255 in
606 1221 655 1257 arto
668 1211 731 1257 navis
742 1212 846 1274 plurimis

79 1276 175 1323 insertus
197 1287 270 1323 oraret
291 1275 382 1321 invisus.
430 1275 534 1339 Denique
561 1274 630 1321 nichil
652 1276 734 1321 horum
758 1286 845 1339 potens,

78 1340 171 1387 faciebat
192 1342 220 1387 de
241 1350 331 1402 pectore
352 1339 469 1401 templum.
519 1340 677 1386 Excreationes
695 1350 717 1385 et
738 1341 844 1403 gemitus,

78 1404 163 1453 oblivio
179 1406 221 1461 sui,
233 1406 304 1451 durus
320 1404 430 1450 anhelitus
446 1414 468 1450 et
485 1403 607 1450 forinsecos
623 1415 691 1451 nutus
706 1404 805 1452 absortio
821 1406 844 1452 in

77 1469 196 1514 dominum
206 1469 350 1514 abstulerant.

125 1534 178 1580 Hec
201 1534 271 1581 domi.
320 1532 347 1578 ln
371 1529 432 1578 silvis
455 1547 510 1578 vero
537 1540 560 1578 et
589 1531 748 1579 solitudinibus
771 1549 844 1594 orans,

76 1615 168 1646 nemora
183 1599 283 1661 replebat
300 1597 429 1660 gemitibus,
442 1595 490 1643 loca
508 1596 623 1659 spargebat
637 1597 740 1657 lacrimis,
754 1609 844 1662 pectora

76 1681 144 1710 manu
160 1663 277 1719 tundebat,
299 1663 376 1725 ibique
393 1661 454 1725 quasi
472 1661 580 1708 occultius
596 1663 738 1709 secretarium
759 1675 842 1722 nactus,

75 1727 260 1774 confabulabatur
276 1742 326 1788 sepe
339 1725 413 1771 verbis
424 1741 475 1770 cum
486 1726 579 1771 domino
590 1742 639 1783 suo,
651 1727 684 1771 lbi
695 1729 843 1787 respondebat

75 1792 150 1849 iudici,
170 1792 200 1838 ibi
221 1790 357 1854 supplicabat
378 1789 443 1851 patri,
465 1788 496 1835 ibi
517 1790 687 1853 colloquebatur
713 1791 791 1850 amico,
811 1792 842 1839 ibi

76 1857 203 1905 colludebat
228 1873 317 1920 sponso.
359 1855 451 1910 Revera,
469 1865 496 1901 ut
522 1865 611 1901 cunctas
637 1855 745 1902 medullas
772 1858 845 1905 cordis

76 1922 230 1984 multipliciter
245 1921 401 1967 holocaustum
417 1920 520 1976 efficeret,
537 1919 684 1982 multiplicem
700 1932 751 1967 ante
767 1923 844 1969 oculos

76 2002 164 2031 summe
174 1986 299 2047 simplicem
309 1983 455 2045 proponebat.
488 1984 591 2030 immotis
601 2001 653 2046 sepe
660 1985 730 2041 labiis,
743 1988 844 2032 rumina-

76 2048 114 2095 bat
130 2050 222 2095 interius
244 2060 266 2095 et
287 2048 399 2094 introrsus
418 2047 539 2093 extrinseca
555 2049 645 2095 trahens
661 2049 772 2110 spiritum,
790 2052 843 2097 sub-

76 2113 171 2163 vehebat
181 2115 205 2162 in
216 2130 315 2178 superos.
357 2113 456 2159 Omnem
466 2113 497 2159 sic
508 2123 530 2159 et
541 2111 650 2159 intuitum
666 2124 689 2160 et
703 2113 807 2162 affectum
819 2115 842 2162 in

75 2197 151 2239 unam,
160 2197 227 2244 quarn
235 2178 324 2243 petebat
335 2195 347 2223 a
357 2177 458 2234 domine,
467 2178 577 2241 dirigebat
585 2188 701 2225 totusnon
712 2189 758 2226 tarn
770 2196 842 2238 orans,

75 2261 142 2308 quam
153 2246 226 2291 oratio
235 2245 315 2290 factus.

124 2310 208 2355 Solitus
229 2320 305 2354 autem
326 2317 374 2351 erat
395 2306 479 2357 nullam
504 2307 654 2352 visitationem
677 2308 769 2368 spiritus
788 2325 840 2356 cum

75 2373 211 2436 negligentia
227 2372 350 2434 preterire3
368 2371 406 2417 sed
419 2387 468 2417 cum
486 2370 628 2428 offerebatur,
645 2371 777 2434 sequebatur
793 2390 841 2419 eam

73 2447 96 2483 et
120 2437 228 2502 quamdiu
253 2435 359 2483 dominus
375 2434 525 2497 permittebat,
542 2434 657 2481 fruebatur
673 2435 791 2483 dulcedine
810 2438 841 2484 sic

74 2502 152 2550 oblata.
183 2503 243 2549 Cum
262 2502 332 2565 igitur
350 2499 426 2562 aliquo
440 2500 531 2562 negotio
542 2510 668 2563 urgeretur,
685 2502 721 2547 vel
740 2502 841 2549 intentus

72 2574 129 2612 esset
136 2567 217 2624 itineri,
225 2578 297 2612 tactus
305 2564 414 2628 quosdam
421 2566 491 2625 gratie
500 2565 580 2611 sensim
588 2566 730 2626 persentiens,
737 2567 841 2628 gustabat

72 2631 225 2693 interpolatim
238 2642 261 2678 et
277 2630 406 2694 frequenter
420 2629 477 2675 illud
490 2645 571 2674 manna
583 2629 745 2676 dulcissimum.
779 2631 839 2677 Nam

72 2706 94 2743 et
105 2696 129 2743 in
146 2696 189 2755 via,
200 2696 263 2743 sotiis
274 2693 451 2757 precedentibus,
463 2695 560 2758 gradum
575 2695 657 2756 figebat
668 2711 794 2760 novamque
805 2697 838 2741 in-

70 2762 215 2826 spirationem
226 2762 254 2809 ad
265 2759 397 2807 fruitionem
408 2770 546 2820 convertens,
557 2760 651 2824 gratiam
665 2776 711 2807 non
721 2761 839 2824 recipiebat

70 2845 94 2872 ln
104 2844 207 2875 VaCUUm.
