1919 3169
103 66 133 125 46
324 64 483 111 LEGENDA
499 65 655 127 ANTIQUA

107 160 166 222 plus,
175 178 244 226 quam
255 162 278 206 in
289 161 333 206 deo
344 160 466 216 confiditis,
482 177 567 206 muscas
578 177 659 221 nempe
667 161 768 207 denarios
778 160 873 208 vocavit.

109 226 152 272 Sed
169 225 315 281 revertimini,
331 224 368 280 ait,
387 240 425 286 per
440 224 527 280 domos,
543 241 596 288 quas
613 224 721 271 circuistis
738 235 760 271 et
776 240 875 272 amorem

108 290 144 337 dei
160 307 203 353 pro
219 289 313 337 denariis
330 288 456 344 offerentes,
473 289 587 335 humiliter
603 288 783 352 heleemosynam
799 289 873 352 petite.

108 356 187 404 Nolite
198 354 331 411 erubescere,
344 353 450 418 quoniam
466 355 570 403 universa
586 354 609 401 in
625 354 804 417 heleemosynam
821 372 875 401 con-

108 437 167 468 cessa
187 430 240 467 sunt
255 429 307 483 post
322 429 445 481 peccatum,
463 419 582 483 dignisque
599 429 621 466 et
637 419 736 481 indignis
752 420 875 481 eleemosy-

109 487 183 532 narius
204 485 241 532 ille
268 501 363 547 magnus
389 485 494 532 clementi
521 485 602 546 pietate
629 483 729 547 largitur.
782 485 875 532 Ponunt

107 549 279 597 erubescentiam
299 548 393 605 milites;
413 560 436 596 et
453 550 620 611 heleemosynas
641 559 746 612 prompte
765 560 873 612 petentes,

107 615 171 679 plura
181 615 217 662 dei
229 629 311 666 amore.
324 630 390 677 quam
402 614 499 660 denariis
512 623 604 670 emunt;
621 614 732 678 siquidem
744 630 794 660 cum
808 614 875 675 ylari-

106 691 152 725 tate
163 679 263 724 certatim
275 679 349 723 cuncti
359 678 446 733 dedere,
460 696 500 725 nec
514 679 609 725 invaluit
619 677 694 733 fames,
708 678 747 724 ubi
758 689 875 740 paupertas

107 743 212 803 opulenta
222 740 338 803 prevaluit.

30 895 103 936 [o-er]
152 854 201 939 In
220 880 430 943 heleemosynarum
441 880 539 938 datione,
551 881 674 927 animarum
691 880 786 938 lucrum,
799 882 874 943 potius

107 961 174 1006 quam
186 946 256 992 carnis
272 944 404 1001 subsidium,
416 945 558 1007 requirebat;
576 957 598 991 et
613 962 659 990 non
670 947 746 992 minus
757 947 780 991 in
792 947 873 1001 dando,

107 1025 174 1072 quam
186 1009 209 1055 in
220 1007 348 1070 accipiendo
364 1025 386 1054 se
403 1007 477 1069 ipsum
494 1007 590 1070 ponebat
606 1009 683 1055 ceteris
700 1009 723 1054 in
739 1011 871 1071 exemplum.

107 1074 165 1120 Cum
176 1076 236 1120 enim
247 1074 306 1135 apud
322 1074 481 1119 Alexandriam
498 1072 642 1131 Lombardie,
660 1073 754 1121 verbum
771 1075 807 1121 dei
824 1091 874 1137 pre-

106 1137 227 1195 dicaturus,
250 1138 379 1194 accederet3
402 1148 425 1185 et
449 1155 461 1184 a
485 1139 583 1202 quodam
607 1138 664 1194 viro,
686 1139 781 1185 timente
806 1140 873 1185 deum

105 1201 208 1266 fameque
240 1203 362 1258 laudabilis,
396 1203 478 1249 devote
510 1201 588 1249 fuisset
622 1213 736 1265 susceptus
768 1205 873 1266 hospitio,

105 1277 199 1329 rogatus
220 1267 247 1313 ab
269 1283 303 1324 eo,
326 1277 353 1312 ut
374 1277 465 1328 propter
486 1267 556 1312 saneti
580 1267 682 1328 evangeli
701 1267 873 1325 observantiam,

25 1331 96 1382 Fol44
105 1329 133 1376 de
157 1331 220 1376 omni
246 1330 348 1393 apposito
375 1330 525 1386 manducaret,
548 1331 628 1376 annuit
655 1330 751 1394 benigne
779 1332 873 1395 hospitis

106 1396 227 1444 devotione
253 1396 362 1443 devictus.
411 1396 517 1442 Accurrit
539 1396 576 1442 ille
600 1395 694 1442 festinus
715 1406 738 1443 et
765 1414 872 1459 caponem

105 1473 236 1524 septennem
246 1461 346 1508 studiose
357 1460 444 1506 homini
455 1461 490 1507 dei
502 1471 605 1524 preparat
615 1462 805 1509 manducandum.

153 1528 249 1574 Sedente
275 1526 303 1571 ad
325 1541 425 1571 mensam
450 1541 573 1585 pauperum
597 1527 721 1586 patriarcha
742 1537 765 1573 et
788 1526 872 1573 familia

104 1590 245 1646 iocundante,
265 1587 379 1651 extemplo
397 1588 460 1636 adest
476 1589 503 1636 ad
525 1588 624 1635 hostium
643 1589 700 1635 filius
719 1589 791 1648 belial,
809 1592 871 1637 omni

103 1656 174 1718 gratia
190 1671 280 1719 pauper,
291 1671 367 1700 rerum
383 1664 564 1716 opportunarum
582 1654 690 1700 simulans
709 1666 870 1717 paupertatem.

105 1721 222 1783 Proponit,
234 1720 348 1783 sagaciter,
359 1736 459 1766 amorem
470 1719 505 1767 dei
517 1719 696 1781 heleemosynam
712 1720 838 1782 expetendo
849 1732 871 1768 et

102 1801 158 1831 voce
168 1784 311 1847 lacrymabili,
320 1795 412 1846 propter
423 1785 496 1839 deum,
509 1784 550 1828 sibi
561 1784 660 1845 postulat
670 1784 791 1831 subveniri.
825 1788 871 1831 Re-

103 1850 218 1911 cognoscit
228 1857 317 1894 sanctus
329 1863 412 1893 nomen
422 1863 488 1908 super
499 1847 574 1893 omnia
585 1846 727 1894 benedictum
743 1858 766 1894 et
782 1848 871 1896 dulcius

102 1911 144 1959 sibi
163 1912 241 1970 melle3
267 1911 392 1975 gratissime
409 1910 536 1958 membrum
553 1911 645 1974 suscipit
662 1911 708 1959 avis
727 1913 827 1976 apposite
845 1930 870 1961 ac

103 1979 154 2040 pani
171 1978 338 2041 superpositum
357 1977 443 2039 petenti
459 1976 601 2024 transmittit.
635 1976 699 2029 Quid
716 1977 793 2039 plura?
826 1980 869 2025 Re-

102 2053 176 2089 servat
186 2042 264 2089 infelix
275 2042 353 2088 datum
364 2051 391 2087 ut
401 2050 478 2087 sancto
488 2041 569 2086 interat
579 2040 731 2103 obprobrium.

151 2107 178 2152 ln
200 2106 322 2154 crastinum
344 2106 431 2168 populo
457 2115 601 2167 congregato,
623 2115 712 2151 sanctus
737 2121 800 2152 more
827 2122 868 2152 suo

102 2172 202 2233 predicat
212 2171 314 2219 verbum.
348 2171 418 2216 irruit
431 2169 505 2216 subito
521 2171 639 2217 sceleratus
654 2169 691 2215 ille
702 2181 724 2216 et
740 2169 867 2218 membrum

103 2238 193 2299 caponis
210 2236 326 2283 ostendere
337 2235 418 2282 nititur
429 2235 491 2281 omni
502 2234 562 2297 plebi
573 2253 578 2282 :
612 2236 678 2293 Ecce,
690 2236 776 2297 garrit:
796 2237 868 2299 qualis

103 2311 136 2347 est
165 2301 309 2348 Francischus
336 2301 385 2354 iste,
413 2300 452 2362 qui
479 2300 585 2361 predicat,
608 2316 674 2362 quem
701 2300 816 2347 honoratis
843 2312 868 2348 ut

103 2375 222 2420 sanctum;
245 2365 320 2411 videte
337 2380 420 2420 carnes,
438 2380 492 2424 quas
510 2365 566 2408 mihi
584 2379 641 2418 sero,
659 2364 715 2409 dum
734 2366 867 2420 comederet,

104 2428 174 2475 dedit.
208 2430 325 2490 increpant
342 2428 407 2473 illum
418 2428 540 2490 pessimum
551 2426 649 2474 universi
660 2436 683 2473 et
694 2426 761 2473 velud
773 2428 868 2475 demone

103 2493 196 2556 plenum
206 2510 284 2540 omnes
296 2492 418 2556 obiurgant
429 2509 435 2548 ;
452 2491 517 2554 piscis
534 2509 612 2539 revera
626 2490 731 2539 omnibus
742 2494 867 2555 apparebat,

104 2559 166 2623 quod
177 2557 289 2606 nitebatur
302 2558 339 2604 ille
356 2573 452 2604 asserere
468 2557 596 2603 membrum
612 2556 661 2603 fore
679 2557 774 2619 caponis.
808 2558 868 2606 Nam

104 2635 126 2670 et
138 2626 184 2685 ipse
195 2623 269 2680 miser,
280 2622 450 2683 obstupefactus
461 2623 574 2679 miraculo,
586 2622 717 2683 compulsus
725 2633 759 2669 est
768 2624 868 2670 confiteri

104 2689 166 2750 quod
184 2688 250 2733 ceteri
268 2687 402 2741 fatebantur,
420 2685 519 2732 Erubuit
536 2685 628 2732 tandem
645 2684 724 2731 infelix
740 2697 762 2732 et
784 2686 869 2733 facinus

104 2752 274 2816 deprehensum,
297 2750 420 2814 penitentia
444 2749 518 2807 diluit,
547 2766 622 2797 coram
650 2750 754 2796 omnibus
781 2753 869 2798 veniam

103 2817 227 2882 postulavit
237 2833 249 2864 a
259 2827 343 2874 sancto,
354 2831 467 2882 exponens
478 2831 545 2881 quam
557 2815 634 2861 habuit
648 2816 776 2877 nephariam
787 2817 870 2864 volun-
