<?xml version="1.0" encoding="UTF-8"?>
<!DOCTYPE html PUBLIC "-//W3C//DTD XHTML 1.0 Transitional//EN"
    "http://www.w3.org/TR/xhtml1/DTD/xhtml1-transitional.dtd">
<html xmlns="http://www.w3.org/1999/xhtml" xml:lang="en" lang="en">
 <head>
  <title>
</title>
<meta http-equiv="Content-Type" content="text/html;charset=utf-8" />
  <meta name='ocr-system' content='tesseract 3.04.00' />
  <meta name='ocr-capabilities' content='ocr_page ocr_carea ocr_par ocr_line ocrx_word'/>
</head>
<body>
  <div class='ocr_page' id='page_1' title='image "./MN5146ucmf_4_0160.png"; bbox 0 0 1919 3169; ppageno 0'>
   <div class='ocr_carea' id='block_1_1' title="bbox 139 66 688 114">
    <p class='ocr_par' dir='ltr' id='par_1_1' title="bbox 139 66 688 114">
     <span class='ocr_line' id='line_1_1' title="bbox 139 66 688 114; baseline 0 -1"><span class='ocrx_word' id='word_1_1' title='bbox 139 70 181 114; x_wconf 86' lang='lat'>108</span> <span class='ocrx_word' id='word_1_2' title='bbox 349 66 511 113; x_wconf 90' lang='lat' dir='ltr'>LEGENDA</span> <span class='ocrx_word' id='word_1_3' title='bbox 527 67 688 113; x_wconf 88' lang='lat' dir='ltr'><strong>GREGORII</strong></span> 
     </span>
    </p>
   </div>
   <div class='ocr_carea' id='block_1_2' title="bbox 137 160 914 2413">
    <p class='ocr_par' dir='ltr' id='par_1_2' title="bbox 137 160 901 354">
     <span class='ocr_line' id='line_1_2' title="bbox 137 160 899 223; baseline -0.004 -16"><span class='ocrx_word' id='word_1_4' title='bbox 137 173 165 208; x_wconf 92' lang='lat' dir='ltr'>ut</span> <span class='ocrx_word' id='word_1_5' title='bbox 191 173 280 208; x_wconf 86' lang='lat' dir='ltr'>sanctus</span> <span class='ocrx_word' id='word_1_6' title='bbox 306 160 426 206; x_wconf 83' lang='lat' dir='ltr'>franciscus</span> <span class='ocrx_word' id='word_1_7' title='bbox 453 162 571 223; x_wconf 83' lang='lat' dir='ltr'>pristinam</span> <span class='ocrx_word' id='word_1_8' title='bbox 598 162 618 207; x_wconf 91' lang='lat' dir='ltr'>ei</span> <span class='ocrx_word' id='word_1_9' title='bbox 645 162 748 208; x_wconf 88' lang='lat' dir='ltr'>redderet</span> <span class='ocrx_word' id='word_1_10' title='bbox 773 161 899 207; x_wconf 87' lang='lat' dir='ltr'>sanitatem.</span> 
     </span>
     <span class='ocr_line' id='line_1_3' title="bbox 138 224 901 289; baseline -0.004 -17"><span class='ocrx_word' id='word_1_11' title='bbox 138 227 219 289; x_wconf 86' lang='lat' dir='ltr'>Sicque</span> <span class='ocrx_word' id='word_1_12' title='bbox 229 226 332 288; x_wconf 87' lang='lat' dir='ltr'>precibus</span> <span class='ocrx_word' id='word_1_13' title='bbox 347 226 376 271; x_wconf 86' lang='lat' dir='ltr'>ad</span> <span class='ocrx_word' id='word_1_14' title='bbox 392 226 467 287; x_wconf 91' lang='lat' dir='ltr'>ipsum</span> <span class='ocrx_word' id='word_1_15' title='bbox 483 237 585 274; x_wconf 85' lang='lat' dir='ltr'>sanctum</span> <span class='ocrx_word' id='word_1_16' title='bbox 602 224 664 282; x_wconf 90' lang='lat' dir='ltr'>fusis,</span> <span class='ocrx_word' id='word_1_17' title='bbox 681 242 735 272; x_wconf 84' lang='lat' dir='ltr'>mox</span> <span class='ocrx_word' id='word_1_18' title='bbox 751 242 775 271; x_wconf 92' lang='lat' dir='ltr'>se</span> <span class='ocrx_word' id='word_1_19' title='bbox 785 224 901 287; x_wconf 85' lang='lat' dir='ltr'>conspexit</span> 
     </span>
     <span class='ocr_line' id='line_1_4' title="bbox 139 289 462 354; baseline 0 -16"><span class='ocrx_word' id='word_1_20' title='bbox 139 290 233 354; x_wconf 85' lang='lat' dir='ltr'><strong>pristine</strong></span> <span class='ocrx_word' id='word_1_21' title='bbox 243 290 358 337; x_wconf 89' lang='lat' dir='ltr'>redditum</span> <span class='ocrx_word' id='word_1_22' title='bbox 368 289 462 338; x_wconf 89' lang='lat' dir='ltr'>sanitati.</span> 
     </span>
    </p>

    <p class='ocr_par' dir='ltr' id='par_1_3' title="bbox 140 355 903 532">
     <span class='ocr_line' id='line_1_5' title="bbox 188 355 901 417; baseline -0.008 -13"><span class='ocrx_word' id='word_1_23' title='bbox 188 355 274 404; x_wconf 86' lang='lat' dir='ltr'>Mulier</span> <span class='ocrx_word' id='word_1_24' title='bbox 295 355 392 417; x_wconf 90' lang='lat' dir='ltr'>quedam</span> <span class='ocrx_word' id='word_1_25' title='bbox 414 356 438 401; x_wconf 84' lang='lat' dir='ltr'>in</span> <span class='ocrx_word' id='word_1_26' title='bbox 460 356 553 417; x_wconf 82' lang='lat' dir='ltr'>eugubii</span> <span class='ocrx_word' id='word_1_27' title='bbox 574 355 665 403; x_wconf 86' lang='lat' dir='ltr'>civitate</span> <span class='ocrx_word' id='word_1_28' title='bbox 686 355 800 417; x_wconf 88' lang='lat' dir='ltr'>paralitica</span> <span class='ocrx_word' id='word_1_29' title='bbox 820 355 901 409; x_wconf 78' lang='lat' dir='ltr'>iacenS,</span> 
     </span>
     <span class='ocr_line' id='line_1_6' title="bbox 140 419 903 475; baseline -0.004 -7"><span class='ocrx_word' id='word_1_30' title='bbox 140 421 208 468; x_wconf 90' lang='lat' dir='ltr'>tertio</span> <span class='ocrx_word' id='word_1_31' title='bbox 227 420 332 469; x_wconf 88' lang='lat' dir='ltr'>invocato</span> <span class='ocrx_word' id='word_1_32' title='bbox 353 419 445 467; x_wconf 90' lang='lat' dir='ltr'>nomine</span> <span class='ocrx_word' id='word_1_33' title='bbox 466 419 524 467; x_wconf 88' lang='lat' dir='ltr'>beati</span> <span class='ocrx_word' id='word_1_34' title='bbox 543 419 651 475; x_wconf 85' lang='lat' dir='ltr'>francisci,</span> <span class='ocrx_word' id='word_1_35' title='bbox 670 419 697 466; x_wconf 92' lang='lat' dir='ltr'>ab</span> <span class='ocrx_word' id='word_1_36' title='bbox 717 419 845 466; x_wconf 89' lang='lat' dir='ltr'>infirmitate</span> <span class='ocrx_word' id='word_1_37' title='bbox 862 434 903 465; x_wconf 85' lang='lat' dir='ltr'>sua</span> 
     </span>
     <span class='ocr_line' id='line_1_7' title="bbox 140 486 395 532; baseline -0.012 0"><span class='ocrx_word' id='word_1_38' title='bbox 140 486 233 532; x_wconf 83' lang='lat' dir='ltr'>dimissa</span> <span class='ocrx_word' id='word_1_39' title='bbox 243 494 276 531; x_wconf 92' lang='lat' dir='ltr'>est</span> <span class='ocrx_word' id='word_1_40' title='bbox 287 494 309 530; x_wconf 89' lang='lat' dir='ltr'>et</span> <span class='ocrx_word' id='word_1_41' title='bbox 320 493 395 532; x_wconf 81' lang='lat' dir='ltr'>sana³¹</span> 
     </span>
    </p>

    <p class='ocr_par' dir='ltr' id='par_1_4' title="bbox 141 545 907 1384">
     <span class='ocr_line' id='line_1_8' title="bbox 189 545 903 609; baseline -0.006 -14"><span class='ocrx_word' id='word_1_42' title='bbox 189 548 290 600; x_wconf 85' lang='lat' dir='ltr'>Quidam</span> <span class='ocrx_word' id='word_1_43' title='bbox 305 548 396 594; x_wconf 91' lang='lat' dir='ltr'>nomine</span> <span class='ocrx_word' id='word_1_44' title='bbox 412 548 551 596; x_wconf 90' lang='lat' dir='ltr'>bontadosus</span> <span class='ocrx_word' id='word_1_45' title='bbox 568 564 619 595; x_wconf 89' lang='lat' dir='ltr'>cum</span> <span class='ocrx_word' id='word_1_46' title='bbox 636 549 660 594; x_wconf 92' lang='lat' dir='ltr'>in</span> <span class='ocrx_word' id='word_1_47' title='bbox 675 547 771 609; x_wconf 86' lang='lat' dir='ltr'>pedibus</span> <span class='ocrx_word' id='word_1_48' title='bbox 788 557 811 594; x_wconf 89' lang='lat' dir='ltr'>et</span> <span class='ocrx_word' id='word_1_49' title='bbox 826 545 903 608; x_wconf 87' lang='lat' dir='ltr'>digitis</span> 
     </span>
     <span class='ocr_line' id='line_1_9' title="bbox 141 612 904 675; baseline -0.005 -17"><span class='ocrx_word' id='word_1_50' title='bbox 141 612 262 670; x_wconf 82' lang='lat' dir='ltr'>sustineret</span> <span class='ocrx_word' id='word_1_51' title='bbox 272 612 426 674; x_wconf 84' lang='lat' dir='ltr'>gravissimam</span> <span class='ocrx_word' id='word_1_52' title='bbox 442 613 567 675; x_wconf 84' lang='lat' dir='ltr'>passionem</span> <span class='ocrx_word' id='word_1_53' title='bbox 584 613 621 669; x_wconf 88' lang='lat' dir='ltr'>ita,</span> <span class='ocrx_word' id='word_1_54' title='bbox 639 612 702 674; x_wconf 93' lang='lat' dir='ltr'>quod</span> <span class='ocrx_word' id='word_1_55' title='bbox 719 627 759 656; x_wconf 87' lang='lat' dir='ltr'>nec</span> <span class='ocrx_word' id='word_1_56' title='bbox 775 627 798 655; x_wconf 91' lang='lat' dir='ltr'>se</span> <span class='ocrx_word' id='word_1_57' title='bbox 812 626 904 656; x_wconf 89' lang='lat' dir='ltr'>movere</span> 
     </span>
     <span class='ocr_line' id='line_1_10' title="bbox 141 674 904 740; baseline -0.005 -16"><span class='ocrx_word' id='word_1_58' title='bbox 141 687 236 740; x_wconf 89' lang='lat' dir='ltr'>poterat,</span> <span class='ocrx_word' id='word_1_59' title='bbox 248 693 288 722; x_wconf 88' lang='lat' dir='ltr'>nec</span> <span class='ocrx_word' id='word_1_60' title='bbox 302 676 331 722; x_wconf 86' lang='lat' dir='ltr'>ad</span> <span class='ocrx_word' id='word_1_61' title='bbox 347 687 434 739; x_wconf 84' lang='lat' dir='ltr'>partem</span> <span class='ocrx_word' id='word_1_62' title='bbox 449 677 548 739; x_wconf 79' lang='lat' dir='ltr'>aliquam</span> <span class='ocrx_word' id='word_1_63' title='bbox 564 676 682 732; x_wconf 87' lang='lat' dir='ltr'>declinare,</span> <span class='ocrx_word' id='word_1_64' title='bbox 698 675 748 722; x_wconf 90' lang='lat' dir='ltr'>cibo</span> <span class='ocrx_word' id='word_1_65' title='bbox 759 676 803 721; x_wconf 89' lang='lat' dir='ltr'>iam</span> <span class='ocrx_word' id='word_1_66' title='bbox 814 674 904 738; x_wconf 91' lang='lat' dir='ltr'>perdito</span> 
     </span>
     <span class='ocr_line' id='line_1_11' title="bbox 141 740 903 805; baseline -0.004 -17"><span class='ocrx_word' id='word_1_67' title='bbox 141 752 209 805; x_wconf 89' lang='lat' dir='ltr'>atque</span> <span class='ocrx_word' id='word_1_68' title='bbox 226 757 329 804; x_wconf 89' lang='lat' dir='ltr'>sompno,</span> <span class='ocrx_word' id='word_1_69' title='bbox 346 742 428 789; x_wconf 88' lang='lat' dir='ltr'>mulier</span> <span class='ocrx_word' id='word_1_70' title='bbox 444 742 540 804; x_wconf 87' lang='lat' dir='ltr'>quedam</span> <span class='ocrx_word' id='word_1_71' title='bbox 558 742 594 788; x_wconf 91' lang='lat' dir='ltr'>die</span> <span class='ocrx_word' id='word_1_72' title='bbox 611 743 707 804; x_wconf 87' lang='lat' dir='ltr'>quadarn</span> <span class='ocrx_word' id='word_1_73' title='bbox 724 740 787 787; x_wconf 92' lang='lat' dir='ltr'>venit</span> <span class='ocrx_word' id='word_1_74' title='bbox 806 741 834 788; x_wconf 90' lang='lat' dir='ltr'>ad</span> <span class='ocrx_word' id='word_1_75' title='bbox 851 756 903 785; x_wconf 90' lang='lat' dir='ltr'>eum</span> 
     </span>
     <span class='ocr_line' id='line_1_12' title="bbox 141 803 905 868; baseline -0.004 -18"><span class='ocrx_word' id='word_1_76' title='bbox 141 822 235 850; x_wconf 87' lang='lat' dir='ltr'>monens</span> <span class='ocrx_word' id='word_1_77' title='bbox 258 815 281 849; x_wconf 92' lang='lat' dir='ltr'>et</span> <span class='ocrx_word' id='word_1_78' title='bbox 303 821 433 868; x_wconf 86' lang='lat' dir='ltr'>suggerens,</span> <span class='ocrx_word' id='word_1_79' title='bbox 456 816 489 861; x_wconf 84' lang='lat' dir='ltr'>ut,</span> <span class='ocrx_word' id='word_1_80' title='bbox 512 807 530 850; x_wconf 93' lang='lat' dir='ltr'>si</span> <span class='ocrx_word' id='word_1_81' title='bbox 553 805 579 849; x_wconf 87' lang='lat' dir='ltr'>ab</span> <span class='ocrx_word' id='word_1_82' title='bbox 601 807 641 849; x_wconf 86' lang='lat' dir='ltr'>hac</span> <span class='ocrx_word' id='word_1_83' title='bbox 663 805 792 850; x_wconf 85' lang='lat' dir='ltr'>infirmitate</span> <span class='ocrx_word' id='word_1_84' title='bbox 801 813 816 837; x_wconf 84' lang='lat'>³²</span> <span class='ocrx_word' id='word_1_85' title='bbox 838 803 905 848; x_wconf 89' lang='lat' dir='ltr'>vellet</span> 
     </span>
     <span class='ocr_line' id='line_1_13' title="bbox 141 868 903 926; baseline -0.004 -10"><span class='ocrx_word' id='word_1_86' title='bbox 141 870 249 917; x_wconf 84' lang='lat' dir='ltr'>citissime</span> <span class='ocrx_word' id='word_1_87' title='bbox 264 868 360 926; x_wconf 88' lang='lat' dir='ltr'>liberari,</span> <span class='ocrx_word' id='word_1_88' title='bbox 371 869 436 917; x_wconf 90' lang='lat' dir='ltr'>beato</span> <span class='ocrx_word' id='word_1_89' title='bbox 450 868 560 916; x_wconf 85' lang='lat' dir='ltr'>francisco</span> <span class='ocrx_word' id='word_1_90' title='bbox 576 885 598 916; x_wconf 90' lang='lat' dir='ltr'>se</span> <span class='ocrx_word' id='word_1_91' title='bbox 614 869 760 917; x_wconf 81' lang='lat' dir='ltr'>devotissime</span> <span class='ocrx_word' id='word_1_92' title='bbox 774 868 903 917; x_wconf 89' lang='lat' dir='ltr'>devoveret.</span> 
     </span>
     <span class='ocr_line' id='line_1_14' title="bbox 142 932 904 997; baseline -0.003 -17"><span class='ocrx_word' id='word_1_93' title='bbox 142 933 301 997; x_wconf 90' lang='lat' dir='ltr'>Respondebat</span> <span class='ocrx_word' id='word_1_94' title='bbox 312 944 388 981; x_wconf 87' lang='lat' dir='ltr'>autem</span> <span class='ocrx_word' id='word_1_95' title='bbox 399 934 434 980; x_wconf 90' lang='lat' dir='ltr'>vir</span> <span class='ocrx_word' id='word_1_96' title='bbox 447 932 484 980; x_wconf 90' lang='lat' dir='ltr'>ille</span> <span class='ocrx_word' id='word_1_97' title='bbox 501 934 573 980; x_wconf 89' lang='lat' dir='ltr'>nimio</span> <span class='ocrx_word' id='word_1_98' title='bbox 589 933 667 981; x_wconf 92' lang='lat' dir='ltr'>dolore</span> <span class='ocrx_word' id='word_1_99' title='bbox 683 943 814 996; x_wconf 89' lang='lat' dir='ltr'>correptus:</span> <span class='ocrx_word' id='word_1_100' title='bbox 849 932 904 980; x_wconf 90' lang='lat' dir='ltr'>Non</span> 
     </span>
     <span class='ocr_line' id='line_1_15' title="bbox 143 996 905 1061; baseline -0.004 -16"><span class='ocrx_word' id='word_1_101' title='bbox 143 1001 210 1047; x_wconf 88' lang='lat' dir='ltr'>credo</span> <span class='ocrx_word' id='word_1_102' title='bbox 225 999 299 1061; x_wconf 91' lang='lat' dir='ltr'>ipsum</span> <span class='ocrx_word' id='word_1_103' title='bbox 316 1015 363 1046; x_wconf 90' lang='lat' dir='ltr'>esse</span> <span class='ocrx_word' id='word_1_104' title='bbox 380 1009 487 1047; x_wconf 84' lang='lat' dir='ltr'>sanctum.</span> <span class='ocrx_word' id='word_1_105' title='bbox 529 999 629 1046; x_wconf 88' lang='lat' dir='ltr'>Muliere</span> <span class='ocrx_word' id='word_1_106' title='bbox 647 1016 702 1046; x_wconf 91' lang='lat' dir='ltr'>vero</span> <span class='ocrx_word' id='word_1_107' title='bbox 719 998 854 1061; x_wconf 80' lang='lat' dir='ltr'>pertinacius</span> <span class='ocrx_word' id='word_1_108' title='bbox 871 996 905 1042; x_wconf 94' lang='lat' dir='ltr'>illi</span> 
     </span>
     <span class='ocr_line' id='line_1_16' title="bbox 143 1063 903 1125; baseline -0.004 -15"><span class='ocrx_word' id='word_1_109' title='bbox 143 1065 224 1110; x_wconf 88' lang='lat' dir='ltr'>devote</span> <span class='ocrx_word' id='word_1_110' title='bbox 235 1075 376 1125; x_wconf 85' lang='lat' dir='ltr'>suggerente,</span> <span class='ocrx_word' id='word_1_111' title='bbox 387 1065 423 1110; x_wconf 92' lang='lat' dir='ltr'>vir</span> <span class='ocrx_word' id='word_1_112' title='bbox 434 1063 471 1108; x_wconf 91' lang='lat' dir='ltr'>ille</span> <span class='ocrx_word' id='word_1_113' title='bbox 479 1064 570 1109; x_wconf 90' lang='lat' dir='ltr'>tandem</span> <span class='ocrx_word' id='word_1_114' title='bbox 578 1064 643 1109; x_wconf 91' lang='lat' dir='ltr'>vovit</span> <span class='ocrx_word' id='word_1_115' title='bbox 654 1081 677 1109; x_wconf 89' lang='lat' dir='ltr'>se</span> <span class='ocrx_word' id='word_1_116' title='bbox 688 1064 711 1108; x_wconf 92' lang='lat' dir='ltr'>in</span> <span class='ocrx_word' id='word_1_117' title='bbox 722 1065 782 1109; x_wconf 90' lang='lat' dir='ltr'>hunc</span> <span class='ocrx_word' id='word_1_118' title='bbox 793 1063 888 1109; x_wconf 90' lang='lat' dir='ltr'>modum</span> <span class='ocrx_word' id='word_1_119' title='bbox 899 1080 903 1106; x_wconf 95' lang='lat'><strong>:</strong></span> 
     </span>
     <span class='ocr_line' id='line_1_17' title="bbox 143 1126 906 1190; baseline -0.004 -17"><span class='ocrx_word' id='word_1_120' title='bbox 143 1128 223 1175; x_wconf 88' lang='lat' dir='ltr'>Voveo</span> <span class='ocrx_word' id='word_1_121' title='bbox 234 1144 278 1185; x_wconf 91' lang='lat' dir='ltr'>me,</span> <span class='ocrx_word' id='word_1_122' title='bbox 289 1128 370 1190; x_wconf 88' lang='lat' dir='ltr'>inquit,</span> <span class='ocrx_word' id='word_1_123' title='bbox 386 1137 463 1174; x_wconf 89' lang='lat' dir='ltr'>sancto</span> <span class='ocrx_word' id='word_1_124' title='bbox 479 1126 590 1173; x_wconf 87' lang='lat' dir='ltr'>francisco</span> <span class='ocrx_word' id='word_1_125' title='bbox 599 1136 621 1172; x_wconf 90' lang='lat' dir='ltr'>et</span> <span class='ocrx_word' id='word_1_126' title='bbox 632 1126 707 1188; x_wconf 90' lang='lat' dir='ltr'>ipsum</span> <span class='ocrx_word' id='word_1_127' title='bbox 717 1127 786 1173; x_wconf 90' lang='lat' dir='ltr'>credo</span> <span class='ocrx_word' id='word_1_128' title='bbox 797 1135 906 1180; x_wconf 87' lang='lat' dir='ltr'>sanctum,</span> 
     </span>
     <span class='ocr_line' id='line_1_18' title="bbox 143 1189 907 1253; baseline -0.004 -16"><span class='ocrx_word' id='word_1_129' title='bbox 143 1193 161 1237; x_wconf 89' lang='lat' dir='ltr'>si</span> <span class='ocrx_word' id='word_1_130' title='bbox 179 1207 216 1237; x_wconf 91' lang='lat' dir='ltr'>me</span> <span class='ocrx_word' id='word_1_131' title='bbox 235 1189 293 1237; x_wconf 86' lang='lat' dir='ltr'>infra</span> <span class='ocrx_word' id='word_1_132' title='bbox 310 1191 379 1237; x_wconf 90' lang='lat' dir='ltr'>trium</span> <span class='ocrx_word' id='word_1_133' title='bbox 397 1192 486 1238; x_wconf 89' lang='lat' dir='ltr'>dierum</span> <span class='ocrx_word' id='word_1_134' title='bbox 505 1192 627 1238; x_wconf 88' lang='lat' dir='ltr'>terminum</span> <span class='ocrx_word' id='word_1_135' title='bbox 636 1198 652 1222; x_wconf 79' lang='lat'>³³</span> <span class='ocrx_word' id='word_1_136' title='bbox 670 1191 698 1238; x_wconf 87' lang='lat' dir='ltr'>ab</span> <span class='ocrx_word' id='word_1_137' title='bbox 717 1192 757 1237; x_wconf 86' lang='lat' dir='ltr'>hac</span> <span class='ocrx_word' id='word_1_138' title='bbox 777 1190 907 1253; x_wconf 83' lang='lat' dir='ltr'>egritudine</span> 
     </span>
     <span class='ocr_line' id='line_1_19' title="bbox 142 1254 907 1314; baseline -0.003 -12"><span class='ocrx_word' id='word_1_139' title='bbox 142 1255 269 1302; x_wconf 77' lang='lat' dir='ltr'>liberabit.³4</span> <span class='ocrx_word' id='word_1_140' title='bbox 308 1257 357 1309; x_wconf 81' lang='lat' dir='ltr'>Qui</span> <span class='ocrx_word' id='word_1_141' title='bbox 369 1257 455 1303; x_wconf 89' lang='lat' dir='ltr'>meritis</span> <span class='ocrx_word' id='word_1_142' title='bbox 466 1257 535 1303; x_wconf 87' lang='lat' dir='ltr'>sancti</span> <span class='ocrx_word' id='word_1_143' title='bbox 544 1256 580 1303; x_wconf 89' lang='lat' dir='ltr'>dei</span> <span class='ocrx_word' id='word_1_144' title='bbox 592 1272 645 1303; x_wconf 86' lang='lat' dir='ltr'>mox</span> <span class='ocrx_word' id='word_1_145' title='bbox 652 1255 767 1314; x_wconf 65' lang='lat' dir='ltr'>liberatus</span> <span class='ocrx_word' id='word_1_146' title='bbox 775 1254 907 1310; x_wconf 89' lang='lat' dir='ltr'>ambulavit,</span> 
     </span>
     <span class='ocr_line' id='line_1_20' title="bbox 144 1320 847 1384; baseline -0.001 -17"><span class='ocrx_word' id='word_1_147' title='bbox 144 1320 289 1367; x_wconf 89' lang='lat' dir='ltr'>manducavit</span> <span class='ocrx_word' id='word_1_148' title='bbox 299 1331 322 1366; x_wconf 93' lang='lat' dir='ltr'>et</span> <span class='ocrx_word' id='word_1_149' title='bbox 332 1321 451 1383; x_wconf 90' lang='lat' dir='ltr'>requievit,</span> <span class='ocrx_word' id='word_1_150' title='bbox 462 1320 517 1367; x_wconf 87' lang='lat' dir='ltr'>dans</span> <span class='ocrx_word' id='word_1_151' title='bbox 524 1320 623 1384; x_wconf 83' lang='lat' dir='ltr'>gloriam</span> <span class='ocrx_word' id='word_1_152' title='bbox 635 1320 786 1383; x_wconf 90' lang='lat' dir='ltr'>omnipotenti</span> <span class='ocrx_word' id='word_1_153' title='bbox 797 1321 847 1367; x_wconf 90' lang='lat' dir='ltr'>deo.</span> 
     </span>
    </p>

    <p class='ocr_par' dir='ltr' id='par_1_5' title="bbox 144 1383 910 1963">
     <span class='ocr_line' id='line_1_21' title="bbox 192 1383 908 1446; baseline -0.001 -17"><span class='ocrx_word' id='word_1_154' title='bbox 192 1385 234 1429; x_wconf 90' lang='lat' dir='ltr'>Vir</span> <span class='ocrx_word' id='word_1_155' title='bbox 253 1402 320 1441; x_wconf 90' lang='lat' dir='ltr'>unus,</span> <span class='ocrx_word' id='word_1_156' title='bbox 337 1402 389 1430; x_wconf 86' lang='lat' dir='ltr'>eum</span> <span class='ocrx_word' id='word_1_157' title='bbox 410 1395 468 1431; x_wconf 89' lang='lat' dir='ltr'>esset</span> <span class='ocrx_word' id='word_1_158' title='bbox 486 1385 510 1429; x_wconf 93' lang='lat' dir='ltr'>in</span> <span class='ocrx_word' id='word_1_159' title='bbox 529 1386 600 1446; x_wconf 90' lang='lat' dir='ltr'>capite</span> <span class='ocrx_word' id='word_1_160' title='bbox 619 1386 699 1445; x_wconf 86' lang='lat' dir='ltr'>sagitta</span> <span class='ocrx_word' id='word_1_161' title='bbox 710 1383 789 1431; x_wconf 70' lang='lat' dir='ltr'>¹ferrea</span> <span class='ocrx_word' id='word_1_162' title='bbox 810 1385 908 1446; x_wconf 84' lang='lat' dir='ltr'>graviter</span> 
     </span>
     <span class='ocr_line' id='line_1_22' title="bbox 144 1447 908 1512; baseline -0.004 -17"><span class='ocrx_word' id='word_1_163' title='bbox 144 1447 293 1506; x_wconf 89' lang='lat' dir='ltr'>vulneratus;</span> <span class='ocrx_word' id='word_1_164' title='bbox 315 1457 338 1495; x_wconf 89' lang='lat' dir='ltr'>et</span> <span class='ocrx_word' id='word_1_165' title='bbox 357 1448 438 1512; x_wconf 84' lang='lat' dir='ltr'>sagitta</span> <span class='ocrx_word' id='word_1_166' title='bbox 457 1447 494 1494; x_wconf 93' lang='lat' dir='ltr'>illa</span> <span class='ocrx_word' id='word_1_167' title='bbox 515 1448 600 1496; x_wconf 90' lang='lat' dir='ltr'>intrans</span> <span class='ocrx_word' id='word_1_168' title='bbox 622 1464 661 1511; x_wconf 90' lang='lat' dir='ltr'>per</span> <span class='ocrx_word' id='word_1_169' title='bbox 687 1465 770 1495; x_wconf 85' lang='lat' dir='ltr'>cassam</span> <span class='ocrx_word' id='word_1_170' title='bbox 793 1447 852 1495; x_wconf 87' lang='lat' dir='ltr'>oculi</span> <span class='ocrx_word' id='word_1_171' title='bbox 874 1463 908 1492; x_wconf 87' lang='lat' dir='ltr'>re-</span> 
     </span>
     <span class='ocr_line' id='line_1_23' title="bbox 145 1512 908 1576; baseline -0.003 -17"><span class='ocrx_word' id='word_1_172' title='bbox 145 1514 262 1559; x_wconf 87' lang='lat' dir='ltr'>mansisset</span> <span class='ocrx_word' id='word_1_173' title='bbox 289 1513 313 1558; x_wconf 90' lang='lat' dir='ltr'>in</span> <span class='ocrx_word' id='word_1_174' title='bbox 335 1514 413 1575; x_wconf 88' lang='lat' dir='ltr'>capite,</span> <span class='ocrx_word' id='word_1_175' title='bbox 436 1512 498 1558; x_wconf 90' lang='lat' dir='ltr'>nullo</span> <span class='ocrx_word' id='word_1_176' title='bbox 506 1521 521 1546; x_wconf 81' lang='lat'>³⁵</span> <span class='ocrx_word' id='word_1_177' title='bbox 550 1522 637 1576; x_wconf 87' lang='lat' dir='ltr'>poterat</span> <span class='ocrx_word' id='word_1_178' title='bbox 664 1514 801 1559; x_wconf 86' lang='lat' dir='ltr'>medicorum</span> <span class='ocrx_word' id='word_1_179' title='bbox 824 1512 908 1558; x_wconf 77' lang='lat' dir='ltr'>auxilio</span> 
     </span>
     <span class='ocr_line' id='line_1_24' title="bbox 145 1577 909 1641; baseline -0.004 -16"><span class='ocrx_word' id='word_1_180' title='bbox 145 1578 273 1641; x_wconf 80' lang='lat' dir='ltr'>adjuvari.³⁶</span> <span class='ocrx_word' id='word_1_181' title='bbox 305 1578 375 1625; x_wconf 88' lang='lat' dir='ltr'>Vovit</span> <span class='ocrx_word' id='word_1_182' title='bbox 389 1595 412 1624; x_wconf 90' lang='lat' dir='ltr'>se</span> <span class='ocrx_word' id='word_1_183' title='bbox 425 1578 507 1624; x_wconf 90' lang='lat' dir='ltr'>deinde</span> <span class='ocrx_word' id='word_1_184' title='bbox 518 1578 638 1625; x_wconf 88' lang='lat' dir='ltr'>devotione</span> <span class='ocrx_word' id='word_1_185' title='bbox 650 1578 745 1640; x_wconf 88' lang='lat' dir='ltr'>supplici</span> <span class='ocrx_word' id='word_1_186' title='bbox 761 1588 839 1625; x_wconf 88' lang='lat' dir='ltr'>sancto</span> <span class='ocrx_word' id='word_1_187' title='bbox 850 1577 887 1624; x_wconf 88' lang='lat' dir='ltr'>dei</span> <span class='ocrx_word' id='word_1_188' title='bbox 893 1584 909 1608; x_wconf 78' lang='lat'>³⁷</span> 
     </span>
     <span class='ocr_line' id='line_1_25' title="bbox 146 1641 909 1704; baseline -0.003 -17"><span class='ocrx_word' id='word_1_189' title='bbox 146 1642 263 1698; x_wconf 88' lang='lat' dir='ltr'>francisco,</span> <span class='ocrx_word' id='word_1_190' title='bbox 280 1658 371 1702; x_wconf 85' lang='lat' dir='ltr'>sperans</span> <span class='ocrx_word' id='word_1_191' title='bbox 386 1659 410 1689; x_wconf 88' lang='lat' dir='ltr'>se</span> <span class='ocrx_word' id='word_1_192' title='bbox 426 1659 491 1704; x_wconf 89' lang='lat' dir='ltr'>posse</span> <span class='ocrx_word' id='word_1_193' title='bbox 508 1642 577 1704; x_wconf 89' lang='lat' dir='ltr'>ipsius</span> <span class='ocrx_word' id='word_1_194' title='bbox 595 1642 704 1704; x_wconf 83' lang='lat' dir='ltr'>suffragio</span> <span class='ocrx_word' id='word_1_195' title='bbox 722 1643 816 1690; x_wconf 90' lang='lat' dir='ltr'>liberari.</span> <span class='ocrx_word' id='word_1_196' title='bbox 860 1641 909 1692; x_wconf 91' lang='lat' dir='ltr'>Qui</span> 
     </span>
     <span class='ocr_line' id='line_1_26' title="bbox 146 1704 910 1769; baseline -0.004 -18"><span class='ocrx_word' id='word_1_197' title='bbox 146 1707 203 1752; x_wconf 90' lang='lat' dir='ltr'>dum</span> <span class='ocrx_word' id='word_1_198' title='bbox 219 1705 387 1769; x_wconf 85' lang='lat' dir='ltr'>aliquantulum</span> <span class='ocrx_word' id='word_1_199' title='bbox 404 1707 528 1768; x_wconf 84' lang='lat' dir='ltr'>quiesceret</span> <span class='ocrx_word' id='word_1_200' title='bbox 539 1716 561 1751; x_wconf 92' lang='lat' dir='ltr'>et</span> <span class='ocrx_word' id='word_1_201' title='bbox 578 1706 694 1764; x_wconf 90' lang='lat' dir='ltr'>dormiret,</span> <span class='ocrx_word' id='word_1_202' title='bbox 710 1707 796 1752; x_wconf 89' lang='lat' dir='ltr'>dictum</span> <span class='ocrx_word' id='word_1_203' title='bbox 813 1715 847 1752; x_wconf 90' lang='lat' dir='ltr'>est</span> <span class='ocrx_word' id='word_1_204' title='bbox 861 1704 881 1749; x_wconf 90' lang='lat' dir='ltr'>ei</span> <span class='ocrx_word' id='word_1_205' title='bbox 898 1721 910 1749; x_wconf 90' lang='lat' dir='ltr'>a</span> 
     </span>
     <span class='ocr_line' id='line_1_27' title="bbox 147 1770 910 1834; baseline -0.003 -17"><span class='ocrx_word' id='word_1_206' title='bbox 147 1780 223 1818; x_wconf 88' lang='lat' dir='ltr'>sancto</span> <span class='ocrx_word' id='word_1_207' title='bbox 239 1770 349 1817; x_wconf 88' lang='lat' dir='ltr'>francisco</span> <span class='ocrx_word' id='word_1_208' title='bbox 366 1771 389 1817; x_wconf 92' lang='lat' dir='ltr'>in</span> <span class='ocrx_word' id='word_1_209' title='bbox 406 1771 514 1833; x_wconf 74' lang='lat' dir='ltr'>sompnia,</span> <span class='ocrx_word' id='word_1_210' title='bbox 526 1771 588 1834; x_wconf 93' lang='lat' dir='ltr'>quod</span> <span class='ocrx_word' id='word_1_211' title='bbox 604 1787 644 1832; x_wconf 91' lang='lat' dir='ltr'>per</span> <span class='ocrx_word' id='word_1_212' title='bbox 660 1771 807 1834; x_wconf 85' lang='lat' dir='ltr'>posteriorem</span> <span class='ocrx_word' id='word_1_213' title='bbox 824 1779 910 1832; x_wconf 86' lang='lat' dir='ltr'>partem</span> 
     </span>
     <span class='ocr_line' id='line_1_28' title="bbox 147 1835 909 1899; baseline -0.001 -18"><span class='ocrx_word' id='word_1_214' title='bbox 147 1837 225 1898; x_wconf 87' lang='lat' dir='ltr'>capitis</span> <span class='ocrx_word' id='word_1_215' title='bbox 236 1835 318 1881; x_wconf 88' lang='lat' dir='ltr'>faceret</span> <span class='ocrx_word' id='word_1_216' title='bbox 332 1852 381 1881; x_wconf 87' lang='lat' dir='ltr'>eam</span> <span class='ocrx_word' id='word_1_217' title='bbox 392 1836 458 1882; x_wconf 88' lang='lat' dir='ltr'>trahi.</span> <span class='ocrx_word' id='word_1_218' title='bbox 491 1836 578 1899; x_wconf 82' lang='lat' dir='ltr'>Sitque,</span> <span class='ocrx_word' id='word_1_219' title='bbox 589 1845 658 1898; x_wconf 90' lang='lat' dir='ltr'>prout</span> <span class='ocrx_word' id='word_1_220' title='bbox 669 1838 692 1882; x_wconf 92' lang='lat' dir='ltr'>in</span> <span class='ocrx_word' id='word_1_221' title='bbox 704 1837 804 1898; x_wconf 90' lang='lat' dir='ltr'>sompnis</span> <span class='ocrx_word' id='word_1_222' title='bbox 816 1835 909 1890; x_wconf 85' lang='lat' dir='ltr'>viderat,</span> 
     </span>
     <span class='ocr_line' id='line_1_29' title="bbox 147 1899 908 1963; baseline -0.003 -16"><span class='ocrx_word' id='word_1_223' title='bbox 147 1901 184 1947; x_wconf 94' lang='lat' dir='ltr'>die</span> <span class='ocrx_word' id='word_1_224' title='bbox 196 1901 298 1961; x_wconf 92' lang='lat' dir='ltr'>sequenti</span> <span class='ocrx_word' id='word_1_225' title='bbox 310 1899 401 1956; x_wconf 86' lang='lat' dir='ltr'>faciens,</span> <span class='ocrx_word' id='word_1_226' title='bbox 413 1901 460 1946; x_wconf 92' lang='lat' dir='ltr'>sine</span> <span class='ocrx_word' id='word_1_227' title='bbox 473 1900 604 1949; x_wconf 84' lang='lat' dir='ltr'>difficultate</span> <span class='ocrx_word' id='word_1_228' title='bbox 615 1917 697 1963; x_wconf 87' lang='lat' dir='ltr'>magna</span> <span class='ocrx_word' id='word_1_229' title='bbox 710 1901 784 1947; x_wconf 81' lang='lat' dir='ltr'>extitit</span> <span class='ocrx_word' id='word_1_230' title='bbox 794 1899 908 1945; x_wconf 85' lang='lat' dir='ltr'>liberatus.</span> 
     </span>
    </p>

    <p class='ocr_par' dir='ltr' id='par_1_6' title="bbox 147 1963 914 2413">
     <span class='ocr_line' id='line_1_30' title="bbox 195 1963 912 2028; baseline -0.004 -18"><span class='ocrx_word' id='word_1_231' title='bbox 195 1964 277 2010; x_wconf 91' lang='lat' dir='ltr'>Homo</span> <span class='ocrx_word' id='word_1_232' title='bbox 294 1963 387 2028; x_wconf 89' lang='lat' dir='ltr'>quidam</span> <span class='ocrx_word' id='word_1_233' title='bbox 403 1965 427 2009; x_wconf 89' lang='lat' dir='ltr'>in</span> <span class='ocrx_word' id='word_1_234' title='bbox 445 1973 516 2009; x_wconf 89' lang='lat' dir='ltr'>castro</span> <span class='ocrx_word' id='word_1_235' title='bbox 533 1963 606 2026; x_wconf 90' lang='lat' dir='ltr'>spelli,</span> <span class='ocrx_word' id='word_1_236' title='bbox 622 1964 713 2010; x_wconf 91' lang='lat' dir='ltr'>nomine</span> <span class='ocrx_word' id='word_1_237' title='bbox 729 1964 859 2027; x_wconf 81' lang='lat' dir='ltr'>imperator,</span> <span class='ocrx_word' id='word_1_238' title='bbox 872 1978 912 2025; x_wconf 89' lang='lat' dir='ltr'>per</span> 
     </span>
     <span class='ocr_line' id='line_1_31' title="bbox 147 2028 911 2092; baseline -0.004 -17"><span class='ocrx_word' id='word_1_239' title='bbox 147 2029 206 2075; x_wconf 92' lang='lat' dir='ltr'>duos</span> <span class='ocrx_word' id='word_1_240' title='bbox 222 2044 292 2074; x_wconf 86' lang='lat' dir='ltr'>annos</span> <span class='ocrx_word' id='word_1_241' title='bbox 309 2039 428 2090; x_wconf 88' lang='lat' dir='ltr'>rupturam</span> <span class='ocrx_word' id='word_1_242' title='bbox 447 2028 503 2074; x_wconf 86' lang='lat' dir='ltr'>adeo</span> <span class='ocrx_word' id='word_1_243' title='bbox 522 2029 620 2092; x_wconf 83' lang='lat' dir='ltr'>graviter</span> <span class='ocrx_word' id='word_1_244' title='bbox 638 2044 716 2090; x_wconf 87' lang='lat' dir='ltr'>passus</span> <span class='ocrx_word' id='word_1_245' title='bbox 732 2039 774 2087; x_wconf 92' lang='lat' dir='ltr'>est,</span> <span class='ocrx_word' id='word_1_246' title='bbox 784 2029 853 2092; x_wconf 88' lang='lat' dir='ltr'>quod</span> <span class='ocrx_word' id='word_1_247' title='bbox 872 2043 911 2090; x_wconf 91' lang='lat' dir='ltr'>per</span> 
     </span>
     <span class='ocr_line' id='line_1_32' title="bbox 147 2090 912 2157; baseline -0.004 -17"><span class='ocrx_word' id='word_1_248' title='bbox 147 2093 264 2141; x_wconf 85' lang='lat' dir='ltr'>interiores</span> <span class='ocrx_word' id='word_1_249' title='bbox 275 2103 349 2157; x_wconf 88' lang='lat' dir='ltr'>partes</span> <span class='ocrx_word' id='word_1_250' title='bbox 360 2093 470 2141; x_wconf 83' lang='lat' dir='ltr'>intextina</span> <span class='ocrx_word' id='word_1_251' title='bbox 481 2093 557 2140; x_wconf 88' lang='lat' dir='ltr'>omnia</span> <span class='ocrx_word' id='word_1_252' title='bbox 572 2093 670 2141; x_wconf 86' lang='lat' dir='ltr'>exterius</span> <span class='ocrx_word' id='word_1_253' title='bbox 676 2095 692 2128; x_wconf 68' lang='lat'>³³</span> <span class='ocrx_word' id='word_1_254' title='bbox 702 2092 832 2141; x_wconf 88' lang='lat' dir='ltr'>defluebant</span> <span class='ocrx_word' id='word_1_255' title='bbox 842 2090 850 2149; x_wconf 87' lang='lat'>;&#39;</span> <span class='ocrx_word' id='word_1_256' title='bbox 866 2102 912 2139; x_wconf 87' lang='lat' dir='ltr'>non</span> 
     </span>
     <span class='ocr_line' id='line_1_33' title="bbox 148 2158 913 2222; baseline -0.001 -17"><span class='ocrx_word' id='word_1_257' title='bbox 148 2160 208 2205; x_wconf 88' lang='lat' dir='ltr'>enirn</span> <span class='ocrx_word' id='word_1_258' title='bbox 226 2176 266 2221; x_wconf 84' lang='lat' dir='ltr'>per</span> <span class='ocrx_word' id='word_1_259' title='bbox 284 2176 393 2222; x_wconf 86' lang='lat' dir='ltr'>magnum</span> <span class='ocrx_word' id='word_1_260' title='bbox 415 2158 523 2220; x_wconf 91' lang='lat' dir='ltr'>temporis</span> <span class='ocrx_word' id='word_1_261' title='bbox 537 2159 643 2220; x_wconf 72' lang='lat' dir='ltr'>‚spatium</span> <span class='ocrx_word' id='word_1_262' title='bbox 661 2178 686 2206; x_wconf 89' lang='lat' dir='ltr'>ea</span> <span class='ocrx_word' id='word_1_263' title='bbox 704 2161 765 2207; x_wconf 89' lang='lat' dir='ltr'>intus</span> <span class='ocrx_word' id='word_1_264' title='bbox 782 2159 890 2206; x_wconf 86' lang='lat' dir='ltr'>reducere</span> <span class='ocrx_word' id='word_1_265' title='bbox 897 2165 913 2190; x_wconf 78' lang='lat'>³⁹</span> 
     </span>
     <span class='ocr_line' id='line_1_34' title="bbox 149 2222 913 2286; baseline -0.001 -17"><span class='ocrx_word' id='word_1_266' title='bbox 149 2234 244 2286; x_wconf 86' lang='lat' dir='ltr'>poterat,</span> <span class='ocrx_word' id='word_1_267' title='bbox 256 2240 296 2269; x_wconf 91' lang='lat' dir='ltr'>nec</span> <span class='ocrx_word' id='word_1_268' title='bbox 307 2222 388 2283; x_wconf 89' lang='lat' dir='ltr'>locare,</span> <span class='ocrx_word' id='word_1_269' title='bbox 399 2224 431 2269; x_wconf 85' lang='lat' dir='ltr'>ita</span> <span class='ocrx_word' id='word_1_270' title='bbox 442 2223 505 2286; x_wconf 91' lang='lat' dir='ltr'>quod</span> <span class='ocrx_word' id='word_1_271' title='bbox 515 2240 567 2270; x_wconf 89' lang='lat' dir='ltr'>eum</span> <span class='ocrx_word' id='word_1_272' title='bbox 579 2223 659 2270; x_wconf 86' lang='lat' dir='ltr'>habere</span> <span class='ocrx_word' id='word_1_273' title='bbox 671 2241 743 2270; x_wconf 91' lang='lat' dir='ltr'>unum</span> <span class='ocrx_word' id='word_1_274' title='bbox 755 2222 890 2285; x_wconf 91' lang='lat' dir='ltr'>plumatium</span> <span class='ocrx_word' id='word_1_275' title='bbox 897 2230 913 2254; x_wconf 82' lang='lat'>⁴⁰</span> 
     </span>
     <span class='ocr_line' id='line_1_35' title="bbox 148 2287 914 2350; baseline -0.003 -18"><span class='ocrx_word' id='word_1_276' title='bbox 148 2288 273 2349; x_wconf 82' lang='lat' dir='ltr'>oportebat,</span> <span class='ocrx_word' id='word_1_277' title='bbox 307 2305 354 2350; x_wconf 90' lang='lat' dir='ltr'>quo</span> <span class='ocrx_word' id='word_1_278' title='bbox 392 2287 498 2332; x_wconf 86' lang='lat' dir='ltr'>intestina</span> <span class='ocrx_word' id='word_1_279' title='bbox 535 2288 611 2332; x_wconf 91' lang='lat' dir='ltr'>omnia</span> <span class='ocrx_word' id='word_1_280' title='bbox 619 2296 634 2320; x_wconf 77' lang='lat'>⁴²</span> <span class='ocrx_word' id='word_1_281' title='bbox 672 2289 766 2333; x_wconf 87' lang='lat' dir='ltr'>interius</span> <span class='ocrx_word' id='word_1_282' title='bbox 799 2288 914 2333; x_wconf 85' lang='lat' dir='ltr'>retineret.</span> 
     </span>
     <span class='ocr_line' id='line_1_36' title="bbox 149 2350 914 2413; baseline -0.003 -16"><span class='ocrx_word' id='word_1_283' title='bbox 149 2352 252 2397; x_wconf 88' lang='lat' dir='ltr'>Recurrit</span> <span class='ocrx_word' id='word_1_284' title='bbox 263 2352 291 2397; x_wconf 90' lang='lat' dir='ltr'>ad</span> <span class='ocrx_word' id='word_1_285' title='bbox 302 2352 408 2407; x_wconf 88' lang='lat' dir='ltr'>medicos,</span> <span class='ocrx_word' id='word_1_286' title='bbox 419 2352 520 2412; x_wconf 88' lang='lat' dir='ltr'>ipsorum</span> <span class='ocrx_word' id='word_1_287' title='bbox 530 2351 636 2397; x_wconf 88' lang='lat' dir='ltr'>solatium</span> <span class='ocrx_word' id='word_1_288' title='bbox 644 2359 659 2383; x_wconf 71' lang='lat'>⁴²</span> <span class='ocrx_word' id='word_1_289' title='bbox 670 2362 756 2413; x_wconf 87' lang='lat' dir='ltr'>petens,</span> <span class='ocrx_word' id='word_1_290' title='bbox 768 2354 807 2412; x_wconf 91' lang='lat' dir='ltr'>qui</span> <span class='ocrx_word' id='word_1_291' title='bbox 819 2352 875 2397; x_wconf 89' lang='lat' dir='ltr'>dum</span> <span class='ocrx_word' id='word_1_292' title='bbox 886 2350 914 2396; x_wconf 92' lang='lat' dir='ltr'>ab</span> 
     </span>
    </p>
   </div>
   <div class='ocr_carea' id='block_1_3' title="bbox 148 2414 915 2479">
    <p class='ocr_par' dir='ltr' id='par_1_7' title="bbox 148 2414 915 2479">
     <span class='ocr_line' id='line_1_37' title="bbox 148 2414 915 2479; baseline -0.001 -18"><span class='ocrx_word' id='word_1_293' title='bbox 148 2432 175 2462; x_wconf 90' lang='lat' dir='ltr'>eo</span> <span class='ocrx_word' id='word_1_294' title='bbox 192 2414 290 2479; x_wconf 89' lang='lat' dir='ltr'>pretium</span> <span class='ocrx_word' id='word_1_295' title='bbox 302 2414 438 2462; x_wconf 87' lang='lat' dir='ltr'>insufficiens</span> <span class='ocrx_word' id='word_1_296' title='bbox 455 2415 617 2477; x_wconf 76' lang='lat' dir='ltr'>postularent,⁴³</span> <span class='ocrx_word' id='word_1_297' title='bbox 629 2432 681 2462; x_wconf 88' lang='lat' dir='ltr'>cum</span> <span class='ocrx_word' id='word_1_298' title='bbox 692 2416 759 2462; x_wconf 91' lang='lat' dir='ltr'>unius</span> <span class='ocrx_word' id='word_1_299' title='bbox 769 2414 813 2463; x_wconf 86' lang='lat' dir='ltr'>diei</span> <span class='ocrx_word' id='word_1_300' title='bbox 830 2424 915 2461; x_wconf 87' lang='lat' dir='ltr'>careret</span> 
     </span>
    </p>
   </div>
   <div class='ocr_carea' id='block_1_4' title="bbox 179 2535 867 2851">
    <p class='ocr_par' dir='ltr' id='par_1_8' title="bbox 179 2535 863 2694">
     <span class='ocr_line' id='line_1_38' title="bbox 187 2535 863 2594; baseline 0.001 -17"><span class='ocrx_word' id='word_1_301' title='bbox 187 2544 203 2569; x_wconf 84' lang='lat'>³¹</span> <span class='ocrx_word' id='word_1_302' title='bbox 213 2542 234 2577; x_wconf 88' lang='lat' dir='ltr'>L.</span> <span class='ocrx_word' id='word_1_303' title='bbox 244 2541 278 2577; x_wconf 89' lang='lat' dir='ltr'>and</span> <span class='ocrx_word' id='word_1_304' title='bbox 287 2543 320 2577; x_wconf 54' lang='lat' dir='ltr'>Osi</span> <span class='ocrx_word' id='word_1_305' title='bbox 330 2535 416 2594; x_wconf 37' lang='lat' dir='ltr'>sanataq&#39;f</span> <span class='ocrx_word' id='word_1_306' title='bbox 472 2544 487 2568; x_wconf 79' lang='lat'>3²</span> <span class='ocrx_word' id='word_1_307' title='bbox 498 2541 518 2579; x_wconf 92' lang='lat' dir='ltr'>L.</span> <span class='ocrx_word' id='word_1_308' title='bbox 528 2538 649 2588; x_wconf 46' lang='lat' dir='ltr'>egritudines·v</span> <span class='ocrx_word' id='word_1_309' title='bbox 717 2546 732 2570; x_wconf 80' lang='lat'>³³</span> <span class='ocrx_word' id='word_1_310' title='bbox 743 2544 775 2579; x_wconf 90' lang='lat' dir='ltr'>Os.</span> <span class='ocrx_word' id='word_1_311' title='bbox 784 2544 863 2589; x_wconf 88' lang='lat' dir='ltr'>spatium.</span> 
     </span>
     <span class='ocr_line' id='line_1_39' title="bbox 188 2590 863 2629; baseline 0.001 -2"><span class='ocrx_word' id='word_1_312' title='bbox 188 2594 204 2621; x_wconf 73' lang='lat'>34</span> <span class='ocrx_word' id='word_1_313' title='bbox 213 2591 234 2628; x_wconf 92' lang='lat' dir='ltr'>L.</span> <span class='ocrx_word' id='word_1_314' title='bbox 244 2590 347 2628; x_wconf 87' lang='lat' dir='ltr'>liberaverit.</span> <span class='ocrx_word' id='word_1_315' title='bbox 401 2592 407 2599; x_wconf 75' lang='grc'>’”</span> <span class='ocrx_word' id='word_1_316' title='bbox 445 2593 460 2619; x_wconf 84' lang='lat'>³5</span> <span class='ocrx_word' id='word_1_317' title='bbox 470 2591 494 2628; x_wconf 93' lang='lat' dir='ltr'>L.</span> <span class='ocrx_word' id='word_1_318' title='bbox 504 2591 611 2629; x_wconf 85' lang='lat' dir='ltr'>nullomodo.</span> <span class='ocrx_word' id='word_1_319' title='bbox 721 2590 738 2620; x_wconf 73' lang='lat'>³⁶</span> <span class='ocrx_word' id='word_1_320' title='bbox 747 2594 780 2629; x_wconf 83' lang='lat' dir='ltr'>Os.</span> <span class='ocrx_word' id='word_1_321' title='bbox 790 2591 863 2629; x_wconf 86' lang='lat' dir='ltr'>liberari.</span> 
     </span>
     <span class='ocr_line' id='line_1_40' title="bbox 179 2642 441 2694; baseline -0.008 -13"><span class='ocrx_word' id='word_1_322' title='bbox 179 2643 319 2694; x_wconf 41' lang='lat' dir='ltr'>*thennim</span> <span class='ocrx_word' id='word_1_323' title='bbox 346 2642 373 2681; x_wconf 86' lang='lat' dir='ltr'>H.</span> <span class='ocrx_word' id='word_1_324' title='bbox 384 2643 441 2681; x_wconf 86' lang='lat' dir='ltr'>omits.</span> 
     </span>
    </p>

    <p class='ocr_par' dir='ltr' id='par_1_9' title="bbox 189 2692 867 2798">
     <span class='ocr_line' id='line_1_41' title="bbox 189 2692 867 2743; baseline 0.001 -8"><span class='ocrx_word' id='word_1_325' title='bbox 189 2696 205 2725; x_wconf 71' lang='lat'>3²³</span> <span class='ocrx_word' id='word_1_326' title='bbox 214 2692 308 2735; x_wconf 58' lang='lat' dir='ltr'>Oiso&#39;niits</span> <span class='ocrx_word' id='word_1_327' title='bbox 317 2699 394 2734; x_wconf 88' lang='lat' dir='ltr'>exterius</span> <span class='ocrx_word' id='word_1_328' title='bbox 409 2726 413 2734; x_wconf 92' lang='lat'>.</span> <span class='ocrx_word' id='word_1_329' title='bbox 428 2725 432 2734; x_wconf 84' lang='lat'>.</span> <span class='ocrx_word' id='word_1_330' title='bbox 447 2725 452 2734; x_wconf 83' lang='grc'><strong>.</strong></span> <span class='ocrx_word' id='word_1_331' title='bbox 466 2698 510 2733; x_wconf 82' lang='lat' dir='ltr'>intus</span> <span class='ocrx_word' id='word_1_332' title='bbox 520 2698 607 2743; x_wconf 83' lang='lat' dir='ltr'>reducere,</span> <span class='ocrx_word' id='word_1_333' title='bbox 617 2698 651 2735; x_wconf 88' lang='lat' dir='ltr'>and</span> <span class='ocrx_word' id='word_1_334' title='bbox 660 2700 721 2735; x_wconf 85' lang='lat' dir='ltr'>inserts</span> <span class='ocrx_word' id='word_1_335' title='bbox 730 2697 819 2736; x_wconf 86' lang='lat' dir='ltr'>recludere</span> <span class='ocrx_word' id='word_1_336' title='bbox 828 2711 867 2736; x_wconf 88' lang='lat' dir='ltr'>non.</span> 
     </span>
     <span class='ocr_line' id='line_1_42' title="bbox 189 2748 821 2798; baseline 0.002 -12"><span class='ocrx_word' id='word_1_337' title='bbox 189 2753 205 2778; x_wconf 71' lang='lat'>³⁹</span> <span class='ocrx_word' id='word_1_338' title='bbox 215 2750 239 2786; x_wconf 87' lang='lat' dir='ltr'>L.</span> <span class='ocrx_word' id='word_1_339' title='bbox 249 2748 342 2786; x_wconf 88' lang='lat' dir='ltr'>deducere.</span> <span class='ocrx_word' id='word_1_340' title='bbox 433 2752 448 2778; x_wconf 77' lang='lat'>4⁰</span> <span class='ocrx_word' id='word_1_341' title='bbox 459 2748 486 2786; x_wconf 88' lang='lat' dir='ltr'>H.</span> <span class='ocrx_word' id='word_1_342' title='bbox 495 2749 611 2798; x_wconf 88' lang='lat' dir='ltr'>pulmaticum.</span> <span class='ocrx_word' id='word_1_343' title='bbox 703 2755 717 2780; x_wconf 75' lang='lat'>41</span> <span class='ocrx_word' id='word_1_344' title='bbox 728 2749 754 2787; x_wconf 93' lang='lat' dir='ltr'>H.</span> <span class='ocrx_word' id='word_1_345' title='bbox 764 2750 821 2788; x_wconf 87' lang='lat' dir='ltr'>omits.</span> 
     </span>
    </p>

    <p class='ocr_par' dir='ltr' id='par_1_10' title="bbox 190 2800 589 2851">
     <span class='ocr_line' id='line_1_43' title="bbox 190 2800 589 2851; baseline 0.003 -13"><span class='ocrx_word' id='word_1_346' title='bbox 190 2805 206 2832; x_wconf 67' lang='lat'>⁴²</span> <span class='ocrx_word' id='word_1_347' title='bbox 215 2800 243 2839; x_wconf 88' lang='lat' dir='ltr'>H.</span> <span class='ocrx_word' id='word_1_348' title='bbox 253 2800 342 2838; x_wconf 84' lang='lat' dir='ltr'>auxilium.</span> <span class='ocrx_word' id='word_1_349' title='bbox 445 2804 460 2829; x_wconf 70' lang='lat'>4³</span> <span class='ocrx_word' id='word_1_350' title='bbox 471 2801 497 2838; x_wconf 88' lang='lat' dir='ltr'>H.</span> <span class='ocrx_word' id='word_1_351' title='bbox 507 2811 589 2851; x_wconf 84' lang='lat' dir='ltr'>peterent.</span> 
     </span>
    </p>
   </div>
   <div class='ocr_carea' id='block_1_5' title="bbox 0 0 980 3169">
    <p class='ocr_par' dir='ltr' id='par_1_11' title="bbox 0 0 980 3169">
     <span class='ocr_line' id='line_1_44' title="bbox 0 0 980 3169; baseline 0 0"><span class='ocrx_word' id='word_1_352' title='bbox 0 0 980 3169; x_wconf 95' lang='lat' dir='ltr'> </span> 
     </span>
    </p>
   </div>
  </div>
 </body>
</html>
