1919 3169
151 128 194 179 160
334 130 535 179 TRACTATUS
554 131 729 179 SECUNDUS

99 295 144 333 [XV]
363 290 397 332 De
410 290 507 342 leprosis
520 294 544 333 et
557 291 699 342 sanguineis.

194 378 300 471 „Hpud
328 411 435 454 Sanctum
462 410 594 454 Severinum
616 408 705 454 iuvenis
731 408 832 470 quidam,
853 408 913 454 Aeto

146 476 243 530 nomine,
264 483 325 519 totus
342 473 443 535 leprosus
461 484 515 519 erat.
555 473 626 519 Cuius
644 472 749 518 membris
768 473 913 520 existentibus

145 538 250 584 omnibus
272 537 370 600 turgidis
396 548 418 583 et
440 538 558 598 protensis,
580 538 693 583 horrendo
718 548 807 598 aspectu
833 548 913 583 cuncta

145 603 247 649 cernebat
262 603 316 666 ipse.
351 603 385 647 Sic
401 602 468 647 miser
483 602 506 647 in
521 601 571 647 loco
587 601 721 664 egritudinis
732 602 818 647 assidue
833 602 912 656 iacens,

145 668 274 730 parentibus
282 668 329 714 suis
338 667 434 713 multam
443 667 557 713 tristitiam
566 666 688 730 ingerebat.
718 667 796 720 Quem
807 677 869 729 pater
876 667 912 715 die

144 734 242 793 quadam
254 732 392 795 aggrediens,
406 743 432 777 ut
443 749 467 777 se
480 732 545 777 beato
557 733 675 778 Francisco
686 742 780 778 voveret
791 732 824 777 illi
836 733 910 779 suasit.

144 796 200 846 Quo
221 798 345 859 gaudenter
367 797 525 852 consentiente,
544 806 607 856 pater
628 796 682 841 feeit
703 796 799 856 aportari
821 796 911 842 candele

143 859 253 917 licinium,
265 862 293 908 de
304 877 357 924 quo,
365 860 434 922 ipsius
445 859 588 923 longitudine
596 870 731 918 mensurata,
743 859 837 923 singulis
849 860 912 906 annis

142 926 211 972 huius
222 926 372 989 longitudinis
387 925 501 972 candelam
516 925 582 971 beato
593 926 713 972 Francisco
723 926 812 971 iuvenis
823 936 911 987 portare

142 1007 166 1035 se
177 992 249 1036 vovit.
283 990 338 1045 Qui,
350 1000 406 1035 voto
416 991 504 1047 emisso,
515 989 568 1036 ilico
579 990 668 1036 deloco
680 1006 817 1053 consurgens
827 1008 840 1036 a
850 991 912 1052 lepra

144 1056 267 1102 mundatus
277 1065 318 1099 est.

190 1120 231 1166 Vir
241 1120 303 1176 alius,
317 1119 407 1164 nomine
421 1119 576 1174 Bonushom0‚
588 1119 616 1164 de
628 1118 719 1165 civitate
736 1118 799 1175 Fani,
811 1117 910 1179 paraliti-

142 1201 180 1230 cus
202 1195 224 1232 et
244 1185 352 1246 leprosus,
370 1184 399 1231 ad
416 1184 529 1230 ecclesiam
547 1184 605 1230 beati
625 1184 735 1230 Francisci
753 1183 911 1246 aparentibus

142 1249 281 1311 deportatus,
290 1252 410 1311 utriusque
419 1249 492 1293 morbi
499 1250 587 1310 plenam
596 1260 729 1294 consecutus
740 1259 774 1293 est
784 1251 909 1295 sanitatem.

189 1314 280 1359 Nobilis
299 1313 396 1375 quedam
413 1313 502 1368 mulier,
519 1314 607 1373 Rogata
625 1313 724 1368 nomine,
741 1312 764 1357 in
780 1311 909 1376 episcopatu

141 1378 231 1436 Sorano,
245 1395 296 1425 cunr
313 1393 353 1441 per
369 1377 429 1442 xxiiij
447 1394 518 1424 annos
529 1377 618 1424 fluxum
633 1377 747 1441 sanguinis
764 1394 826 1439 passa
842 1376 909 1437 foret,

141 1444 234 1490 audiens
243 1445 355 1506 quendam
364 1459 462 1504 puerum
470 1460 564 1489 romano
570 1460 672 1489 sermone
680 1453 795 1489 canentem
804 1444 910 1489 miracula

141 1523 186 1569 que
196 1509 260 1554 Deus
276 1522 315 1567 per
332 1506 423 1552 beatum
439 1507 581 1552 Franciscum
593 1506 673 1552 fecerat
685 1508 727 1551 hiis
742 1508 828 1563 diebus,
839 1509 909 1553 nimio

140 1572 219 1618 dolore
236 1581 357 1628 commota,
373 1580 422 1616 tota
438 1570 543 1632 prorupit
560 1571 583 1615 in
599 1570 701 1616 lacrimas
717 1571 793 1632 sicque
810 1572 870 1618 intra
886 1588 909 1619 se

139 1636 183 1682 fide
198 1653 288 1682 accensa
304 1636 377 1682 dicere
389 1635 465 1696 cepit:
483 1637 505 1681 O
519 1634 644 1681 beatissime
657 1646 720 1696 pater
734 1634 857 1693 Francisce‚
870 1652 909 1697 per

140 1716 210 1763 quem
232 1711 294 1748 tanta
316 1699 424 1746 miracula
443 1710 579 1757 corruscant,
598 1700 616 1745 si
640 1715 676 1745 mc
694 1699 792 1762 digneris
818 1699 845 1747 ab
869 1701 909 1746 hac

140 1765 268 1827 egritudine
283 1764 383 1820 liberare,
407 1765 480 1809 adhuc
504 1775 551 1809 tam
575 1781 684 1827 magnum
704 1765 838 1810 miraculum
863 1782 909 1811 non

140 1828 219 1875 fecisti.
263 1829 324 1874 Nam
343 1844 384 1890 pro
401 1828 472 1875 nimio
490 1828 605 1890 sanguinis
628 1829 693 1874 fluxu
716 1828 836 1874 videbatur
858 1846 909 1890 pre-

73 1934 75 1936 ,
139 1894 199 1941 dicta
226 1892 307 1941 mulier
335 1892 409 1955 sepius
439 1893 546 1956 expirare.
606 1891 638 1938 Et
666 1893 684 1938 si
711 1894 803 1956 quando
833 1893 909 1940 fluxus

139 1959 320 2021 restringebatur,
346 1967 397 2004 toto
422 1974 515 2020 corpore
543 1956 687 2004 tumescebat.
731 1958 797 2010 Quid
824 1959 909 2020 plura?

139 2023 220 2068 Paucis
236 2022 315 2084 elapsis
332 2022 418 2078 diebus,
433 2023 501 2067 sentit
517 2038 539 2066 se
556 2021 676 2067 beatissimi
693 2023 804 2067 Francisci
823 2024 909 2068 meritis

140 2087 263 2134 liberatam.
306 2086 390 2132 Filium
418 2102 509 2149 quoque
536 2086 592 2144 eius,
614 2085 717 2132 Marium
742 2086 840 2143 nomine,
868 2086 908 2150 qui

49 2153 256 2206 F01.o7¹⁰brachium
283 2151 378 2197 habebat
405 2161 554 2209 contractum,
583 2162 673 2198 sanctus
701 2151 746 2197 Dei
776 2152 825 2198 solo
852 2161 908 2200 voto

139 2218 232 2263 sanavit.

188 2281 303 2328 Feminam
330 2279 443 2342 quandam
465 2280 493 2326 de
514 2277 587 2324 Sicilia
608 2295 648 2340 per
675 2280 817 2341 septennium
845 2281 908 2327 fluxu

140 2346 255 2410 sanguinis
265 2343 382 2407 fatigatam
393 2344 471 2390 beatus
485 2345 616 2390 Franciscus
630 2344 716 2392 Christi
727 2344 821 2408 signifer
832 2363 906 2392 sanam
959 2396 960 2399 Ἴ

140 2411 201 2458 fecit.

84 2562 137 2600 [xv1]
356 2554 391 2595 De
404 2554 492 2594 insanis
505 2557 528 2594 et
542 2553 686 2596 demoniacis.

189 2641 235 2725 P
235 2683 297 2719 etrus
314 2672 342 2717 de
359 2670 477 2732 Fulgineo,
494 2671 534 2732 qui
551 2671 578 2716 ad
595 2670 734 2730 visitandum
753 2673 831 2720 limina
848 2674 906 2722 beati

142 2739 260 2786 Michaelis
272 2737 371 2799 quodam
387 2746 489 2797 tempore
500 2736 634 2797 properavit,
646 2752 697 2781 cum
708 2736 779 2784 fontis
790 2741 905 2787 cuiusdam

140 2820 222 2867 aquarn
232 2809 339 2866 gustaret,
350 2801 425 2846 visum
436 2810 469 2845 est
481 2799 522 2844 sibi
533 2799 640 2845 demones
651 2801 770 2847 imbibisse.
803 2804 874 2850 Unde
884 2816 907 2851 et

140 2885 179 2931 per
195 2879 241 2914 tres
256 2882 326 2912 annos
342 2862 451 2921 obsessus,
470 2863 636 2925 discerpebatur
653 2866 676 2910 in
693 2881 794 2928 corpore,
811 2870 907 2930 pessima
