1919 3169
237 58 399 107 LEGENDA
415 47 574 104 GREGORII
757 68 785 115 37

23 160 146 226 ipsorum⁶⁶
167 157 230 205 nec⁶⁷
245 164 322 219 posset
338 153 478 216 impudicum
500 152 563 215 quid,
585 151 620 197 vel
642 151 787 196 inhonestum

23 228 161 290 aliquatenus
182 220 304 269 inveniri⁶⁸
347 218 419 264 Actus
437 232 518 264 eorum
535 216 609 262 omnis
626 213 788 278 disciplinatus,

24 293 121 336 incessus
143 287 217 333 omnis
232 284 356 330 modestus.
388 283 468 327 Sensus
484 296 562 326 omnes
583 280 614 324 ita
638 279 788 330 mortificatis

25 364 87 401 erant
95 352 118 398 in
129 351 168 409 eis,
179 360 205 396 ut
215 348 253 395 vix
264 346 347 403 audire,
359 361 398 391 scu
408 344 491 400 videre,
504 343 546 390 nisi
554 352 570 376 ⁷⁰
580 343 642 406 quod
659 358 737 389 eorum
754 343 788 388 in-

25 418 149 468 tentionem
160 419 313 477 exposceret‚⁷¹
322 419 457 474 paterentur.
486 409 573 456 Defixis
583 408 607 455 in
619 418 677 456 terra
684 416 700 442 ⁷²
710 406 788 467 oculis,

25 493 100 530 mente
110 480 173 528 coelo
184 478 298 525 herebant.

73 546 143 593 Nulla
160 543 252 601 invidia,
263 539 324 588 nulla
340 538 434 597 malicia,
450 539 526 585 nullus
543 555 630 597 rancor,
648 537 709 585 nulla
725 536 789 584 oblo-

26 613 94 668 cutio,
106 609 167 656 nulla
178 607 275 669 suspicio
285 623 291 662 ;
309 605 436 651 amaritudo
448 603 509 650 nulla
519 605 543 649 in
554 605 585 650 eis
595 603 671 650 locum
688 601 790 661 habebat,

27 676 66 721 sed
77 672 195 719 concordia
207 671 285 728 multa,
297 669 360 731 quies
376 668 489 725 continua,
500 668 622 730 gratiarum
638 666 697 714 actio
707 676 730 711 et
746 681 791 711 vox

26 738 99 785 laudis
114 746 160 783 erat
176 736 199 781 in
216 734 254 781 eis.
287 732 340 779 Hec
357 742 410 779 sunt
427 733 562 778 documenta
577 732 609 795 pii
622 731 697 792 patris,
708 729 792 793 quibus

28 820 74 850 non
91 800 161 848 verbo
168 808 183 833 ⁷³
195 808 283 846 tantum
295 807 318 844 ct
328 796 413 860 lingua,
426 797 465 844 sed
476 813 542 859 opere
553 806 576 843 et
585 796 680 844 veritate
696 794 792 843 maxime

28 883 99 914 novos
110 865 168 912 filios
179 861 321 910 informabat.

90 1120 124 1162 De
133 1128 196 1161 mora
204 1117 277 1168 ipsius
286 1116 540 1219 apquqqqpttattqptum
553 1119 577 1158 et
586 1115 615 1158 de
624 1116 729 1158 custodia
796 1125 884 1167 [natvm

128 1281 259 1345 ecolligcbat
280 1296 303 1326 se
322 1280 399 1326 beatus
418 1278 538 1326 franciscus
559 1295 610 1324 cum
633 1278 711 1324 ceteris
733 1278 795 1324 iuxta

30 1348 142 1394 civitatem
153 1346 222 1393 assisii
233 1346 257 1391 in
270 1346 328 1403 loco,
340 1346 379 1407 qui
396 1344 478 1390 dicitur
496 1344 567 1406 Rigus
584 1353 665 1389 tortus.
699 1342 754 1394 Quo
771 1344 794 1388 in

31 1412 80 1458 loco
99 1411 216 1474 tugurium
236 1409 352 1472 quoddam
371 1409 473 1454 relictum
493 1419 547 1464 erat,
566 1407 608 1453 sub
630 1409 694 1454 cuius
716 1407 795 1454 umbra

31 1476 136 1524 vivebant
153 1490 286 1538 magnarum
305 1484 327 1521 et
343 1474 488 1535 pulchrarum
505 1472 629 1519 domuum¹
646 1472 794 1518 strenuissimi

32 1550 198 1601 contemptores
205 1558 212 1595 ς
221 1549 244 1584 et
251 1537 373 1583 tuebantur
381 1555 405 1583 se
411 1537 496 1582 ibidem
503 1536 652 1582 aturbinibus
658 1537 795 1598 pluviarum.

32 1603 100 1661 Nam,
111 1612 136 1649 ut
150 1603 181 1648 ait
197 1612 293 1660 sanctus,
306 1601 372 1648 citius
388 1601 416 1647 de
433 1600 533 1662 tugurio,
544 1616 613 1663 quam
629 1601 657 1647 de
673 1599 755 1663 palatio
772 1601 796 1646 in

33 1667 106 1714 celum
117 1668 250 1714 ascenditur.
284 1665 479 1713 Conversabantur
486 1666 510 1712 in
518 1665 598 1712 eodem
606 1665 657 1713 loco
667 1681 719 1713 cum
731 1665 796 1713 beato

34 1743 95 1794 patre
106 1733 145 1779 filii
162 1743 184 1778 et
199 1731 279 1778 fratres
295 1748 373 1777 omnes
390 1732 413 1776 in
431 1731 507 1776 labore
523 1731 604 1786 multo,
615 1741 638 1777 et
654 1731 730 1792 inopia
746 1732 797 1776 uni-

34 1813 148 1843 versarum
170 1813 254 1852 rerum,
276 1795 390 1857 sepissime
412 1795 475 1841 omni
498 1794 560 1856 panis
582 1794 663 1841 solatio
684 1795 796 1851 destituti,

33 1860 85 1907 solis
95 1861 194 1907 contenti
205 1861 271 1921 rapis,
282 1876 337 1922 quas
348 1875 387 1921 per
398 1859 517 1921 planiciem
527 1859 597 1904 assisii
608 1860 659 1914 huc,
667 1870 735 1921 atque
743 1859 797 1905 illuc

35 1924 58 1968 in
69 1924 171 1986 angustia
181 1923 343 1969 mendicabant.
376 1923 451 1969 Locus
459 1921 496 1969 ille
504 1932 550 1968 tam
559 1923 732 1985 angustissimus
742 1933 797 1980 erat,

36 1997 61 2034 ut
72 1988 95 2034 in
106 2005 133 2035 eo
143 1987 235 2045 sedere,²
246 1998 284 2035 aut
296 1988 410 2051 quiescere
421 1987 459 2034 vix
470 1985 574 2036 valerent.

83 2054 182 2099 Nullum
193 2069 236 2115 pro
246 2053 289 2098 hiis
300 2069 404 2099 murmur
417 2063 513 2110 resonat,
525 2052 585 2098 nulla
601 2053 748 2115 querimonia,
759 2053 798 2098 sed

37 2117 102 2163 corde
122 2116 217 2178 placido,
239 2132 302 2163 mens
323 2117 389 2178 plena
410 2116 494 2180 gaudio
516 2127 633 2163 conservat
660 2117 798 2179 patientiam.

38 2182 130 2226 Sanctus
152 2180 271 2228 franciscus
297 2181 452 2236 cottidianam,
474 2181 545 2227 immo
566 2180 697 2227 continuam
719 2181 754 2228 sui
776 2192 800 2228 ct

38 2261 131 2305 suorum
142 2245 311 2308 inquisitionem
327 2245 497 2308 diligentissime
514 2245 625 2303 faciebat;
642 2257 664 2292 et
679 2246 710 2292 nil
727 2247 750 2292 in
768 2247 800 2292 eis

37 2308 131 2354 residere
142 2310 228 2370 patiens
238 2308 358 2365 lubricum,
367 2310 394 2355 ab
403 2311 504 2372 ipsorum
513 2310 618 2357 cordibus
627 2327 717 2356 omnem
729 2311 801 2374 negli-

38 2373 134 2435 gentiam
153 2372 271 2436 abigebat.³
304 2374 400 2436 Rigidns
416 2375 439 2420 in
456 2374 579 2436 disciplina,
592 2391 659 2437 super
675 2375 800 2422 custodiam

38 2453 102 2482 suam
120 2448 167 2484 erat
185 2438 281 2499 vigilans
299 2438 361 2484 omni
380 2439 443 2485 hota.
476 2439 537 2485 Nam
559 2440 577 2485 si
599 2456 651 2502 qua,
668 2451 695 2486 ut
713 2440 801 2498 assolet,

39 2500 108 2547 carnis
124 2502 241 2565 temptatio
257 2518 309 2549 eum
326 2503 461 2567 quandoque
477 2503 583 2566 pulsaret,
595 2505 618 2551 in
629 2505 726 2567 quadam
737 2504 803 2552 fovea

79 2629 95 2653 ⁶⁶
104 2633 141 2669 Ox.
150 2644 215 2670 eorum.
261 2632 277 2660 ⁶⁷
287 2632 320 2670 Os.
330 2634 386 2670 omits.
423 2633 439 2657 ⁶⁶
449 2633 477 2673 M.
486 2635 521 2673 and
530 2636 561 2673 W.
571 2648 638 2673 nonum
649 2649 744 2674 donastis.

65 2688 66 2691 ’
79 2681 95 2711 ⁶9
108 2682 129 2720 P.
139 2684 200 2721 inserts
209 2685 239 2721 ita.
343 2686 359 2712 ⁷⁰
373 2685 398 2722 L.
409 2686 469 2724 nichil.
569 2690 585 2715 ⁷¹
599 2690 633 2726 Os.
642 2699 744 2740 exposcent.

80 2737 95 2762 7²
108 2735 139 2772 W.
149 2748 217 2779 terram.
270 2739 285 2766 ⁷³
299 2736 327 2774 H.
337 2738 371 2774 and
381 2739 406 2776 L.
416 2740 478 2777 verbis.

81 2785 130 2825 Χ05,
139 2787 235 2826 domorum.
282 2788 427 2828 ²Os.desidere.
470 2790 557 2830 ³M.aud
568 2792 776 2832 W.noonuscu›nna.
