1919 3169
246 78 407 125 LEGENDA
424 79 583 125 GREGORII
768 78 796 137 69

83 172 153 219 Labia
168 189 208 219 sua
224 175 299 232 etiam,
316 190 368 220 cum
384 190 480 235 puerum
500 175 528 220 de
544 174 664 230 bethleem,
675 173 711 219 vel
727 174 798 218 iesum

35 238 169 294 nominaret,
184 239 247 299 quasi
263 237 406 284 lambiebat³¹
419 237 503 300 lingua,
515 237 573 285 felici
590 240 663 300 palato
679 239 800 300 degustans

35 312 58 348 et
75 299 201 363 deglutiens
220 300 363 348 dulcedinem
379 301 442 348 verbi
461 302 560 348 huius.³²
593 301 778 364 Multiplicantur
785 308 800 331 ³³

35 365 67 412 ibi
95 366 177 412 dona³⁴
203 367 367 430 omnipotentis
394 376 417 413 et
446 374 481 412 a³⁵
505 367 604 430 quodam
631 367 681 412 viro
708 365 800 411 virtutis

36 430 319 479 mirabilisvisiocernitur.
347 429 801 495 Videbateniminpresepiopuerulum³⁶

36 513 109 543 unum
120 496 228 544 iacentem
235 496 360 553 exanimen,
372 497 399 543 ad
411 513 478 559 quem
486 496 577 543 videbat
586 497 690 544 accedere
699 505 800 542 sanctum

36 561 73 608 dei
98 570 120 607 et
141 561 248 608 eumdem
270 577 365 623 puerum
383 562 445 624 quasi
464 578 476 607 a
498 562 572 608 somni
590 577 669 624 sopore
688 561 801 608 suscitare.

37 625 86 670 Nec
103 624 265 672 inconveniens
282 625 339 671 visio
355 626 405 680 ista,
417 641 468 671 curn
485 642 541 686 puer
557 626 616 671 iesus
633 627 657 670 in
675 626 800 680 multorum

37 688 143 735 cordibus
164 688 274 736 oblivioni
296 688 364 734 fuerit
385 689 459 746 datus,
482 690 505 734 in
527 688 617 752 quibus,
640 689 709 750 ipsius
730 687 802 749 gratia

37 751 138 813 faciente,
150 771 189 816 per
205 770 296 801 servum
314 771 380 800 suum
397 764 498 800 sanctum
510 751 643 800 franciscum
660 752 802 800 resuscitatus

37 828 79 875 est,
90 828 112 864 et
123 819 244 880 impressus
253 819 361 864 memorie
372 819 484 881 diligenti.

85 882 208 928 Finiuntur
219 883 300 927 deinde
311 883 421 928 solemnes
432 883 523 928 excubie
534 901 540 938 ;
551 892 573 927 et
582 883 739 944 unusquisque
749 898 801 927 cum

38 945 122 1009 gaudio
139 946 167 991 ad
189 946 278 1008 propria
299 946 423 993 remeavit:
441 955 456 979 ³⁷
478 956 622 993 conservatur
630 946 646 978 ³⁸
667 945 761 993 foenum
779 945 802 990 in

38 1011 140 1072 presepio
151 1012 259 1072 positum,
273 1021 299 1057 ut
315 1028 354 1073 per
371 1011 445 1072 ipsum
465 1011 565 1057 iumenta
581 1022 603 1056 et
620 1009 724 1056 animalia
742 1008 803 1055 salva

38 1074 104 1121 faciat
121 1075 234 1133 dominus,
246 1075 438 1138 quemadmodum
455 1075 612 1138 multiplicavit
627 1074 802 1121 misericordiam

39 1157 102 1185 suam
114 1151 217 1188 sanctam.
252 1141 283 1186 Et
301 1157 376 1186 revera
392 1141 422 1186 sic
433 1152 508 1187 actum
525 1150 566 1196 est,
578 1150 604 1187 ut
614 1140 716 1187 animalia
732 1140 803 1185 multa

39 1205 141 1252 diversos
162 1206 255 1253 morbos
271 1203 375 1251 habentia
391 1222 430 1267 per
449 1205 670 1251 circumadiacentem
687 1204 803 1267 regionem

40 1269 196 1316 manducantia
206 1270 234 1316 de
244 1270 287 1316 hoc
303 1267 355 1315 feno
366 1286 378 1314 a
389 1270 436 1316 suis
452 1270 519 1316 sint³⁹
531 1269 695 1333 egritudinibus
706 1269 802 1317 liberata.

40 1334 115 1379 Immo
137 1344 159 1380 et
186 1334 291 1381 mulieres
313 1344 378 1396 partu
399 1334 463 1396 gravi
485 1351 508 1381 ac
530 1335 599 1397 longo
621 1333 753 1391 laborantes,
775 1333 803 1378 de

40 1398 139 1459 predicto
155 1397 208 1444 feno
226 1398 268 1444 sibi
285 1400 493 1459 superimponentes
512 1409 576 1459 partu
593 1399 683 1459 pariunt
699 1397 804 1453 salutari;

40 1471 106 1524 atque
128 1480 140 1508 a
162 1462 256 1509 diversis
278 1460 376 1508 cladibus
398 1463 517 1525 utriusque
540 1477 605 1508 sexus
627 1478 746 1509 concursus
766 1461 805 1508 de-

40 1527 157 1573 sideratam
174 1528 259 1575 ibidem
275 1526 379 1573 obtinent
395 1527 518 1574 sanitatem.

90 1591 238 1639 Consecratus
268 1602 302 1638 est
338 1591 437 1654 denique
467 1591 529 1638 locus
564 1591 660 1653 presepii
693 1591 804 1653 templum

42 1655 154 1713 domino;
171 1667 194 1702 et
212 1656 358 1702 inhonorem
376 1656 497 1703 beatissimi
512 1655 580 1718 patris
587 1664 603 1708 ⁴?
620 1655 723 1703 francisci
739 1672 805 1717 super

42 1734 133 1780 presepe
149 1719 216 1764 altare
229 1720 368 1766 construitur
386 1730 408 1764 et
424 1720 513 1764 ecclesia
529 1720 650 1774 dedicatur,
667 1730 693 1765 ut
705 1721 744 1764 ubi
759 1720 806 1764 ani-

43 1782 108 1828 malia
118 1783 253 1846 quandoque
264 1782 310 1829 feni
317 1791 332 1815 ⁴¹
344 1781 451 1846 pabulum
465 1783 636 1840 comederunt*2
647 1783 677 1829 ibi
690 1782 717 1829 de
733 1792 806 1828 cetero

42 1847 70 1893 ad
83 1848 200 1894 sanitatem
218 1848 291 1894 anime
310 1864 334 1894 ac
354 1848 452 1911 corporis
470 1849 606 1894 manducent
617 1849 720 1894 homines
732 1864 807 1894 carnes

43 1913 93 1973 agni
122 1911 260 1958 immaculati
291 1923 313 1958 et
338 1912 507 1958 incontaminati
539 1914 586 1957 iesu
616 1913 692 1958 christi
720 1912 807 1958 domini

44 1977 124 2032 nostri,
140 1977 179 2039 qui
196 1994 292 2035 summa,
309 1986 332 2023 et
348 1976 454 2023 ineffabili
471 1977 576 2024 charitate
582 1984 598 2008 ⁴³
609 1977 678 2029 „dedit
695 1994 717 2023 se
734 1977 808 2039 ipsum

44 2040 125 2097 nobis3
147 2059 199 2088 cum
216 2051 278 2104 patre
295 2059 319 2088 ac
339 2042 419 2104 spiritu
437 2053 513 2088 sancto
529 2042 609 2089 vivens
617 2050 633 2075 ⁴⁴
652 2050 696 2089 eta
713 2058 808 2105 regnans

44 2106 99 2150 deus
119 2106 244 2151 eternaliter
269 2105 381 2167 gloriosus
405 2122 443 2166 per
472 2117 552 2152 cuncta
574 2108 649 2153 secula
675 2107 808 2152 seculorum.

46 2170 144 2217 Amen,⁴⁵
177 2168 432 2228 Alleluia,⁴⁶Alleluia.⁴⁶

63 2318 164 2369 Explicit
169 2321 185 2348 ⁴⁷
194 2319 291 2369 primurn
301 2330 359 2369 opus
369 2319 397 2360 de
406 2318 453 2361 vita
462 2322 485 2361 et
494 2319 583 2362 actibus
592 2319 652 2361 beati
659 2319 674 2350 4⁸
684 2319 792 2362 francisci.

85 2458 100 2481 31
111 2453 142 2497 L.‚
152 2454 185 2490 os.
195 2452 229 2489 aud
238 2453 276 2489 Ox.
287 2450 378 2488 lambebat.
418 2455 434 2480 3²
444 2452 472 2488 M.
482 2452 517 2489 dei.
557 2452 785 2503 3³H.Multiplicabautm‘.

85 2504 204 2542 ³¹³Os.dicta.
256 2505 271 2531 ³⁵
282 2505 314 2540 Os.
322 2504 379 2540 omits.
432 2502 574 2553 torpuerunt.
626 2507 642 2531 ³⁷
652 2506 684 2541 Os.
694 2505 785 2541 remeabat.

86 2555 102 2585 38
111 2554 142 2593 W.
153 2567 250 2592 nicaeum.
309 2557 324 2583 ³9
334 2554 359 2592 L.
369 2565 413 2592 sunt.
442 2555 543 2593 Oslierant.
611 2560 626 2586 4⁰
636 2558 669 2594 Os.
678 2556 721 2594 adds
731 2558 790 2594 nostri.

86 2612 101 2638 41
112 2609 145 2646 Os.
155 2608 184 2645 ibi.
237 2610 253 2635 4²
262 2609 295 2644 Os.
305 2606 403 2644 comedant.
457 2610 472 2637 43
482 2608 507 2644 L.
517 2609 585 2657 pietate.
636 2612 652 2637 ⁴4
662 2610 694 2645 Os.
704 2609 760 2646 omits.

20 2682 22 2684 -
86 2662 102 2690 4⁵
117 2660 140 2698 E.
149 2668 213 2697 eterna.
241 2660 279 2697 Ox.
288 2659 347 2696 etiam.
474 2657 490 2688 ⁴⁶
500 2659 531 2705 L„
541 2659 576 2705 M„
587 2661 619 2699 Os.
628 2659 663 2697 and
671 2659 703 2698 W.
713 2662 761 2698 omit.

86 2714 101 2743 4⁷
111 2712 135 2751 E.
150 2711 251 2763 Explicit
265 2710 321 2754 liber
334 2711 437 2762 primurn.
467 2710 495 2750 H.
511 2712 612 2764 Explicit
625 2712 677 2755 unis
691 2724 757 2764 opus
783 2712 812 2750 M·

48 2765 149 2814 Explicit
171 2764 228 2805 liber
250 2764 346 2812 primum
369 2764 438 2805 huius
460 2776 539 2813 opens
579 2768 617 2803 Ox
642 2765 743 2815 Explicit
766 2765 813 2806 vita

50 2815 123 2856 sancti
137 2815 248 2856 francisci.
378 2812 393 2843 4⁸
403 2816 435 2851 Os.
445 2815 524 2856 sancti.
539 2808 554 2877 ξ
