1919 3169
131 71 160 131 36
343 62 504 114 Lucerum
521 66 681 113 Gauooau

129 167 200 214 virtus
210 165 316 230 patientie
327 163 510 220 circumdederat,
518 170 533 195 ⁵¹
546 172 572 210 ut
583 172 702 226 quererent
710 163 785 226 potius
796 164 827 210 ibi
839 180 893 223 esse,
949 183 958 227 jj

129 231 169 277 ubi
180 231 360 294 persecutionem
374 244 468 275 suorum
485 244 604 291 corporum
621 237 758 290 paterentur,
774 244 843 292 quam
854 228 893 275 ubi
949 228 959 280 ,²

128 307 228 356 possent,
251 294 366 339 sanctitate
388 293 489 354 ipsorum
511 293 608 355 cognita,
635 293 671 337 vel
692 293 789 347 laudata,
812 294 892 338 mundi
951 306 956 340 ‘s

130 358 247 406 favoribus
258 356 375 403 sublevari.
952 356 959 405 ζ’

178 426 238 472 Nam
260 421 392 469 multotiens
418 419 537 468 obbrobria
564 421 628 483 passi,
650 421 793 469 contumeliis
812 421 893 481 affecti,

129 490 245 546 denudati,
264 486 381 543 verberati,
398 486 469 549 ligati,
489 486 599 543 carcerati,
619 487 706 534 nullius
727 487 851 549 patrocinio
870 503 894 533 se
950 490 959 548 (ᾗ

130 564 219 601 tuentes
231 563 310 600 cuncta
321 552 351 597 sic
362 549 456 599 viriliter
463 559 478 583 ⁵²
489 549 637 610 sustinebant,
653 561 679 598 ut
695 551 720 597 in
736 568 775 598 ore
792 552 893 615 ipsorum

130 620 219 664 nonnisi
231 617 277 663 sola
287 633 333 662 vox
344 617 417 662 laudis
427 627 450 662 et
461 617 583 677 gratiarum
594 616 652 661 actio
663 624 801 663 resonaret.⁵³
841 617 893 674 Vix,
958 669 959 672 Ἴ

130 681 166 728 vel
177 696 294 746 nunquam
305 696 317 725 a
328 679 394 726 laude
405 679 442 725 dei
453 688 475 725 et
487 679 588 726 oratione
599 679 720 739 cessabant,
731 680 770 727 sed
787 680 894 727 continua
957 701 959 704 ’

130 746 269 793 discussione
288 744 396 808 quicquid
418 752 509 805 egerant
530 743 692 806 recolligentes,
710 760 751 806 pro
767 744 824 791 hene
840 746 894 791 actis

130 812 212 874 gratias
228 811 279 868 deo,
290 826 332 872 pro
343 807 450 871 neglectis
466 818 489 854 et
506 808 593 855 incaute
610 810 741 868 commissis,
758 809 857 873 gemitus
872 819 894 856 et
949 812 959 867 gs?

130 877 231 923 lacrimas
242 872 405 939 per-solvebant.
953 879 959 890 ²

177 942 298 988 Relictos54
314 956 326 986 a
342 939 386 986 deo
398 954 420 984 se
436 936 484 984 fore
500 936 616 1000 putabant,
634 938 652 985 si
668 956 713 986 non
730 955 753 985 se
770 940 794 986 in
814 939 894 1002 spiritu
958 945 959 1000 J

129 1006 256 1052 devotionis
268 1003 332 1049 solita
343 1004 425 1064 pietate
438 1003 520 1063 iugiter
536 1014 697 1063 cognoscerent
707 1005 799 1051 visitari.
833 1004 894 1050 Cum
950 1040 952 1043 >

130 1069 190 1116 enim
218 1066 357 1115 orationibus
384 1066 514 1112 incumbere
535 1066 626 1122 vellent,
655 1084 682 1114 ne
708 1069 768 1130 ipsos
789 1068 895 1130 arriperet
958 1103 959 1107 η

129 1131 346 1196 sompnus,aliquo⁵⁵
353 1130 512 1176 adminiculo⁵⁶
519 1129 658 1178 tenebantur.
677 1132 894 1195 Aliquisuspensis⁵⁷

130 1196 222 1245 funibus
230 1199 246 1230 ⁵³
263 1195 412 1243 fulciebantur
419 1202 435 1227 ⁵⁹
452 1211 480 1240 ne
496 1210 535 1256 per
552 1195 626 1240 somni
643 1197 807 1259 surreptionem
822 1198 895 1243 oratio
955 1255 956 1258 Ἰ

130 1261 264 1310 turbaretur.
305 1259 386 1323 Aliqui
405 1276 428 1305 se
447 1259 603 1306 instrumentis
624 1258 700 1307 ferreis
719 1260 894 1319 circumdabant,

129 1327 199 1391 aliqui
210 1344 264 1374 vero
276 1326 358 1389 ligneis
369 1324 487 1387 ergastulis
498 1341 524 1371 se
535 1323 659 1386 cingebant.
667 1327 683 1352 ⁶⁰

176 1393 198 1438 Si
209 1392 301 1455 quando
312 1390 416 1436 ciborum
431 1389 518 1451 copiae
530 1389 566 1436 vel
583 1399 661 1452 potus,
673 1400 699 1437 ut
715 1392 804 1449 assolet,
815 1407 895 1437 eorum
950 1426 953 1433 ,

128 1456 237 1503 sobrietas
248 1455 382 1513 turbaretur,
394 1453 429 1499 vel
440 1454 526 1499 itineris
537 1453 667 1501 lassitudine
678 1456 812 1502 necessitatis
825 1466 895 1503 metas

129 1522 166 1568 vel
177 1522 201 1568 in
213 1521 303 1567 modico
314 1519 483 1581 pertransirent,
494 1518 619 1565 multorum
631 1520 718 1566 dierum
730 1521 896 1567 abstinentiase
957 1534 959 1580 Q

129 1586 269 1632 acerbissime
291 1581 443 1629 cruciabant.⁶²
474 1583 549 1628 Tanta
570 1583 667 1645 denique
689 1584 837 1631 maceratione
860 1584 895 1631 in-

129 1651 218 1698 centiva
229 1649 300 1697 carnis
311 1647 431 1710 reprimere
442 1645 577 1710 satagebant,
589 1658 615 1694 ut
631 1649 654 1694 in
671 1647 815 1712 frigidissima
825 1649 896 1712 glacie

130 1732 176 1762 non
187 1717 334 1762 abhorrerent
346 1713 422 1775 sepius
433 1729 456 1759 se
467 1712 551 1759 nudare
562 1731 586 1759 ac
597 1723 673 1760 totum
685 1732 766 1777 corpus
781 1715 895 1777 spinarum
947 1734 959 1777 ,³

129 1781 211 1827 aculeis
232 1787 411 1841 compungentes
432 1776 543 1823 effusione
570 1778 685 1840 sanguinis
712 1779 829 1842 irrigares
861 1781 896 1827 lta

130 1845 191 1891 enim
212 1844 288 1891 omnia
310 1853 398 1889 terrena
425 1841 580 1888 strenuissime
607 1843 786 1902 contemnebant,
810 1854 836 1890 ut
858 1862 896 1891 ex·

129 1919 200 1955 trema
206 1909 222 1940 ⁶⁴
234 1908 280 1954 vite
291 1906 413 1953 necessaria
424 1907 462 1951 vix
475 1906 572 1967 recipere
583 1917 727 1966 paterentur3
738 1918 761 1953 et
772 1918 817 1954 tam
829 1909 896 1971 longa

130 1972 294 2021 consuetudine
320 1988 333 2017 a
360 1986 467 2033 corporea
493 1969 646 2017 consolatione
674 1972 780 2019 disiuncti
805 1989 896 2037 queque
946 1970 959 2021 ,ἓ

129 2055 206 2101 aspera
216 2055 263 2085 non
274 2037 403 2083 timerent.⁶⁵
956 2079 959 2086 ,,

180 2104 208 2150 ln
219 2102 261 2149 hiis
271 2101 378 2148 omnibus
389 2116 466 2161 pacem
482 2108 505 2145 et
516 2101 714 2148 mansuetudinem
725 2118 778 2149 cum
790 2102 896 2149 omnibus

130 2167 294 2230 sequebantur3
306 2175 328 2212 et
339 2164 422 2228 pudica
432 2180 519 2226 semper
530 2173 553 2209 et
569 2164 659 2225 pacifica
675 2176 793 2228 operantes
806 2183 896 2213 summo
952 2165 959 2215 ἶ,

130 2233 207 2281 studio
234 2240 313 2278 cuncta
340 2228 442 2276 scandala
469 2228 605 2275 devitabant.
637 2229 682 2275 Vix
709 2231 769 2277 enim
793 2241 896 2294 tempore
945 2222 959 2276 {i

131 2297 253 2344 necessario
274 2294 431 2358 loquebantur,
451 2309 491 2338 nec
510 2293 538 2339 de
557 2294 659 2357 ipsorum
680 2312 719 2341 ore
740 2295 838 2355 scurrile,
858 2307 896 2343 aut
945 2295 958 2345 313

131 2362 231 2409 otiosum
238 2360 354 2425 quippiam
361 2357 502 2421 procedebat,
508 2368 534 2406 ut
543 2358 566 2404 in
573 2359 636 2405 omni
645 2360 692 2406 vita
700 2370 722 2407 et
729 2362 896 2408 conversatione

170 2501 185 2527 5Ι
200 2498 224 2536 L.
234 2496 375 2534 circumdaverat.
413 2494 440 2531 H.
450 2495 484 2531 and
493 2493 526 2531 Os.
537 2495 658 2533 circumdarat.
715 2499 731 2525 ⁵²
745 2496 784 2536 Ox.
794 2498 864 2536 utiliter.

170 2552 186 2579 ⁵³
199 2549 234 2596 H,
245 2548 273 2586 M.
283 2549 318 2585 and
327 2548 358 2584 W.
369 2557 442 2585 onarro.
493 2549 509 2575 ⁵4
523 2546 562 2585 Ox.
572 2547 667 2585 derilictos.
719 2550 735 2577 ⁵⁵
750 2550 774 2588 L.
783 2549 861 2588 alicuius.

170 2597 485 2639 &Hmfflomfflm
588 2599 768 2649 fflwfflms

170 2652 187 2681 ⁵⁸
200 2653 227 2690 H.
237 2651 323 2689 funiculis.
351 2649 379 2689 M.
388 2649 481 2687 funeribus.
589 2652 605 2678 5⁹
618 2650 647 2688 M.
656 2651 776 2690 fulciebantur.

171 2704 187 2729 ⁶⁰
200 2705 228 2743 H.
236 2704 270 2743 and
279 2703 310 2741 W.
321 2715 385 2741 caruis
394 2712 502 2740 nncurnrro.
645 2702 660 2726 ⁶¹
675 2703 708 2742 Os.
719 2706 776 2744 omits.

171 2758 187 2781 ⁶²
201 2758 228 2796 M.
248 2769 309 2794 caurus
319 2766 429 2793 nacannrro.
481 2754 496 2781 ⁶3
509 2755 545 2801 H,
555 2755 584 2792 M.
594 2756 628 2792 and
638 2757 669 2793 W.
680 2769 804 2795 conraurrus.

171 2810 187 2840 ⁶4
201 2810 234 2847 Os.
244 2819 328 2846 extreme.
381 2806 397 2835 ⁶⁵
411 2809 443 2851 H,
454 2806 483 2844 M.
493 2808 527 2844 aud
535 2809 566 2844 W.
578 2820 618 2845 anx.
