1919 3169
134 57 177 102 106
347 54 511 101 LEGENDA
529 53 686 114 suttona

131 151 244 197 commisit
268 150 396 206 altissimus,
418 166 499 196 verum
528 151 595 196 etiarn
622 150 713 195 emerite
740 149 819 195 militie
846 150 896 195 viro

132 214 227 263 dabatur
259 214 351 261 materia
387 213 549 277 triumphandi.
609 213 705 261 Habent
736 224 759 260 et
794 214 817 260 in
855 215 897 260 hoc

52 280 91 317 F01·
102 291 126 330 97
132 282 233 343 exempla
243 289 369 343 sequentes,
381 280 438 325 dum
456 290 549 342 propter
565 289 703 325 senectutem
721 280 788 325 nichil
806 280 895 335 lentius,

132 356 224 407 propter
242 345 395 390 infirmitatem
413 344 480 390 nichil
502 344 657 406 indulgentius
678 344 732 407 egit.
782 345 831 389 Nec
851 344 897 390 ulla

132 427 196 455 causa
215 409 260 455 fuit
279 407 378 469 perfecta
394 408 451 454 valle
468 410 618 472 lacrymarum
636 409 749 470 purgatio,
760 425 804 470 que
821 409 851 454 sic
868 408 896 454 de

132 474 256 536 quadrante
273 472 395 519 novissimo
411 472 515 518 redderet
531 473 648 528 rationem,
665 473 684 516 si
703 472 759 534 quid
781 471 896 518 inhesisset

132 538 255 595 cremabile,
278 546 305 583 ut
327 537 419 583 tandem
441 538 613 600 purgatissimus
640 536 722 598 raptim
749 536 777 583 ad
804 552 896 598 superos

130 603 245 649 evolasset.

136 685 137 688 ¹
178 666 321 710 potissimam
328 681 382 709 vero
390 675 557 711 tormentorum
565 681 659 710 suorum
668 666 770 709 existimo
778 667 895 719 rationem,

130 731 190 791 quia,
202 739 229 776 ut
240 730 287 790 ipse
298 728 406 774 asserebat
418 730 446 775 de
457 729 512 786 aliis,
524 730 546 775 in
557 727 708 774 substinendis
723 726 765 772 illis
776 727 895 773 retributio

130 794 212 841 multa.
257 793 318 838 Nam
340 802 405 839 nocte
427 794 524 856 quadam
546 809 599 840 cum
623 802 716 856 propter
737 792 895 839 infirmitatum

131 875 224 905 suarum
237 873 317 920 graves
334 867 356 903 et
374 858 471 904 diversas
488 858 600 904 molestias
617 859 669 920 plus
686 857 752 903 solito
769 858 895 915 lassaretur,

131 924 189 986 cepit
200 924 228 970 de
238 923 319 968 intimo
330 922 403 968 cordis
413 924 511 985 compati
521 922 562 969 sibi
573 922 622 985 ipsi.
655 922 697 968 Sed
708 939 735 967 ne
753 922 844 984 spiritus
859 922 896 968 ille

130 998 250 1049 promptus
259 987 319 1031 carni
331 987 446 1031 carnaliter
457 988 592 1032 consentiret
603 988 626 1031 in
637 987 713 1048 aliquo
723 987 759 1031 vel
770 988 797 1031 ad
808 988 893 1042 horamy

131 1052 236 1112 patientie
258 1060 349 1097 scutum
371 1051 456 1096 orando
480 1051 508 1097 ad
536 1050 645 1097 christum
672 1061 745 1098 servat
772 1049 894 1097 immobile.

132 1117 206 1162 Orans
217 1115 308 1162 tandem
319 1115 349 1162 sic
360 1115 447 1177 positus
459 1114 481 1162 in
492 1131 570 1178 agone,
581 1114 753 1178 promissionem
764 1125 838 1162 eterne
849 1117 895 1163 vite

131 1198 144 1226 a
162 1182 255 1227 domino
274 1180 317 1226 sub
335 1181 376 1226 hac
394 1180 540 1226 similitudine
559 1182 698 1242 reportavit:
726 1181 747 1226 Si
766 1190 815 1226 tota
835 1191 895 1226 terre

132 1246 202 1293 moles
213 1255 235 1292 et
246 1245 347 1291 machina
357 1245 438 1291 mundi
448 1261 530 1292 aurum
543 1255 599 1291 esset
616 1246 662 1290 sine
679 1245 752 1306 pretio
769 1247 894 1306 pretiosum

132 1319 154 1355 et
171 1310 212 1355 tibi
230 1324 273 1370 pro
292 1310 333 1364 his,
352 1325 396 1371 que
415 1310 503 1369 pateris,
522 1309 585 1355 duris
604 1309 719 1367 molestiis,
736 1310 798 1354 omni
817 1310 895 1356 dolore

132 1372 227 1429 sublato,
249 1372 341 1420 daretur
363 1373 385 1418 in
407 1373 519 1434 premium
541 1373 659 1419 thesaurus
679 1373 751 1435 glorie
771 1382 841 1432 tante,
859 1374 895 1420 cui

131 1438 231 1501 predicta
240 1438 289 1483 auri
300 1438 435 1500 comparatio
450 1437 512 1484 nulla
521 1447 586 1494 esset,
596 1438 633 1485 vel
644 1439 711 1485 etiam
727 1439 838 1485 nominari
849 1455 894 1485 non

132 1504 206 1565 digna,
220 1519 294 1549 nonne
304 1504 405 1565 gaudens
415 1503 510 1549 libenter
520 1503 655 1550 substineres
673 1519 718 1565 que
736 1503 847 1550 substines
866 1504 894 1551 ad

132 1567 290 1612 momentum?
323 1567 451 1612 Gauderem
462 1567 549 1628 utique,
558 1568 588 1612 ait
596 1576 685 1612 sanctus
693 1577 716 1612 et
724 1583 791 1628 super
799 1569 894 1614 modum

132 1632 260 1694 gauderem.
294 1630 379 1676 Exulta
389 1630 467 1692 igitur,
479 1630 535 1676 dixit
545 1631 578 1675 illi
588 1630 703 1687 dominus,
714 1632 767 1693 quia
777 1632 840 1693 regni
851 1632 895 1677 mei

132 1707 165 1743 est
181 1714 230 1742 arra
246 1695 363 1742 infirmitas
379 1706 419 1741 tua
434 1706 457 1741 et
468 1712 507 1757 per
518 1696 638 1757 penitentie
649 1697 756 1742 meritum
766 1712 857 1742 securus
874 1706 896 1742 et

133 1771 207 1807 certus
226 1760 336 1822 [eiusdem
355 1760 429 1822 regni]
451 1760 598 1805 hereditatem
619 1769 718 1821 expecta.
750 1761 792 1807 Sed
811 1771 897 1824 quanta

133 1835 199 1886 putas
209 1825 346 1869 exultatione
358 1826 461 1885 gavisum
479 1824 593 1869 hominem
611 1834 657 1869 tam
674 1824 732 1870 felici
749 1826 896 1885 promissione

133 1888 238 1935 beatum?
267 1888 361 1939 Quanta
372 1904 417 1934 non
428 1886 502 1933 solum
513 1888 625 1948 patientia,
636 1904 717 1934 verum
728 1889 795 1934 etiam
806 1889 896 1935 caritate

133 1953 198 2000 illum
216 1951 286 1998 credis
305 1953 404 2014 corporis
423 1953 534 1998 molestias
553 1952 719 2014 amplexatum?
760 1953 833 1999 Novit
850 1954 896 2016 ipse

133 2018 203 2064 modo
213 2016 320 2080 perfecte,
332 2017 385 2081 quia
396 2016 506 2063 indicibile
522 2026 578 2063 tunc
594 2017 668 2063 dicere
684 2017 725 2063 sibi
741 2016 802 2074 fuit3
819 2018 896 2065 retulit

133 2093 207 2127 tamen
223 2083 286 2126 sotiis
305 2098 382 2142 pauca,
401 2091 427 2125 ut
446 2083 528 2140 potuit.
561 2082 651 2126 Laudes
669 2081 698 2126 de
717 2083 823 2127 creaturis
841 2093 897 2128 tunc

134 2146 241 2208 quasdam
249 2146 377 2206 composuit
385 2154 407 2191 et
416 2160 451 2190 eas
460 2154 583 2207 utcumque
591 2145 619 2192 ad
628 2155 749 2191 creatorem
757 2144 896 2192 laudandum

133 2211 240 2257 accendit.

357 2304 392 2346 De
404 2305 502 2347 transitu
516 2306 590 2347 sancti
603 2305 676 2356 patris

82 2420 131 2458 [uu]
181 2375 230 2458 In
245 2408 288 2453 fine
305 2408 410 2462 hominis,
421 2409 451 2453 ait
468 2410 561 2470 sapiens,
573 2408 697 2455 denudatio
714 2424 810 2469 operum
822 2409 899 2466 illius;

136 2476 199 2537 quod
210 2475 233 2519 in
246 2482 323 2519 sancto
334 2474 378 2519 isto
395 2471 491 2536 gloriose
509 2474 620 2520 cernimus
638 2489 684 2518 esse
703 2472 848 2536 completum,
859 2475 899 2537 qui

136 2541 195 2586 viam
214 2539 374 2585 mandatorum
402 2538 438 2584 dei
466 2540 547 2586 mentis
575 2538 687 2585 alacritate
708 2555 839 2600 percurrens
861 2556 900 2602 per

137 2606 239 2651 omnium
260 2605 374 2652 virtutum
396 2603 479 2665 gradus
501 2605 529 2651 ad
554 2620 642 2650 summa
663 2605 766 2666 pervenit
787 2614 809 2650 et
830 2605 899 2652 velud

137 2669 221 2715 ductile
232 2684 290 2729 opus
302 2667 344 2714 sub
358 2667 488 2729 multiplicis
505 2668 656 2715 tribulationis
673 2668 753 2714 malleo
770 2669 798 2714 ad
814 2669 901 2730 perfec-

137 2735 223 2780 tionem
234 2732 346 2780 adductus
363 2731 436 2779 omnis
453 2732 651 2780 consummationis
668 2732 725 2779 vidit
742 2732 827 2790 finem;
844 2742 900 2781 tunc

136 2800 196 2844 enim
207 2798 278 2861 magis
288 2797 336 2844 eius
347 2797 438 2843 mirifica
449 2814 516 2861 opera
527 2798 669 2844 colluxerunt
680 2807 703 2843 et
713 2798 817 2845 divinum
834 2797 901 2844 fuisse
