1919 3169
264 60 465 109 TRACTATUS
481 62 654 109 SECUNDUS
806 65 835 123 69

71 170 191 216 securum3
224 176 290 207 nemo
317 160 448 217 laudandus,
478 161 541 207 cuius
567 160 664 206 incertus
690 169 723 206 est
755 160 835 208 exitus.

72 224 269 287 Quandocumque
295 235 376 271 mutuo
404 241 532 273 concessum
560 225 648 272 auferre
674 224 772 272 voluerit
796 227 835 286 qui

71 288 186 344 concessit,
208 290 290 345 solum,
315 288 403 353 inquid,
432 305 511 351 corpus
536 299 558 335 et
580 289 654 335 anima
680 287 834 345 remanebunt,

71 369 115 415 que
136 353 232 401 infidelis
259 355 326 401 etiam
349 354 455 415 possidet.
496 355 541 400 Ista
566 354 658 417 quidem
684 351 835 401 laudantibus.

71 417 108 463 Ad
135 435 158 463 se
180 426 258 464 'autem
280 419 325 464 sic:
349 419 443 464 Latroni
469 429 531 465 tanta
555 418 685 466 contulisset
707 417 835 475 altissimus,

71 483 155 543 gratior
166 491 189 527 te
199 482 266 538 foret,
277 483 400 529 Francisce.

281 623 358 666 Verba
368 626 447 666 contra
459 635 484 665 se
494 623 619 667 laudentes.
838 635 923 679 [n-cer]

115 708 236 793 Dicebat
257 753 332 789 autem
353 741 458 788 fratribus
481 759 548 803 sepe:
576 744 611 788 De
633 744 694 788 omni
716 760 750 800 eo,
772 745 834 804 quod

71 816 173 868 peccator
191 816 272 868 potest,
294 823 360 852 nemo
382 805 423 851 sibi
445 805 511 851 debet
532 806 610 868 iniquo
631 807 709 868 plausu
730 805 835 853 blandiri.

71 872 183 928 Peccator,
199 872 237 927 ait,
248 871 345 916 ieiunare
362 881 442 933 potest,
460 886 529 929 orare,
545 870 655 934 plangere,
667 887 754 917 carnem
771 887 834 917 suam

71 952 194 992 macerare;
212 936 259 991 hoc,
272 953 334 993 vero,
345 952 391 981 non
405 945 474 996 potes,
487 936 580 981 domino
596 952 637 981 suo
651 936 723 983 fidelis
734 938 834 983 existere.

70 999 149 1062 ltaque
170 999 194 1045 in
215 1000 258 1045 hoc
279 1000 423 1062 gloriandum
439 1009 479 1056 est,
496 1001 514 1044 si
536 1016 599 1045 suam
615 1000 657 1045 deo
676 1001 800 1057 reddimus,
817 1002 834 1046 si

70 1064 165 1107 fideliter
176 1065 304 1119 servientes,
315 1065 357 1124 ipsi
368 1065 479 1126 quidquid
490 1065 559 1108 donat
575 1063 725 1109 adscribimus.
759 1066 836 1110 Maior

72 1127 169 1172 hominis
186 1128 289 1173 inimicus
300 1143 350 1173 caro
361 1138 409 1182 est3
427 1126 495 1172 nichil
505 1127 626 1188 recogitare
638 1129 701 1175 novit
716 1137 741 1174 ut
754 1129 835 1185 doleat,

71 1191 138 1238 nichil
156 1202 182 1237 ut
197 1192 275 1239 timeat
285 1192 404 1255 providere
420 1191 519 1239 studium
536 1190 585 1238 eius
602 1191 663 1238 abuti
680 1191 835 1256 presentibus3

71 1257 134 1319 quod
155 1267 229 1303 autem
250 1258 313 1319 peius
338 1268 379 1315 est,
401 1257 455 1318 ipsa,
475 1256 517 1302 sibi
539 1267 639 1319 usurpat,
658 1257 706 1320 ipsa
727 1258 751 1304 in
772 1274 835 1304 suam

71 1321 166 1383 gloriam
176 1321 281 1368 transfert
297 1323 359 1384 quod
370 1339 416 1367 non
426 1322 473 1377 sibi,
486 1323 525 1369 sed
541 1322 614 1368 anime
625 1322 704 1369 datum
721 1334 754 1369 est
764 1340 770 1379 ;
786 1324 836 1385 Ipsa

71 1385 99 1430 de
110 1386 232 1431 virtutibus
242 1386 339 1441 laudare,
348 1387 376 1432 de
384 1382 467 1449 vigiliis
478 1395 500 1431 et
511 1386 649 1431 orationibus
655 1385 754 1434 favorem
765 1387 836 1449 carpit

71 1450 227 1509 extrinsecum,
245 1452 312 1497 nichil
329 1452 400 1497 anime
416 1452 544 1514 relinquens
560 1451 632 1514 querit
648 1462 671 1498 et
688 1453 716 1499 de
734 1453 836 1515 lacrymis

72 1514 171 1561 obolum.

272 1645 306 1685 De
320 1643 471 1684 occultatione
484 1644 625 1693 stigmatum.
839 1659 932 1700 [n-cqu]

121 1729 183 1815 Illa
203 1777 259 1809 vero
278 1759 385 1807 Crucifixi
405 1759 501 1822 insignia
518 1760 613 1806 summis
634 1759 701 1806 etiam
722 1760 837 1822 spiritibus

74 1827 198 1875 veneranda
216 1826 249 1871 fas
268 1842 313 1871 non
332 1835 365 1871 est
384 1825 474 1887 silentio
492 1826 606 1886 preterire,
623 1836 708 1888 quanto
729 1826 838 1872 velamine

74 1894 160 1948 texerit,
172 1901 256 1953 quanto
267 1890 406 1935 absconderit
422 1889 505 1934 studio
538 1890 616 1934 Primo
631 1890 655 1933 in
670 1901 779 1950 tempore,
791 1908 838 1953 quo

73 1973 140 2004 verus
167 1954 250 2001 Christi
277 1969 339 1999 amor
359 1954 383 1999 in
404 1954 497 1999 eandem
524 1954 650 2016 ymaginem
671 1954 839 2001 transformarat

73 2032 191 2077 amantem,
203 2030 265 2066 tanta
281 2019 365 2064 cautela
375 2016 444 2063 celare
461 2028 484 2063 et
499 2018 610 2064 occultare
627 2019 686 2079 cepit
701 2019 838 2079 thesaurum,

74 2096 99 2132 ut
111 2102 182 2149 usque
193 2085 221 2131 ad
232 2083 304 2130 multa
315 2093 423 2144 tempora,
436 2099 476 2128 nec
486 2082 528 2144 ipsi
545 2081 662 2129 familiares
677 2094 838 2145 agnoscerent;

74 2152 113 2196 sed
124 2166 211 2211 semper
222 2148 334 2203 abscondi,
346 2164 386 2192 nec
399 2147 427 2193 ad
444 2147 521 2192 oculos
537 2148 612 2192 venire
628 2147 746 2193 charorum
763 2149 839 2194 divina

74 2215 193 2275 prudentia
215 2213 297 2268 noluit,
319 2212 374 2273 quin
395 2210 462 2257 etiam
484 2220 507 2258 et
525 2210 614 2273 publica
630 2211 678 2257 loca
694 2212 837 2259 memborum

74 2279 174 2341 idipsum
193 2294 239 2324 non
253 2274 400 2339 ¹patiebantur
419 2275 541 2322 obtectum.
574 2275 659 2322 Videris
676 2286 752 2330 autem
770 2278 838 2323 semel

74 2361 134 2391 unus
145 2345 173 2390 de
183 2343 246 2389 sotiis
256 2343 360 2405 stigmata
375 2340 399 2385 in
416 2340 511 2402 pedibus
528 2341 583 2397 eius,
594 2341 651 2387 dixit
668 2341 703 2387 ei:
722 2342 787 2394 Quid
805 2353 838 2388 est

75 2409 123 2466 hoc,
132 2409 190 2455 bone
198 2408 281 2454 frater?
311 2406 360 2458 Qui
371 2406 501 2467 respondit:
520 2406 603 2452 Curam
614 2405 670 2452 habe
681 2406 708 2452 de
719 2406 778 2454 facto
788 2417 837 2455 tuo.

122 2473 173 2517 Alia
202 2473 257 2529 vice,
282 2471 342 2515 idem
375 2469 443 2514 frater
474 2471 550 2515 tunica
581 2471 629 2515 eius
660 2472 688 2516 ad
723 2473 839 2517 excutien-

76 2537 132 2582 dum
166 2546 263 2597 petens,¹
283 2550 376 2596 eamque
412 2534 605 2595 sanguinolentam
636 2535 749 2594 aspiciens,
782 2535 839 2581 dixit

76 2611 160 2660 sanct0‚
171 2610 291 2664 postquam
307 2597 405 2644 reddidit
415 2614 464 2644 eam
476 2616 481 2644 ι
500 2598 634 2646 Cuiusmodi
644 2599 735 2662 sanguis
745 2609 778 2646 est
794 2598 882 2656 illator
890 2611 928 2656 25²⁰

76 2683 123 2728 quo
133 2666 210 2713 tunica
221 2664 303 2711 infecta
309 2662 415 2710 videtur?
444 2665 537 2711 Sanctus
545 2681 605 2723 vero,
615 2664 732 2726 imponens
740 2665 838 2729 digitum

76 2731 152 2785 oculo„
161 2730 218 2775 dixit
228 2730 248 2774 ei
259 2746 263 2774 :
282 2730 396 2789 Interroga
407 2728 463 2788 quid
474 2738 507 2773 est
518 2731 567 2783 hoc,
576 2730 594 2773 si
603 2729 673 2774 nescis
683 2730 776 2775 oculum
787 2746 839 2775 esse.

77 2793 137 2841 Raro
147 2794 223 2861 itaque
234 2802 292 2840 totas
307 2791 379 2840 abluit
392 2807 478 2849 manus
491 2793 575 2854 digitos
591 2802 680 2839 tantum
696 2793 839 2857 perfundens,
