1919 3169
109 83 121 115 2
438 64 545 111 INDEX

109 170 207 191 unumunurm

110 211 185 262 XXVJ.
252 210 352 260 Quomodo
353 222 435 259 perusrms
444 210 535 258 predicans
549 209 640 246 futuram
635 223 653 247 rn
661 211 686 247 eis
695 211 798 249 seditionem

301 262 378 314 predixit
386 271 404 299 et
412 260 435 299 de
444 261 594 300 commendatione
602 262 681 301 unitatis.
734 293 739 301 .
792 292 796 301 .

111 296 198 356 XXVIJ.
254 316 285 353 De
293 315 364 353 muliere
373 329 401 352 eur
396 315 510 365 predixit'
494 328 549 353 virum
557 328 606 351 suum
614 315 636 352 de
646 315 691 353 malo
700 315 764 354 bonum
793 345 797 354 .

112 369 211 408 XXVIIJ.
255 368 350 417 Quomodo
359 381 389 417 per
398 369 475 417 spiritum
484 369 566 417 cognovit
578 366 648 404 fratrem
657 381 687 417 qut
682 368 798 406 'scandalirat

302 419 379 464 fratrem,
388 432 441 469 quem
449 419 551 467 religionem
559 420 646 454 exiturum
655 420 732 468 predixit
793 446 797 456 .

113 473 189 512 XXIX.
250 470 281 508 De
290 471 350 509 iuvene
359 472 389 521 qui
401 472 448 508 venit
461 471 483 508 ud
498 471 605 520 religionem,
614 484 664 521 quem
674 473 756 520 coguovit
765 485 798 509 non

304 524 363 573 spiritu
372 523 401 559 dei
409 523 480 560 ductum
504 550 799 561 ......

113 578 178 616 ΧΧΧ,
253 575 283 614 De
289 575 364 626 quodam
370 574 434 612 clerico
443 576 494 612 abeo
503 584 568 621 sanato,
577 588 629 625 quem
636 585 704 626 propter
710 586 800 627 peccatum

304 641 353 664 suum
362 630 420 677 peiora
428 641 516 678 passurum
524 628 620 677 predixit

113 681 190 729 XXXJ
255 679 286 715 De
295 679 371 728 quodam
378 680 431 715 fratre
439 688 505 715 tentato

114 732 201 781 XXXIJ
255 729 286 767 De
292 730 338 767 fame
347 743 398 780 quam
407 739 524 780 postmortem
533 743 580 766 suain
589 730 614 765 fut
608 738 662 766 turam
668 731 745 779 predixit
797 761 800 768 .

114 783 214 834 XXXIIJ
254 782 349 832 Quomodo
358 781 428 819 fratrem
439 782 531 820 Recerium
541 795 551 818 a
559 783 671 832 temptatione
680 782 758 819 liberavit
797 813 800 821 .

115 836 211 874 XXXIV.
255 836 286 873 De
299 835 366 872 duobus
379 836 411 871 frat
405 835 465 879 tribus,
478 848 521 885 quos
536 836 597 871 exiens
612 835 634 870 de
649 834 692 872 cella
705 836 802 882 benedixit,

306 900 379 939 quorum
388 887 492 924 desiderium
501 900 531 937 per
540 889 617 937 spiritum
627 890 707 936 cognovit
741 917 745 926 .

116 941 201 978 XXXV.
258 940 287 976 De
296 940 366 976 aviculis
374 941 396 975 ab
404 941 442 987 ipso
455 941 529 982 nutritis,
538 952 610 987 quorum
619 952 661 975 unus
669 950 738 988 propter·
747 942 803 977 avari-

307 1001 348 1027 tiam
357 999 431 1026 mortem
440 999 511 1027 rncurrrt

116 1044 211 1094 XXXVJ.
257 1044 311 1092 Quod
324 1056 344 1080 ea
358 1056 391 1092 que
404 1043 426 1078 de
438 1043 491 1079 fratre
502 1042 591 1079 Bernardo
604 1043 687 1093 predixit,
696 1045 754 1080 omnia
765 1055 804 1081 sunt

307 1097 331 1131 im
344 1095 378 1132 leto
396 1121 803 1135 ........

117 1148 223 1198 XXXVIJ.
259 1148 289 1186 De
297 1108 350 1185 frutib
358 1155 443 1234 templtato
452 1149 481 1197 qui
489 1147 512 1184 de
521 1160 572 1184 manu
581 1148 635 1185 sancti
644 1147 714 1198 aliquod
723 1149 804 1199 scriptum

308 1200 371 1235 habere
380 1213 402 1235 vo
410 1200 455 1235 ebat.

117 1250 236 1301 XXXVHJ,
256 1251 285 1287 De
293 1250 356 1285 eodem
364 1249 417 1285 fratre
426 1251 454 1285 cui
462 1250 513 1285 iuxta
521 1250 625 1285 desiderium
634 1251 709 1286 tunicam
718 1251 766 1287 dedit
800 1281 803 1288 .

118 1304 209 1341 XXXIX.
257 1304 286 1339 De
301 1300 390 1351 petrosillo
404 1301 426 1336 ad
436 1302 473 1351 ejus
487 1303 553 1350 jussum
567 1302 611 1336 inter
624 1302 686 1337 herbas
700 1296 774 1349 agrestes
783 1302 805 1339 de

311 1362 362 1390 nocte
370 1363 440 1390 invento
456 1381 805 1395 .......

119 1408 164 1446 XL.
260 1407 289 1444 De
298 1414 397 1455 paupertate
405 1415 423 1442 et
431 1404 482 1441 laude
487 1406 540 1454 ipsius
571 1432 806 1445 ,,,,,

119 1460 174 1509 XLJ.
262 1458 291 1495 De
300 1466 398 1507 paupertate
406 1456 519 1494 hedificorum

120 1512 186 1561 XLIJ.
264 1510 293 1547 De
301 1510 355 1546 domo
363 1522 414 1558 quum
423 1508 468 1558 apud
476 1508 605 1545 Portiunculam
613 1508 701 1546 destruere
710 1512 755 1559 cepit
803 1541 807 1549 .

120 1563 205 1612 XLHJ„
264 1562 294 1599 De
302 1562 356 1597 domo
365 1561 471 1605 bononiensi,
478 1561 500 1595 de
507 1573 540 1610 qua
546 1559 623 1596 infirmos
632 1562 678 1597 eiicit
688 1590 692 1598 .
745 1591 749 1599 .
803 1593 806 1600 ,

120 1614 195 1654 XLIV,
264 1614 292 1651 De
302 1612 345 1650 cella
354 1624 383 1648 sua
391 1613 457 1648 nomini
465 1612 510 1648 facta
512 1624 576 1661 ,quam
584 1613 647 1650 intrare
656 1613 710 1650 noluit
746 1644 749 1650 .
803 1646 806 1652 .

121 1666 185 1706 XLV.
263 1667 292 1703 De
301 1673 400 1716 paupertate
409 1673 427 1702 ut
420 1663 505 1702 tensilium
516 1693 808 1706 ......

123 1719 197 1770 XLVJ¹
262 1717 370 1767 Exemplum
379 1717 401 1753 de
410 1729 469 1753 mensa
481 1717 499 1752 in
512 1716 541 1752 die
554 1718 618 1766 pasche
630 1718 675 1768 apud
684 1720 761 1766 grecium
770 1732 809 1770 pre·

315 1778 373 1818 parata
387 1777 404 1805 et
413 1769 501 1817 quomodo
511 1782 528 1805 se
538 1769 597 1806 christi
606 1770 689 1819 exemplo
702 1772 746 1808 sicut
759 1785 809 1821 pete-

314 1822 381 1879 grinum
390 1820 469 1855 exhibuit
516 1848 809 1863 ,,,,,,

123 1873 209 1925 XLVIJ.
267 1872 333 1909 Contra
342 1872 457 1909 curiositatem
465 1870 547 1908 librorum
574 1899 811 1913 ,,,,,

124 1926 222 1976 XLVHJ.
268 1924 299 1962 De
308 1932 406 1975 paupertate
415 1922 500 1960 lectorum
511 1922 612 1974 exemplum
626 1925 692 1963 domini
706 1927 785 1964 ostiensis
794 1937 811 1965 et
888 1962 890 1965 Α

316 1976 375 2013 laus'
360 1989 396 2012 erus
404 2003 810 2017 ........

125 2027 197 2071 XLIX
261 2029 333 2078 Quid·
319 2042 335 2065 er
344 2028 409 2065 accidit
417 2037 468 2065 nocte
477 2022 550 2087 quadam
559 2042 591 2078 pro
600 2028 669 2078 plumeo
678 2030 761 2079 pulvinari
807 2063 811 2072 ‚

126 2085 150 2123 L,
263 2079 352 2130 Exempla
362 2089 423 2116 eontra
435 2081 524 2129 pecuniam
537 2090 554 2116 et
568 2081 610 2117 dura
623 2083 708 2118 correctio
716 2081 774 2120 fratris
782 2087 812 2133 qui
877 2113 879 2115 -

316 2145 354 2168 eam
364 2132 473 2168 manibust
449 2141 473 2167 tet
474 2132 505 2178 igit
520 2161 811 2173 ,,,,,,

127 2188 144 2227 L
146 2189 162 2239 J,
268 2183 341 2222 Vindict
334 2191 352 2221 ta
360 2181 417 2221 fratris
426 2182 455 2234 qui
464 2183 553 2245 pecuniam
562 2183 665 2245 quandoque
674 2183 812 2247 collegit..

128 2241 174 2290 LIJ,
269 2237 368 2286 Increpatio
375 2235 432 2274 fratris
441 2238 553 2287 quipecunia‚
559 2239 616 2286 specie
625 2240 737 2284 necessitatis
746 2240 813 2278 volebat

319 2300 386 2325 servare
405 2316 812 2330 ........

129 2345 186 2393 LIIJ.
271 2342 300 2379 De
308 2340 435 2390 pecuniaversa
442 2339 459 2375 in
468 2339 557 2376 colubrum
580 2369 813 2383 ,,,,,

129 2395 184 2433 LIV.
268 2394 297 2430 De
306 2400 405 2441 paupertate
413 2392 553 2426 vestimentorum
579 2419 811 2430 .....

131 2446 174 2485 LV,
267 2443 378 2481 Recedentes
387 2455 397 2479 a
405 2451 502 2491 paupertate
513 2456 522 2479 a
531 2444 639 2488 necessitate,
649 2445 766 2493 corrigendos,
775 2459 815 2496 pre-

322 2494 413 2531 nuntiat.

132 2550 185 2601 LVJ.
271 2550 300 2587 De
309 2546 383 2598 petenda
391 2543 502 2598 helemosyna
510 2556 528 2583 et
537 2525 653 2585 commendat
641 2557 688 2585 tione
695 2526 758 2600 ipsius¹

131 2603 196 2652 LVIJ.
275 2599 382 2648 Exemplum
390 2599 474 2636 sanetrde
482 2599 556 2647 petenda
565 2599 699 2649 eleemosyna
729 2642 731 2644 ,
812 2635 815 2643 ,

132 2653 209 2704 LVIIJ.
276 2650 390 2699 Exemplum,
403 2649 450 2698 quod
463 2650 526 2686 fecit'
521 2651 582 2699 injuria
596 2651 662 2688 domini
674 2653 750 2698 ostiensi,
764 2663 782 2691 et
794 2656 817 2692 de

133 2757 183 2796 LIX
274 2701 706 2842 ExhdIIagIbsiidisVdXIXdeJdidmpetendam
709 2735 816 2808 exemplo
800 2768 817 2796 et
889 2794 891 2796 .

324 2818 377 2845 vero
411 2834 817 2849 ,,,,,,,,
