1919 3169
130 68 159 113 24
340 50 501 97 LEGENDA
518 50 676 98 GREGORll

129 150 256 212 parturivit.
289 147 388 193 Videbat
406 163 458 192 eum
481 156 547 192 nocte
569 155 630 192 tota⁹
652 156 760 203 orantem,
783 149 894 195 rarissime

131 214 289 270 dormientem,
298 212 427 258 laudantem
439 211 507 257 deum
514 222 541 256 'et
549 212 669 273 gloriosam
676 212 788 272 virginem
799 223 893 257 matrem

132 278 188 325 eius.
222 276 350 323 Mirabatur
361 285 428 337 atque
442 273 546 321 dicebat:
565 274 623 320 Vere
636 273 672 320 hic
683 275 753 321 homo
766 293 779 321 a
793 277 836 321 deo
853 286 893 321 est.

180 341 295 388 Accelerat
306 340 401 404 proinde
411 339 509 386 vendere
520 338 595 386 omnia
609 354 648 385 sua
659 347 681 385 et
692 340 836 402 pauperibus,
848 356 894 387 non

133 407 263 471 parentibus
284 405 391 468 elargitus
414 414 447 451 est
469 421 501 463 ea,
529 414 551 450 et
572 403 712 467 perfectioris
734 405 780 452 vite
801 405 894 452 titulum

134 472 303 535 apprehendens
325 470 395 517 sancti
412 469 522 532 evangelii
545 468 663 515 consilium
685 469 856 532 adimplevit3¹0
873 471 895 517 Si

134 538 169 582 vis
185 535 298 599 perfectus
320 550 374 591 esse,
397 534 461 591 vade,
479 534 552 580 vende
571 534 646 579 omnia
668 550 713 596 que
734 533 802 581 habes
824 544 846 581 et
867 535 896 582 da

134 601 282 663 pauperibus3
296 609 318 643 et
333 598 423 644 habebis
435 600 566 643 thesaurum
578 599 601 642 in
613 597 661 643 celo
678 609 701 644 et
711 600 763 644 veni
774 614 780 653 3
803 615 896 660 sequere

135 681 178 710 me.
212 664 267 715 Quo
283 661 351 719 facto,
362 662 409 706 vita
425 671 447 706 et
463 660 541 706 habitu
558 670 634 706 sancto
651 659 759 708 francisco
776 663 897 710 associatus

135 739 175 775 est.
218 729 340 789 Eratque³²
363 742 414 772 cum
432 742 458 771 eo
483 741 577 788 semper,
599 742 726 789 quousque,
743 727 897 790 multiplicatis

135 791 249 848 fratribus,
261 808 314 836 curn
326 790 453 836 obedientia
464 791 495 851 pii
508 791 575 851 patris
592 791 620 836 ad
636 791 689 836 alias
705 792 848 837 transmissus
865 802 898 838 est

135 857 245 921 regiones.
278 855 336 901 Eius
354 871 451 917 namque
468 853 496 900 ad
514 854 581 900 deum
599 856 717 902 conversio
734 853 807 903 forma
824 857 899 903 extitit

136 920 293 968 convertendis
317 920 341 963 in
368 918 500 964 venditione
521 920 691 979 possessionum
719 930 741 966 et
768 921 900 983 elargitione

136 1001 266 1047 pauperum.
300 984 392 1028 Sanctus
407 981 527 1027 franciscus
544 998 606 1039 ver0,
623 983 723 1028 detenti
740 985 783 1029 viri
800 986 900 1030 adventu

136 1060 158 1096 et
178 1047 324 1097 conversione
342 1047 433 1109 gavisus
453 1055 486 1093 est
504 1046 587 1109 gaudio
606 1063 688 1110 magno
706 1048 778 1107 valde,
792 1066 820 1095 eo
837 1049 900 1114 quod

136 1115 242 1162 dominus
264 1111 379 1160 videretur
400 1112 449 1159 eius
476 1112 556 1158 habere
577 1128 660 1170 curam,
683 1114 739 1160 dans
766 1116 785 1160 ei
814 1116 900 1161 socium

137 1179 284 1227 necessarium
296 1187 319 1224 et
329 1177 427 1223 amicum
439 1175 536 1222 fidelem.

185 1243 264 1289 Statim
276 1251 351 1287 autem
362 1241 397 1286 vir
408 1239 462 1286 alter
474 1241 543 1285 assisii
551 1256 604 1285 eum
615 1251 726 1303 sequutus
737 1251 778 1299 est,
787 1243 825 1304 qui
837 1242 902 1288 valde

73 1321 75 1324 ’
137 1309 161 1354 in
187 1305 356 1353 conversatione
378 1303 493 1350 laudabilis
515 1304 590 1349 extitit
610 1315 633 1350 et
654 1306 716 1367 quod
739 1317 814 1353 sancte
835 1308 900 1369 cepit,

138 1372 235 1418 sanctius
247 1380 298 1433 post
310 1369 424 1416 modicum
435 1368 584 1415 consumavit.

186 1436 258 1482 Hunc
274 1451 328 1481 vero
345 1443 397 1496 post
413 1450 459 1479 non
476 1432 574 1479 multum
592 1435 699 1495 temporis
717 1436 819 1498 sequitur
835 1435 903 1482 frater

139 1501 235 1564 egidius,
252 1499 287 1546 vir
304 1497 399 1561 simplex
415 1509 438 1544 et
455 1508 528 1544 rectus
544 1515 568 1543 ac
586 1498 668 1544 timens
685 1499 760 1558 deum,
777 1501 817 1563 qui
833 1501 903 1563 longo

139 1576 241 1628 tempore
257 1565 341 1610 durans
359 1572 434 1608 sancte
445 1579 469 1607 ac
489 1563 548 1608 iuste
557 1571 571 1587 ¹²
583 1579 608 1608 ac
617 1571 632 1588 ¹²
643 1564 680 1625 pie
691 1564 790 1611 vivendo
807 1564 904 1628 perfecte

139 1630 275 1686 obedientie,
287 1628 369 1673 laboris
385 1644 477 1689 quoque
493 1644 609 1686 manuum,
628 1629 674 1675 vite
693 1629 797 1688 solitarie,
818 1641 904 1678 sancte-

139 1712 183 1758 que
191 1704 206 1727 ²³
217 1693 414 1754 contemplationis
426 1691 490 1736 nobis
501 1692 602 1754 exempla
613 1692 714 1755 reliquid.

186 1755 905 1821 Hiisautemaliounoapposito,fraterphilippus,septenarium

141 1840 261 1870 numerum
272 1820 412 1881 adimplevit,
424 1821 488 1865 cuius
499 1821 606 1866 dominus
618 1823 730 1867 munditie
747 1824 832 1870 calculo
848 1824 905 1869 labia

141 1888 223 1947 tetigit,
236 1895 262 1931 ut
277 1887 408 1945 loqueretur
425 1884 453 1929 de
470 1884 519 1944 ipso
536 1883 609 1928 dulcia
626 1893 648 1928 et
665 1884 772 1931 melliflua
789 1896 905 1932 eructaret.

141 1950 263 2012 Scripturas
274 1964 366 2012 quoque
377 1963 446 1992 sacras
457 1945 585 2010 intelligens
602 1958 624 1993 et
640 1949 698 1994 inter
714 1949 759 1997 rela
776 1965 785 1995 s
797 1965 848 1996 cum
860 1967 906 1998 non

143 2014 269 2071 didicerit‚¹⁴
287 2012 378 2059 illorum
395 2011 495 2058 imitator
502 2020 516 2044 ¹⁵
529 2012 621 2059 effectus
638 2023 672 2060 est
679 2014 695 2039 ¹⁶
706 2031 764 2077 quos
777 2015 872 2078 ydiotas
884 2026 907 2063 et

144 2081 191 2126 sine
201 2079 282 2125 litteris
292 2076 341 2123 fore
353 2077 472 2123 iudeorum
484 2077 587 2138 princeps
598 2078 748 2127 causabantur.

72 2364 141 2408 [ΗΠ]
224 2343 258 2386 De
267 2342 347 2394 spiritu
357 2341 481 2393 prophetie,
491 2343 514 2384 et
523 2342 614 2384 monitis
623 2345 709 2386 sancti¹
718 2342 838 2388 francisci.²

192 2420 305 2505 Beatus
326 2446 396 2508 igitur
417 2455 480 2507 pater
496 2445 617 2493 franciscus
633 2447 785 2495 consolatione
801 2466 825 2495 ac
841 2450 925 2512 gratia·

147 2509 239 2573 spiritus
260 2511 330 2557 sancti
352 2509 444 2557 cottidie
466 2510 599 2571 replebatur,
621 2512 728 2575 omnique
750 2513 867 2577 vigilantia
888 2525 911 2561 et

173 2637 181 2661 ⁹
191 2633 219 2669 H.
229 2634 290 2669 inserts
299 2645 319 2668 ac
328 2632 362 2668 die.
415 2636 430 2654 1⁰
441 2631 478 2668 Ox.
489 2633 550 2669 inserts
560 2647 594 2682 quo
603 2634 671 2671 dicitur.
725 2639 740 2657 ¹¹
750 2636 789 2672 Ox.
797 2638 848 2672 omits
857 2650 896 2685 que.

175 2687 190 2706 ¹²
199 2683 232 2720 Os.
243 2685 294 2720 omits
303 2683 336 2718 and
345 2684 406 2719 inserts
415 2683 483 2719 instead
491 2685 552 2720 timens
561 2685 618 2721 deum.
672 2689 687 2713 ¹³
697 2684 736 2724 Ox.
746 2696 804 2724 sancte
813 2700 888 2738 quoque.

175 2739 190 2766 14
199 2735 227 2773 M.
238 2735 336 2773 didisccret.
390 2736 404 2763 ¹⁵
414 2734 443 2773 M.
453 2735 532 2773 imitatio.
585 2735 600 2759 1⁶
610 2735 637 2775 M.
648 2738 706 2774 omits.

176 2790 182 2809 1
192 2786 230 2826 Ox.
241 2786 308 2829 beati.
361 2789 368 2808 ²
379 2785 412 2823 Os.
422 2785 480 2829 adds
489 2785 518 2829 ad
528 2787 615 2830 fratres.
