1919 3169
373 55 477 104 INDEX

314 184 353 207 eum
370 171 472 220 temptavit3
492 180 510 208 et
527 169 600 221 qualiter
617 170 661 208 illud
678 181 746 208 sanctus

315 224 400 272 superavit
451 250 744 261 ......

46 276 172 311 Parncrarno
186 275 213 322 IJ.
297 274 391 321 Quomodo
414 274 484 310 fratrem
508 276 600 323 quemdam
622 289 631 310 a
653 275 747 311 tentatione

798 69 809 118 5

772 145 811 164 Prion

784 223 807 271 ⁶3

314 324 392 361 liberavit
405 335 423 361 et
436 325 458 362 de
471 326 517 363 bono
530 325 683 375 temptationis.
738 353 742 361 .
800 339 811 371 4

138 378 241 430 Qualiter
258 378 432 419 verberaverunt
450 389 502 419 eum
518 378 626 419 demones
644 378 666 417 in
685 377 747 418 curia

315 429 441 471 cardinalis.
456 430 492 466 Sub
497 432 531 466 hoc
537 431 586 467 titulo
593 432 694 473 continetur,
701 431 748 479 quod

314 481 415 528 fugiendum
424 491 449 518 est
458 495 467 518 a
477 483 527 519 curiis
535 495 636 531 magnorum
683 509 687 518 .
741 509 745 517 .

112 561 125 578 „
188 537 205 582 J.
290 533 321 568 De
335 534 399 569 visione
414 534 502 570 cuiusdam
516 535 573 569 fratris
588 534 662 570 volentis
675 543 719 568 stare
730 535 747 568 in

317 599 400 620 curra..
452 615 456 622 .
511 612 515 620 .
569 600 573 607 ·
627 615 629 621 ,
684 612 746 619 ..

112 666 125 684 ‚‚
190 636 217 687 IJ.
290 634 369 684 Qualiter
382 646 449 673 sanctus
463 650 521 686 passus
529 636 562 673 fuit
573 637 666 673 demonum
674 646 747 685 tempta-

317 698 374 723 menta
383 689 399 723 in
409 689 484 739 quodam
493 688 533 725 loco
539 689 626 734 solitari03
638 688 686 724 etde
695 687 749 724 nobili

317 742 382 778 visione
390 742 477 778 cuiusdam
484 742 540 778 fratris
547 742 569 777 de
576 743 613 791 ipso
622 751 639 778 et
648 742 670 778 de
679 740 748 778 humili-

317 803 352 830 tate
360 794 412 841 ipsius
421 796 475 830 sancti
512 821 748 831 ,,,,,

114 874 126 892 ,,
192 846 229 894 IIJ.
293 844 325 881 De
334 845 408 893 quodam
417 846 610 893 fratreatemptatione
619 845 691 881 liberato
743 871 748 879 .

141 897 175 939 De
191 896 263 939 letitia
279 895 396 947 spirituali.
430 896 466 932 Sub
483 897 517 933 hoc
535 897 585 933 titulo
600 897 696 932 continetur
714 894 749 931 laus

319 958 377 985 sancta
396 947 450 985 letitie
472 959 489 985 et
511 948 574 985 malum
592 949 658 985 accidie
664 963 670 993 ;
693 957 711 983 et
728 949 750 983 de

320 1000 414 1037 remedium
424 1010 483 1038 contra
492 1002 526 1037 hoc
571 1028 576 1037 .
630 1028 634 1036 .
687 1027 691 1036 .
746 1028 750 1036 .

294 1052 325 1090 De
334 1054 399 1090 cithara
408 1067 458 1103 quam
468 1054 532 1090 audivit
541 1053 618 1102 angelica
630 1081 634 1090 .
688 1080 692 1088 .
746 1080 749 1088 ,

194 1106 220 1155 IJ.
294 1105 349 1153 Quod
362 1106 422 1154 spiritu
430 1106 536 1143 exhilaratus
545 1115 612 1141 sanctus
622 1104 683 1152 gallice
693 1114 751 1141 canta-

320 1158 349 1193 bat

193 1209 231 1258 HJ.
292 1207 377 1256 Qualiter,
385 1209 476 1257 quemdam
485 1208 556 1244 fratrem
565 1210 631 1244 tristem
640 1206 726 1255 redarguit
735 1217 752 1243 et

304 1268 306 1271 “
320 1259 392 1310 qualiter
401 1274 419 1297 se
428 1260 498 1297 deberet
508 1273 573 1308 gerere,
583 1260 648 1298 monuit
687 1288 692 1295 .
746 1289 750 1296 .

195 1313 244 1363 IIIJ.
295 1312 374 1361 Qualiter
389 1325 450 1362 corpus
463 1312 571 1350 tractandum
585 1323 617 1358 est,
626 1323 645 1348 ut
658 1325 692 1348 non
704 1325 752 1348 mur·

321 1374 377 1402 muret
397 1390 751 1401 .......

145 1419 179 1460 De
188 1418 265 1468 inepta
270 1417 348 1459 letitia.
372 1416 408 1453 Sub
414 1418 448 1454 hoc
455 1416 506 1453 titulo
512 1416 618 1454 concluditur
626 1425 686 1454 contra
692 1429 752 1453 vanam

322 1468 394 1516 gloriam
403 1479 420 1502 et
428 1470 521 1517 ypocrisim
573 1495 577 1503 .
631 1495 635 1502 .
689 1494 693 1501 .
747 1494 750 1501 .

118 1549 130 1567 ‚‚
195 1522 211 1569 J.
295 1519 326 1555 De
335 1519 408 1568 quadam
418 1532 446 1555 sua
456 1519 562 1555 confessione
571 1528 630 1555 contra
638 1519 751 1568 ypocritas.

118 1601 131 1619 ‚‚
196 1572 223 1622 IJ.
296 1570 327 1608 De
336 1571 443 1608 confessione
453 1579 513 1608 contra
521 1584 581 1608 vanam
590 1570 693 1620 gloriam.
748 1597 751 1605 .

119 1653 131 1671 „
166 1661 168 1663 .
197 1625 234 1674 HJ.
296 1624 356 1660 Verba
365 1637 394 1660 sua
403 1635 462 1661 contra
471 1638 489 1660 se
498 1623 586 1661 laudantes
632 1651 636 1659 .

127 1707 132 1723 ‚
198 1677 248 1725 IIIJ.
296 1675 355 1712 Verba
364 1688 394 1724 pro
403 1676 502 1712 huiusmodi
511 1677 602 1713 monitoria
610 1675 632 1712 ad
641 1674 701 1711 fratres
748 1702 752 1710 .

146 1731 180 1771 De
189 1728 340 1770 occultatione
349 1727 491 1777 stigmatum.
515 1726 551 1764 Sub
560 1730 593 1765 hoc
601 1726 651 1764 titulo
659 1727 753 1763 continetur

323 1780 365 1828 quid
378 1780 400 1814 de
413 1780 447 1815 hoc
461 1780 570 1828 querentibus
583 1781 619 1827 ipse
634 1778 722 1826 respondit
737 1787 754 1814 et

325 1844 359 1881 quo
368 1829 424 1866 studio
433 1829 462 1866 illa
471 1830 539 1879 tegebat
574 1858 578 1866 .
633 1858 637 1865 .
691 1856 695 1864 .

301 1883 355 1930 Quod
363 1884 390 1931 pia
399 1882 459 1919 fraude
468 1883 538 1933 quidam
546 1882 576 1920 illa
584 1883 660 1932 inspexit
692 1910 694 1918 .
750 1908 753 1917 .

198 1937 225 1985 IJ.
297 1934 328 1972 De
337 1933 406 1971 vulnere
415 1934 575 1984 laterisaquodam
584 1936 656 1984 inspecti
691 1962 695 1970 .
750 1961 754 1970 .

122 2016 133 2033 „
199 1988 237 2035 HJ.
299 1987 330 2022 De
339 1986 446 2022 occultandis
455 1989 543 2022 virtutibus
577 2017 580 2024 .
634 2013 638 2021 .
692 2013 696 2020 .
751 2012 754 2020 .

148 2039 183 2080 De
196 2037 330 2079 humilitate.
354 2036 390 2072 Sub
399 2038 433 2074 hoc
443 2037 493 2074 titulo
503 2038 598 2073 continetur
605 2036 691 2072 humilitas
703 2038 757 2072 sancti

325 2090 342 2124 in
356 2090 422 2133 habitu,
431 2103 481 2125 sensu
490 2098 507 2125 et
519 2090 605 2133 moribus3
620 2098 638 2124 et
647 2096 706 2124 contra
715 2100 756 2137 pro-

325 2141 380 2190 prium
390 2154 457 2178 sensum

199 2196 216 2244 J.
300 2192 331 2229 De
339 2192 435 2230 humilitate
443 2193 466 2230 ad
474 2195 572 2243 episcopum
581 2202 728 2243 ynteramnensem
752 2219 756 2227 .

201 2247 228 2296 IJ.
299 2244 394 2293 Quomodo
408 2245 519 2294 prelationem
533 2247 550 2282 in
565 2245 639 2295 capitulo
654 2245 757 2292 resignavit3

327 2306 344 2333 et
353 2297 375 2333 de
385 2299 461 2335 oratione
470 2297 542 2348 quadam
579 2327 582 2335 .
636 2325 640 2333 .

123 2381 135 2398 ‚,
202 2351 239 2400 HJ.
298 2349 377 2398 Qualiter
387 2351 440 2388 sotios
448 2351 540 2398 resignavit
579 2377 584 2387 .
637 2379 641 2388 .
752 2377 756 2385 .

131 2431 136 2447 ,
201 2402 250 2451 IIIJ.
299 2401 359 2436 Verba
381 2402 416 2436 eius
435 2411 494 2437 contra
514 2401 626 2449 prelationem
646 2400 757 2442 affectantes3

327 2461 344 2489 et
353 2452 375 2489 de
384 2452 499 2503 descriptione
507 2453 564 2489 fratris
573 2452 642 2490 minoris
695 2479 699 2488 .
753 2482 756 2490 .

202 2505 226 2544 V.
301 2504 332 2542 Dc
341 2505 451 2551 subiectione,
461 2518 512 2556 quarn
520 2504 589 2542 volebat
597 2505 657 2541 iratres
666 2505 728 2540 habere
737 2504 760 2540 ad

328 2557 400 2593 clericos

233 2640 237 2649 .
303 2609 333 2646 De
342 2611 436 2645 reverentia
444 2623 495 2660 quam
504 2609 583 2645 exhibuit
591 2607 736 2659 episcopoymole
755 2636 759 2644 .

232 2664 249 2712 J.
302 2661 332 2698 De
347 2661 443 2698 humilitate
457 2663 507 2711 ipsius
517 2662 539 2699 ad
548 2671 624 2699 sanctum
639 2661 759 2705 Dominicum,

329 2713 351 2747 de
361 2713 420 2747 ordine
433 2715 559 2762 predicatorum
573 2723 590 2748 et
603 2715 657 2748 sancti
670 2713 760 2747 Dominici

329 2764 414 2813 adipsum
423 2773 441 2800 et
450 2765 472 2801 de
481 2774 539 2800 mutua
548 2765 618 2801 caritate
626 2765 702 2814 ipsorum
755 2790 758 2799 .

203 2815 262 2869 VHJ.
305 2815 399 2867 Quomodo
409 2829 426 2853 sc
435 2816 478 2855 alter
487 2816 536 2855 alteri
546 2817 632 2853 commisit
697 2843 701 2851 .
756 2843 759 2851 .
