1919 3169
286 95 446 140 caenum
462 94 618 156 nunqua
805 108 830 156 51

67 188 147 235 reddat
163 189 200 236 ille
217 191 278 254 quod
295 189 392 237 abstulit.
427 191 508 236 Beatus
519 190 664 237 Francischus
676 206 727 237 curn
744 190 833 237 haberet

68 254 187 314 quemdam
207 256 340 301 mantellum
360 255 388 299 ad
410 255 508 309 dorsum,
528 255 585 300 dixit
603 255 640 299 ei:
669 255 727 299 Ecce
745 256 775 300 do
792 254 834 299 tibi

68 317 200 365 mantellum
217 319 304 374 istum;
321 333 409 380 precor,
421 328 447 365 ut
463 318 580 382 indulgeas
596 317 689 364 domino
702 328 744 365 tuo
760 335 834 365 amore

69 382 155 429 domini
187 384 230 430 dei.
273 383 409 429 Dulcorarus
441 382 478 429 ille
505 400 530 430 ac
557 383 664 430 beneficio
691 393 833 445 provocatus,

69 463 161 493 munere
178 458 277 511 sumpto,
294 449 380 493 remisit
397 448 495 494 iniurias.

114 560 213 647 Semel
231 590 352 653 aliquando
371 608 422 636 cum
442 608 454 636 a
470 607 566 652 paupere
584 601 702 653 peteretur,
722 592 901 654 nichilquets-vu

67 653 157 702 haberet
167 656 190 702 in
202 655 311 713 manibus
323 655 412 717 gaidam
423 656 513 717 proprie
525 656 600 701 tunice
616 656 697 701 dissuit
709 666 731 701 et
742 656 833 718 pauperi

67 719 176 782 erogavit.
209 720 264 766 Non
282 736 407 783 numquam
425 720 492 766 etiam
510 720 539 766 ob
557 720 628 766 simile
646 737 702 782 opus
719 720 832 767 femoralia

67 786 142 829 traxit.
174 784 269 829 Talibus
286 800 339 844 erga
356 800 465 844 pauperes
482 784 586 828 affluebat
603 785 690 845 pietatis
706 786 832 840 visceribus,

67 846 192 910 talibusque
203 847 298 910 vestigia
309 848 412 910 pauperis
424 847 508 894 Christi
520 848 697 909 prosequebatur
710 849 832 897 affectibus.

115 970 217 1052 mater
235 999 332 1044 duorum
352 997 448 1044 fratrum
467 997 587 1062 aliquando
608 999 671 1045 venit
689 999 717 1046 ad
734 1010 911 1055 sanctumtx-vu]

69 1064 201 1111 fiducialiter
207 1063 386 1127 heleemosynam
394 1074 484 1126 petens3
495 1065 531 1111 cui
540 1064 661 1111 condolens
669 1076 731 1127 pater
739 1076 834 1122 sanctus,

69 1131 153 1176 vicario
160 1129 281 1188 suo‚fratri
288 1140 351 1192 petro
359 1130 445 1184 catanii,
453 1130 523 1175 dixit:
541 1129 663 1175 Possumus
671 1130 767 1191 aliquam
774 1130 835 1176 hele-

69 1210 198 1254 emosynam
206 1193 276 1239 facere
283 1194 349 1238 matri
357 1202 440 1238 nostre.
458 1193 559 1238 Matrem
569 1193 652 1256 quippe
660 1193 752 1238 alicuius
760 1193 835 1240 fratris

69 1270 92 1304 et
102 1275 165 1304 suain
176 1269 198 1304 et
209 1259 311 1304 omnium
322 1256 419 1303 fratrum
432 1266 527 1303 matrem
543 1256 636 1305 dicebat.
671 1258 797 1320 Respondit
816 1259 836 1305 ei

69 1323 137 1370 frater
148 1333 242 1385 petrus:
260 1323 337 1369 Nichil
349 1323 411 1369 domi
422 1331 529 1383 superest,
541 1322 603 1385 quod
618 1322 638 1367 ei
651 1323 699 1368 dari
710 1323 797 1385 possit·,
814 1333 837 1369 et
874 1341 875 1344 ¹

69 1388 165 1434 adiecit:
182 1388 263 1434 Unum
281 1403 367 1433 novum
382 1396 543 1433 testamentum
559 1386 673 1444 habemus,
687 1388 711 1433 in
726 1404 772 1452 quo
787 1388 836 1434 bre-

70 1454 141 1498 viario
154 1463 253 1509 carentes
263 1453 291 1497 ad
302 1453 438 1496 matutinum
449 1452 544 1512 legimus
555 1452 666 1496 lectiones.
700 1452 743 1496 Cui
761 1453 838 1498 beatus

71 1516 230 1563 Francischus:
242 1517 278 1561 Da
289 1516 355 1561 matri
366 1525 442 1561 nostre
453 1530 540 1561 norum
550 1524 712 1571 testamentum,
722 1525 748 1562 ut
756 1517 838 1564 vendat

71 1581 128 1629 illud
140 1597 181 1644 pro
192 1598 232 1628 sua
242 1581 376 1640 necessitate,
388 1579 439 1644 quia
450 1596 489 1643 per
499 1579 573 1642 ipsum
587 1597 705 1627 monernur
720 1581 838 1628 subvenire

71 1647 213 1709 pauperibus.
252 1646 328 1692 Credo
355 1646 466 1708 equidem,
489 1646 551 1707 quod
578 1646 649 1707 magis
671 1647 722 1692 inde
743 1647 838 1708 placebit

72 1712 165 1769 donum,
177 1727 245 1774 quam
256 1711 330 1757 lectio.
363 1711 438 1756 Datur
454 1726 507 1772 ergo
525 1710 612 1756 mulieri
628 1709 684 1756 liber
700 1721 723 1757 et
739 1711 837 1771 primum

71 1785 237 1830 testamentum,
246 1775 308 1837 quod
319 1776 342 1819 in
353 1775 432 1819 ordine
443 1773 495 1829 fuit,
505 1788 564 1819 sacra
572 1775 612 1819 hac
623 1774 704 1834 pietate
716 1774 836 1821 distraitur.

118 1900 260 1990 memporq
271 1944 317 1991 quo
328 1926 457 1973 morabatur
465 1936 554 1973 sanctus
566 1926 712 1973 Francischus
723 1927 746 1973 in
757 1928 839 1991 palatio
848 1934 938 1977 [K·V111J]

74 1994 180 2056 Episcopi
196 1992 274 2039 reatini
291 2009 333 2055 pro
349 1992 466 2039 oculorum
482 1992 612 2038 infirmitate
628 1993 729 2049 curanda,
743 1994 838 2056 quedam
844 2002 882 2040 Fol.
890 1991 918 2053 49'

73 2057 205 2118 paupercula
222 2058 301 2101 mulier
317 2057 345 2100 de
361 2057 481 2101 michilone
500 2057 561 2101 venit
580 2057 607 2101 ad
626 2057 744 2114 medicum,
757 2058 840 2103 habens

74 2132 96 2169 et
118 2123 164 2183 ipsa
185 2120 281 2167 similem
303 2136 355 2168 curn
377 2131 452 2167 saneto
471 2119 631 2167 infirmitatem.
669 2122 761 2167 Sanctus
777 2139 837 2185 erg0,

74 2187 222 2249 guardianum
245 2202 310 2233 suum
328 2184 465 2232 familiariter
484 2185 606 2249 alloquens,
622 2185 673 2232 talia
692 2188 788 2251 quedam
806 2189 838 2234 in-

74 2252 157 2299 stillat:
175 2253 252 2298 Frater
263 2250 391 2314 guardiane,
400 2261 489 2312 oportet
500 2267 541 2297 nos
552 2252 645 2297 reddere
656 2251 759 2298 alienum.
793 2254 839 2313 Qui

74 2317 189 2379 respondit
200 2317 219 2362 ei
230 2334 234 2363 ι
253 2315 375 2372 Reddatur,
384 2326 454 2378 pater,
462 2316 480 2361 si
492 2316 554 2379 quod
565 2324 598 2361 est
609 2316 669 2377 apud
680 2332 727 2363 nos.
761 2316 839 2374 Istum,

75 2382 161 2444 inquid,
179 2381 319 2435 mantellum,
337 2396 404 2442 quem
423 2390 503 2425 mutuo
521 2381 646 2441 accepimus
662 2397 675 2424 a
691 2381 784 2426 muliere
802 2381 841 2427 illa

75 2445 217 2507 paupercula,
238 2444 380 2490 restituamus
407 2443 487 2501 eidem,
510 2444 563 2507 quia
589 2442 657 2488 nichil
677 2454 711 2490 est
732 2444 775 2491 sibi
799 2463 841 2508 pro

75 2511 176 2572 expensis
199 2511 223 2556 in
244 2509 317 2556 bursa.
361 2509 486 2570 Respondit
512 2509 664 2572 guardianus:
693 2509 777 2569 Frater,
800 2512 841 2558 iste

76 2575 194 2622 mantellus
218 2584 252 2621 est
276 2590 339 2621 meus
363 2583 385 2619 et
406 2590 419 2619 a
440 2574 503 2620 nullo
524 2574 589 2620 nobis
610 2574 768 2622 accomodatus
789 2587 841 2634 est;

76 2656 193 2704 quousque
214 2640 274 2685 enim
295 2638 408 2701 placuerit,
430 2647 509 2693 utere3
537 2649 655 2701 postquam
677 2640 711 2684 uti
733 2639 840 2699 nolueris,

20 2711 21 2714 ’
76 2704 132 2751 mihi
145 2703 209 2751 illum
222 2704 316 2766 resigna.
348 2702 462 2766 Siquidem
473 2704 540 2764 paulo
551 2713 602 2749 ante
612 2703 745 2765 guardianus
758 2716 841 2751 emerat

76 2769 150 2832 ipsum
158 2785 201 2832 pro
210 2769 336 2816 necessitate
344 2767 411 2814 sancti
423 2767 539 2814 Francisci.
567 2768 633 2814 Dixit
641 2768 668 2814 ad
676 2785 728 2815 eum
739 2780 839 2817 sanctus:

77 2836 154 2881 Frater
170 2834 300 2898 guardiane,
311 2848 398 2895 semper
414 2832 468 2879 mihi
485 2832 573 2880 curialis
589 2831 658 2890 fuisti,
671 2834 740 2881 modo
756 2851 841 2898 precor,
