1919 3169
143 80 185 125 104
362 64 522 111 euoenon
538 65 695 127 numqua

140 172 163 207 et
174 162 282 225 prodigiis
293 162 440 223 postmodum
452 161 538 208 claruit.
572 162 619 208 Hic
635 162 769 209 iuvenculus
785 164 906 210 intraverat

141 227 243 273 ordinem
260 226 322 282 adeo,
336 236 363 273 ut
379 225 438 271 ferre
454 227 493 273 vix
509 237 584 288 posset
599 227 708 274 ieiunium
726 226 833 289 regulare,
852 243 904 273 cum

141 301 215 338 tamen
233 290 326 338 loricam
344 291 372 338 ad
391 306 479 337 carnem
498 293 529 338 sic
548 293 657 355 puerulus
676 292 797 338 deferebat.
840 292 905 339 Felix

140 374 202 419 puer,
216 357 255 418 qui
266 356 359 402 feliciter
371 357 460 418 incepit,
473 367 499 403 ut
511 357 596 404 felicius
607 367 754 406 consumaret.

78 490 135 533 [rr-J]
186 451 280 533 Vidit
289 484 409 547 aliquando
420 494 484 545 pater
494 486 645 531 sanctissimus
656 485 765 531 visionem
782 486 904 547 quamdam

138 552 212 598 celesti
224 549 332 597 miraculo
342 548 424 596 factam
435 549 463 596 ad
474 549 576 613 regulam
593 549 748 612 pertinentem.
782 549 904 612 Tempore,

138 633 185 680 quo
196 617 224 663 de
235 616 312 677 regula
324 614 476 660 confirmanda
487 615 552 661 fiebat
564 615 621 660 inter
633 615 712 661 fratres
722 614 819 672 collatio,
828 627 904 662 sancto

138 683 167 727 de
177 680 307 728 huiusmodi
319 679 411 740 negotio
422 680 566 726 vehementer
577 680 672 725 sollicito
687 679 739 726 talia
749 690 905 728 monstrantur

139 747 161 791 in
172 746 278 807 sompnis
311 743 436 789 Videbatur
448 744 489 789 sibi
500 745 528 789 de
544 755 604 790 terra
620 745 687 790 micas
704 761 789 806 panum
805 745 905 791 subtilis-

138 811 204 856 simas
215 808 337 871 collegisse,
349 807 471 870 multisque
483 808 589 853 famelicis
600 807 705 855 fratribus
716 810 790 871 ipsum
809 810 905 856 circum—

138 875 249 922 stantibus
270 872 350 919 debere
372 872 477 919 tribuere.
523 873 627 936 Cumque
656 874 723 920 micas
751 884 797 920 tam
825 884 904 921 tenues

138 939 272 986 distribuere
291 936 429 993 formidaret,
449 938 531 983 timens
550 955 578 983 ne
597 938 655 983 inter
677 955 757 984 manus
776 941 904 987 exciderent

138 1007 243 1066 pulveres
254 1014 300 1048 tam
312 1002 401 1059 minuti,
413 1018 458 1048 vox
470 1003 489 1046 ei
508 1003 602 1063 desuper
613 1002 761 1048 inclamabat:
780 1004 902 1061 Francisce,

140 1086 207 1116 unam
219 1068 247 1115 de
258 1065 321 1111 micis
333 1065 438 1111 omnibus
449 1066 545 1111 hostiam
557 1067 640 1112 confice
651 1083 676 1112 ac
684 1068 904 1115 manducarevolen-

138 1133 198 1181 tibus
210 1132 283 1179 tribue
299 1131 484 1177 manducandam.
518 1132 574 1183 Quo
591 1130 648 1177 illud
665 1144 751 1195 agente,
764 1133 903 1197 quicumque

138 1215 184 1245 non
195 1199 277 1246 devote
288 1197 418 1258 reciperent,
430 1205 469 1243 aut
480 1206 596 1258 receptum
607 1206 792 1259 contempnerent
810 1198 905 1257 donum,

138 1280 191 1310 mox
202 1264 264 1325 lepra
274 1260 352 1307 infecti
363 1260 473 1306 notabiles
484 1259 625 1324 apparebant.

185 1327 272 1373 Recitat
288 1342 352 1371 mane
371 1335 460 1371 sanctus
479 1327 519 1369 hec
539 1327 614 1370 omnia
631 1325 700 1381 sotiis,
718 1326 796 1372 dolens
815 1344 838 1372 se
856 1344 902 1374 non

137 1392 250 1455 percipere
261 1390 393 1453 mysterium
402 1390 500 1436 visionis.
529 1389 584 1436 Post
595 1390 712 1437 modicum
721 1407 775 1437 vero
786 1407 838 1438 curn
848 1392 902 1454 vigil

137 1458 160 1502 in
177 1458 276 1502 oratione
292 1456 427 1517 persisteret,
438 1456 568 1501 huiusmodi
582 1472 627 1502 vox
639 1456 687 1501 celo
699 1455 740 1502 sibi
751 1455 841 1519 delapsa
851 1467 900 1503 est:

137 1522 260 1576 Francisce,
282 1520 371 1581 inquid,
393 1519 449 1564 miee
472 1519 543 1564 noctis
562 1520 666 1580 preterite
688 1521 755 1566 verba
777 1522 901 1584 evangelica

136 1595 197 1642 sunt,
213 1585 286 1630 hostia
302 1585 386 1644 regula,
404 1584 466 1644 lepra
483 1583 594 1644 iniquitas,
629 1583 698 1629 Hanc
714 1584 813 1645 quidem,
832 1603 900 1647 quam

136 1652 271 1705 iuraverant,
289 1648 358 1694 fidem
376 1664 422 1693 non
439 1647 527 1704 duram,
545 1646 580 1692 vel
597 1663 696 1710 asperam
713 1646 791 1694 fratres
809 1648 900 1697 illorum

136 1726 265 1778 temporum
287 1711 429 1775 reputabant,
451 1712 491 1774 qui
512 1723 575 1757 erant
597 1713 625 1757 ad
644 1713 720 1758 omnia
741 1729 900 1778 supererogare

136 1779 304 1842 promptissimi.
350 1778 431 1839 Neque
453 1777 513 1822 enirn
534 1776 636 1839 languor,
659 1778 695 1824 vel
717 1778 802 1826 desidia
824 1778 899 1827 locum

136 1844 208 1901 habet,
222 1843 259 1889 ubi
272 1843 353 1888 amoris
364 1841 471 1888 stimulus
482 1857 568 1903 semper
579 1842 606 1887 ad
618 1841 701 1888 maiora
711 1853 825 1907 perurget.

304 1986 338 2027 De
352 1984 521 2027 infirmitatibus
534 1986 608 2027 sancti
623 1985 737 2027 Francisci

87 2120 133 2159 [ee]
185 2075 255 2157 Per
282 2102 369 2149 labores
397 2103 527 2147 innumeros
555 2112 578 2147 et
606 2101 744 2164 egritudines
771 2104 855 2151 validas
877 2106 899 2151 in

137 2171 221 2217 semitis
243 2168 318 2213 christi
339 2166 433 2228 vestigia
454 2166 529 2227 posuit
551 2181 618 2228 preco
639 2165 675 2211 dei
699 2167 838 2227 Franciscm,
860 2186 900 2216 nec

136 2237 217 2296 pedem
244 2231 344 2288 retraxit,
371 2232 443 2276 donec
470 2231 532 2291 quod
563 2229 660 2291 perfecte
687 2232 752 2291 cepit,
779 2232 899 2293 perfectius

137 2297 285 2346 consumavit.
324 2294 385 2341 Nam
409 2309 461 2340 curn
485 2294 571 2339 laxatus
595 2303 652 2339 esset
679 2305 701 2340 et
726 2296 825 2342 totaliter
850 2314 899 2343 cor-

136 2382 191 2427 pore
222 2369 389 2425 conquassatus
419 2375 536 2421 nunquam
566 2376 578 2405 a
607 2358 748 2420 perfectionis
776 2378 816 2408 sue
846 2361 899 2410 sub-

137 2430 195 2476 stitit
227 2443 301 2481 cursu,
334 2440 452 2486 nunquam
483 2423 582 2487 rigorem
613 2441 691 2486 passus
722 2435 755 2471 est
788 2427 899 2474 inflectere

57 2505 96 2542 Fol.
107 2492 267 2555 96discipline3
293 2506 345 2534 narn
364 2498 387 2533 et
406 2489 513 2534 exhausto
532 2489 576 2533 iam
596 2490 683 2549 corpori
702 2491 748 2535 sine
765 2493 898 2538 conscientie

136 2571 254 2603 murmure
265 2553 371 2616 nequibat
383 2552 417 2598 vel
428 2554 450 2598 in
461 2552 550 2599 modico
560 2552 683 2599 subvenire.

185 2623 263 2683 ltaque
285 2635 337 2666 curn
359 2626 472 2679 oporteret
496 2617 569 2679 ipsum
591 2617 656 2663 etiam
679 2617 792 2664 nolentem
814 2622 897 2683 proprii

137 2686 235 2748 corporis
245 2683 393 2739 incommoda,
405 2698 449 2744 que
460 2683 518 2728 vires
529 2682 577 2728 eius
588 2693 732 2740 excesserant,
741 2682 899 2732 blandimentis

137 2748 293 2798 remedialibus
304 2747 404 2803 delinire,
416 2747 544 2808 quemdam,
555 2762 623 2810 quem
634 2747 715 2792 sciebat
726 2749 844 2795 consilium
856 2751 897 2796 sibi

137 2817 244 2862 daturum
259 2813 385 2874 expediens,
397 2811 491 2873 benigne
509 2812 545 2857 die
562 2812 658 2872 quadam
675 2813 813 2874 alloquitur:
832 2815 895 2866 Quid
