<?xml version="1.0" encoding="UTF-8"?>
<!DOCTYPE html PUBLIC "-//W3C//DTD XHTML 1.0 Transitional//EN"
    "http://www.w3.org/TR/xhtml1/DTD/xhtml1-transitional.dtd">
<html xmlns="http://www.w3.org/1999/xhtml" xml:lang="en" lang="en">
 <head>
  <title>
</title>
<meta http-equiv="Content-Type" content="text/html;charset=utf-8" />
  <meta name='ocr-system' content='tesseract 3.04.00' />
  <meta name='ocr-capabilities' content='ocr_page ocr_carea ocr_par ocr_line ocrx_word'/>
</head>
<body>
  <div class='ocr_page' id='page_1' title='image "./MN5146ucmf_4_0218.png"; bbox 0 0 1919 3169; ppageno 0'>
   <div class='ocr_carea' id='block_1_1' title="bbox 110 89 726 156">
    <p class='ocr_par' dir='ltr' id='par_1_1' title="bbox 110 89 726 156">
     <span class='ocr_line' id='line_1_1' title="bbox 110 89 726 156; baseline 0 -17"><span class='ocrx_word' id='word_1_1' title='bbox 110 107 138 156; x_wconf 81' lang='lat'>52</span> <span class='ocrx_word' id='word_1_2' title='bbox 323 89 485 137; x_wconf 84' lang='lat' dir='ltr'>LEGENDA</span> <span class='ocrx_word' id='word_1_3' title='bbox 507 90 662 154; x_wconf 74' lang='lat' dir='ltr'><strong>ANTIQUA</strong></span> <span class='ocrx_word' id='word_1_4' title='bbox 724 92 726 94; x_wconf 70' lang='grc'><strong>’</strong></span> 
     </span>
    </p>
   </div>
   <div class='ocr_carea' id='block_1_2' title="bbox 108 189 878 1028">
    <p class='ocr_par' dir='ltr' id='par_1_2' title="bbox 108 189 876 320">
     <span class='ocr_line' id='line_1_2' title="bbox 109 189 876 253; baseline 0.001 -16"><span class='ocrx_word' id='word_1_5' title='bbox 109 191 256 237; x_wconf 86' lang='lat' dir='ltr'>curialitatem</span> <span class='ocrx_word' id='word_1_6' title='bbox 270 189 368 235; x_wconf 87' lang='lat' dir='ltr'>ostende.</span> <span class='ocrx_word' id='word_1_7' title='bbox 402 189 527 250; x_wconf 86' lang='lat' dir='ltr'>Respondit</span> <span class='ocrx_word' id='word_1_8' title='bbox 538 191 687 253; x_wconf 83' lang='lat' dir='ltr'>guardianus:</span> <span class='ocrx_word' id='word_1_9' title='bbox 705 192 749 236; x_wconf 90' lang='lat' dir='ltr'>Fae</span> <span class='ocrx_word' id='word_1_10' title='bbox 760 207 802 252; x_wconf 90' lang='lat' dir='ltr'>pro</span> <span class='ocrx_word' id='word_1_11' title='bbox 812 191 876 246; x_wconf 87' lang='lat' dir='ltr'>velle,</span> 
     </span>
     <span class='ocr_line' id='line_1_3' title="bbox 108 253 576 320; baseline -0.006 -17"><span class='ocrx_word' id='word_1_12' title='bbox 108 266 180 319; x_wconf 87' lang='lat' dir='ltr'>pater,</span> <span class='ocrx_word' id='word_1_13' title='bbox 191 254 303 320; x_wconf 90' lang='lat' dir='ltr'>quidquid</span> <span class='ocrx_word' id='word_1_14' title='bbox 313 253 354 300; x_wconf 89' lang='lat' dir='ltr'>tibi</span> <span class='ocrx_word' id='word_1_15' title='bbox 365 253 458 317; x_wconf 90' lang='lat' dir='ltr'>spiritus</span> <span class='ocrx_word' id='word_1_16' title='bbox 469 256 576 318; x_wconf 73' lang='lat' dir='ltr'>suggerit.</span> 
     </span>
    </p>

    <p class='ocr_par' dir='ltr' id='par_1_3' title="bbox 109 319 878 1028">
     <span class='ocr_line' id='line_1_4' title="bbox 158 319 876 381; baseline -0.001 -13"><span class='ocrx_word' id='word_1_17' title='bbox 158 321 279 368; x_wconf 86' lang='lat' dir='ltr'>Advocans</span> <span class='ocrx_word' id='word_1_18' title='bbox 297 320 365 381; x_wconf 85' lang='lat' dir='ltr'>igitur</span> <span class='ocrx_word' id='word_1_19' title='bbox 382 319 479 381; x_wconf 89' lang='lat' dir='ltr'>quedam</span> <span class='ocrx_word' id='word_1_20' title='bbox 498 320 760 378; x_wconf 80' lang='lat' dir='ltr'>hominem-secularem,</span> <span class='ocrx_word' id='word_1_21' title='bbox 777 322 876 367; x_wconf 90' lang='lat' dir='ltr'>multum</span> 
     </span>
     <span class='ocr_line' id='line_1_5' title="bbox 109 383 877 444; baseline -0.003 -11"><span class='ocrx_word' id='word_1_22' title='bbox 109 386 227 443; x_wconf 84' lang='lat' dir='ltr'>devotum,</span> <span class='ocrx_word' id='word_1_23' title='bbox 243 384 300 430; x_wconf 84' lang='lat' dir='ltr'>dixit</span> <span class='ocrx_word' id='word_1_24' title='bbox 316 384 365 429; x_wconf 86' lang='lat' dir='ltr'>illi:</span> <span class='ocrx_word' id='word_1_25' title='bbox 387 384 470 444; x_wconf 81' lang='lat' dir='ltr'>Accipe</span> <span class='ocrx_word' id='word_1_26' title='bbox 491 385 551 430; x_wconf 92' lang='lat' dir='ltr'>hunc</span> <span class='ocrx_word' id='word_1_27' title='bbox 568 383 700 430; x_wconf 90' lang='lat' dir='ltr'>mantellum</span> <span class='ocrx_word' id='word_1_28' title='bbox 717 394 740 429; x_wconf 89' lang='lat' dir='ltr'>et</span> <span class='ocrx_word' id='word_1_29' title='bbox 757 386 877 431; x_wconf 80' lang='lat' dir='ltr'>duodecim</span> 
     </span>
     <span class='ocr_line' id='line_1_6' title="bbox 110 447 878 511; baseline -0.001 -15"><span class='ocrx_word' id='word_1_30' title='bbox 110 467 178 511; x_wconf 87' lang='lat' dir='ltr'>panes</span> <span class='ocrx_word' id='word_1_31' title='bbox 188 461 211 496; x_wconf 91' lang='lat' dir='ltr'>et</span> <span class='ocrx_word' id='word_1_32' title='bbox 221 449 305 495; x_wconf 85' lang='lat' dir='ltr'>vadens</span> <span class='ocrx_word' id='word_1_33' title='bbox 319 448 349 492; x_wconf 93' lang='lat' dir='ltr'>sic</span> <span class='ocrx_word' id='word_1_34' title='bbox 365 447 456 509; x_wconf 90' lang='lat' dir='ltr'>loquere</span> <span class='ocrx_word' id='word_1_35' title='bbox 471 448 504 493; x_wconf 93' lang='lat' dir='ltr'>illi</span> <span class='ocrx_word' id='word_1_36' title='bbox 520 447 654 510; x_wconf 80' lang='lat' dir='ltr'><strong>paupercule</strong></span> <span class='ocrx_word' id='word_1_37' title='bbox 669 448 773 496; x_wconf 88' lang='lat' dir='ltr'>mulieri:</span> <span class='ocrx_word' id='word_1_38' title='bbox 790 450 878 511; x_wconf 80' lang='lat' dir='ltr'>Pauper</span> 
     </span>
     <span class='ocr_line' id='line_1_7' title="bbox 111 510 878 575; baseline -0.001 -16"><span class='ocrx_word' id='word_1_39' title='bbox 111 514 187 571; x_wconf 89' lang='lat' dir='ltr'>homo,</span> <span class='ocrx_word' id='word_1_40' title='bbox 209 512 245 557; x_wconf 95' lang='lat' dir='ltr'>cui</span> <span class='ocrx_word' id='word_1_41' title='bbox 269 510 416 557; x_wconf 80' lang='lat' dir='ltr'>commodasti</span> <span class='ocrx_word' id='word_1_42' title='bbox 444 511 583 568; x_wconf 87' lang='lat' dir='ltr'>mantellum,</span> <span class='ocrx_word' id='word_1_43' title='bbox 604 513 686 575; x_wconf 83' lang='lat' dir='ltr'>gratias</span> <span class='ocrx_word' id='word_1_44' title='bbox 709 512 751 557; x_wconf 92' lang='lat' dir='ltr'>tibi</span> <span class='ocrx_word' id='word_1_45' title='bbox 775 513 822 575; x_wconf 86' lang='lat' dir='ltr'>agit</span> <span class='ocrx_word' id='word_1_46' title='bbox 849 514 878 558; x_wconf 90' lang='lat' dir='ltr'>de</span> 
     </span>
     <span class='ocr_line' id='line_1_8' title="bbox 110 576 878 640; baseline -0.003 -15"><span class='ocrx_word' id='word_1_47' title='bbox 110 578 268 633; x_wconf 90' lang='lat' dir='ltr'>mutuatione;</span> <span class='ocrx_word' id='word_1_48' title='bbox 291 578 330 623; x_wconf 92' lang='lat' dir='ltr'>sed</span> <span class='ocrx_word' id='word_1_49' title='bbox 348 591 407 622; x_wconf 89' lang='lat' dir='ltr'>nunc</span> <span class='ocrx_word' id='word_1_50' title='bbox 425 576 479 622; x_wconf 89' lang='lat' dir='ltr'>tolle</span> <span class='ocrx_word' id='word_1_51' title='bbox 497 578 558 640; x_wconf 91' lang='lat' dir='ltr'>quod</span> <span class='ocrx_word' id='word_1_52' title='bbox 574 586 640 623; x_wconf 92' lang='lat' dir='ltr'>tuum</span> <span class='ocrx_word' id='word_1_53' title='bbox 657 586 697 622; x_wconf 88' lang='lat' dir='ltr'>est.</span> <span class='ocrx_word' id='word_1_54' title='bbox 739 576 784 623; x_wconf 88' lang='lat' dir='ltr'>Ivit</span> <span class='ocrx_word' id='word_1_55' title='bbox 802 576 838 623; x_wconf 92' lang='lat' dir='ltr'>ille</span> <span class='ocrx_word' id='word_1_56' title='bbox 855 588 878 623; x_wconf 89' lang='lat' dir='ltr'>et</span> 
     </span>
     <span class='ocr_line' id='line_1_9' title="bbox 110 641 877 701; baseline -0.001 -12"><span class='ocrx_word' id='word_1_57' title='bbox 110 645 167 689; x_wconf 91' lang='lat' dir='ltr'>sicut</span> <span class='ocrx_word' id='word_1_58' title='bbox 188 641 287 687; x_wconf 80' lang='lat' dir='ltr'>audierat</span> <span class='ocrx_word' id='word_1_59' title='bbox 308 641 371 687; x_wconf 82' lang='lat' dir='ltr'>dixit.</span> <span class='ocrx_word' id='word_1_60' title='bbox 414 641 552 687; x_wconf 84' lang='lat' dir='ltr'>Existimans</span> <span class='ocrx_word' id='word_1_61' title='bbox 573 642 652 688; x_wconf 87' lang='lat' dir='ltr'>mulier</span> <span class='ocrx_word' id='word_1_62' title='bbox 674 641 739 687; x_wconf 93' lang='lat' dir='ltr'>illudi</span> <span class='ocrx_word' id='word_1_63' title='bbox 757 641 806 701; x_wconf 87' lang='lat' dir='ltr'>sibi,</span> <span class='ocrx_word' id='word_1_64' title='bbox 825 658 877 688; x_wconf 93' lang='lat' dir='ltr'>cum</span> 
     </span>
     <span class='ocr_line' id='line_1_10' title="bbox 110 706 878 768; baseline 0 -15"><span class='ocrx_word' id='word_1_65' title='bbox 110 707 191 754; x_wconf 88' lang='lat' dir='ltr'>rubore</span> <span class='ocrx_word' id='word_1_66' title='bbox 208 706 265 753; x_wconf 83' lang='lat' dir='ltr'>dixit</span> <span class='ocrx_word' id='word_1_67' title='bbox 281 706 308 751; x_wconf 89' lang='lat' dir='ltr'>ad</span> <span class='ocrx_word' id='word_1_68' title='bbox 323 721 391 761; x_wconf 92' lang='lat' dir='ltr'>eum;</span> <span class='ocrx_word' id='word_1_69' title='bbox 414 706 512 752; x_wconf 90' lang='lat' dir='ltr'>Dimicte</span> <span class='ocrx_word' id='word_1_70' title='bbox 529 723 565 752; x_wconf 93' lang='lat' dir='ltr'>me</span> <span class='ocrx_word' id='word_1_71' title='bbox 581 707 604 752; x_wconf 92' lang='lat' dir='ltr'>in</span> <span class='ocrx_word' id='word_1_72' title='bbox 620 723 673 768; x_wconf 91' lang='lat' dir='ltr'>pace</span> <span class='ocrx_word' id='word_1_73' title='bbox 689 723 741 753; x_wconf 91' lang='lat' dir='ltr'>cum</span> <span class='ocrx_word' id='word_1_74' title='bbox 756 717 797 753; x_wconf 90' lang='lat' dir='ltr'>tuo</span> <span class='ocrx_word' id='word_1_75' title='bbox 814 723 878 753; x_wconf 90' lang='lat' dir='ltr'>man-</span> 
     </span>
     <span class='ocr_line' id='line_1_11' title="bbox 110 769 878 832; baseline 0 -16"><span class='ocrx_word' id='word_1_76' title='bbox 110 771 180 817; x_wconf 92' lang='lat' dir='ltr'>tello:</span> <span class='ocrx_word' id='word_1_77' title='bbox 203 769 277 815; x_wconf 88' lang='lat' dir='ltr'>nescio</span> <span class='ocrx_word' id='word_1_78' title='bbox 294 769 349 832; x_wconf 90' lang='lat' dir='ltr'>quid</span> <span class='ocrx_word' id='word_1_79' title='bbox 367 769 472 832; x_wconf 89' lang='lat' dir='ltr'>loquaris.</span> <span class='ocrx_word' id='word_1_80' title='bbox 513 770 584 815; x_wconf 85' lang='lat' dir='ltr'>instat</span> <span class='ocrx_word' id='word_1_81' title='bbox 600 771 669 816; x_wconf 90' lang='lat' dir='ltr'>homo</span> <span class='ocrx_word' id='word_1_82' title='bbox 685 780 707 816; x_wconf 90' lang='lat' dir='ltr'>et</span> <span class='ocrx_word' id='word_1_83' title='bbox 724 772 798 815; x_wconf 90' lang='lat' dir='ltr'>omnia</span> <span class='ocrx_word' id='word_1_84' title='bbox 813 772 878 831; x_wconf 90' lang='lat' dir='ltr'>ponit</span> 
     </span>
     <span class='ocr_line' id='line_1_12' title="bbox 109 833 877 894; baseline 0 -12"><span class='ocrx_word' id='word_1_85' title='bbox 109 837 133 882; x_wconf 91' lang='lat' dir='ltr'>in</span> <span class='ocrx_word' id='word_1_86' title='bbox 152 835 261 883; x_wconf 75' lang='lat' dir='ltr'>manibus.</span> <span class='ocrx_word' id='word_1_87' title='bbox 296 833 445 880; x_wconf 86' lang='lat' dir='ltr'>Considerans</span> <span class='ocrx_word' id='word_1_88' title='bbox 464 833 502 879; x_wconf 90' lang='lat' dir='ltr'>illa</span> <span class='ocrx_word' id='word_1_89' title='bbox 519 834 621 880; x_wconf 88' lang='lat' dir='ltr'>fraudem</span> <span class='ocrx_word' id='word_1_90' title='bbox 640 852 686 881; x_wconf 92' lang='lat' dir='ltr'>non</span> <span class='ocrx_word' id='word_1_91' title='bbox 705 852 751 880; x_wconf 90' lang='lat' dir='ltr'>esse</span> <span class='ocrx_word' id='word_1_92' title='bbox 768 836 792 880; x_wconf 90' lang='lat' dir='ltr'>in</span> <span class='ocrx_word' id='word_1_93' title='bbox 809 836 877 894; x_wconf 88' lang='lat' dir='ltr'>facto,</span> 
     </span>
     <span class='ocr_line' id='line_1_13' title="bbox 109 899 878 964; baseline 0 -17"><span class='ocrx_word' id='word_1_94' title='bbox 109 902 235 964; x_wconf 90' lang='lat' dir='ltr'>timensque</span> <span class='ocrx_word' id='word_1_95' title='bbox 241 916 269 944; x_wconf 91' lang='lat' dir='ltr'>ne</span> <span class='ocrx_word' id='word_1_96' title='bbox 275 899 317 945; x_wconf 93' lang='lat' dir='ltr'>sibi</span> <span class='ocrx_word' id='word_1_97' title='bbox 325 899 452 945; x_wconf 83' lang='lat' dir='ltr'>auferretur</span> <span class='ocrx_word' id='word_1_98' title='bbox 459 909 505 945; x_wconf 93' lang='lat' dir='ltr'>tam</span> <span class='ocrx_word' id='word_1_99' title='bbox 510 899 574 945; x_wconf 89' lang='lat' dir='ltr'>facile</span> <span class='ocrx_word' id='word_1_100' title='bbox 580 900 754 963; x_wconf 87' lang='lat' dir='ltr'>lucrum,surgit</span> <span class='ocrx_word' id='word_1_101' title='bbox 761 911 843 956; x_wconf 90' lang='lat' dir='ltr'>noctu;</span> <span class='ocrx_word' id='word_1_102' title='bbox 855 911 878 947; x_wconf 86' lang='lat' dir='ltr'>et</span> 
     </span>
     <span class='ocr_line' id='line_1_14' title="bbox 110 963 878 1028; baseline -0.003 -15"><span class='ocrx_word' id='word_1_103' title='bbox 110 966 227 1013; x_wconf 92' lang='lat' dir='ltr'>oculorum</span> <span class='ocrx_word' id='word_1_104' title='bbox 234 980 310 1011; x_wconf 91' lang='lat' dir='ltr'>curam</span> <span class='ocrx_word' id='word_1_105' title='bbox 319 981 365 1011; x_wconf 90' lang='lat' dir='ltr'>non</span> <span class='ocrx_word' id='word_1_106' title='bbox 372 979 457 1022; x_wconf 89' lang='lat' dir='ltr'>curans,</span> <span class='ocrx_word' id='word_1_107' title='bbox 465 963 560 1010; x_wconf 90' lang='lat' dir='ltr'>domurn</span> <span class='ocrx_word' id='word_1_108' title='bbox 568 981 620 1010; x_wconf 92' lang='lat' dir='ltr'>cum</span> <span class='ocrx_word' id='word_1_109' title='bbox 628 965 735 1011; x_wconf 86' lang='lat' dir='ltr'>mantello</span> <span class='ocrx_word' id='word_1_110' title='bbox 743 966 878 1028; x_wconf 83' lang='lat' dir='ltr'>regreditur.</span> 
     </span>
    </p>
   </div>
   <div class='ocr_carea' id='block_1_3' title="bbox 34 1063 880 2561">
    <p class='ocr_par' dir='ltr' id='par_1_4' title="bbox 41 1063 880 1672">
     <span class='ocr_line' id='line_1_15' title="bbox 41 1063 879 1155; baseline 0 -16"><span class='ocrx_word' id='word_1_111' title='bbox 41 1095 105 1139; x_wconf 61' lang='grc' dir='ltr'><strong>[ΗΧ]</strong></span> <span class='ocrx_word' id='word_1_112' title='bbox 166 1063 297 1145; x_wconf 59' lang='lat' dir='ltr'>mirabile</span> <span class='ocrx_word' id='word_1_113' title='bbox 319 1090 426 1155; x_wconf 89' lang='lat' dir='ltr'>quiddam</span> <span class='ocrx_word' id='word_1_114' title='bbox 452 1091 635 1152; x_wconf 85' lang='lat' dir='ltr'>interpretatione</span> <span class='ocrx_word' id='word_1_115' title='bbox 661 1092 758 1137; x_wconf 90' lang='lat' dir='ltr'>dubium</span> <span class='ocrx_word' id='word_1_116' title='bbox 785 1093 879 1139; x_wconf 87' lang='lat' dir='ltr'>veritate</span> 
     </span>
     <span class='ocr_line' id='line_1_16' title="bbox 109 1155 878 1219; baseline -0.004 -12"><span class='ocrx_word' id='word_1_117' title='bbox 109 1159 258 1206; x_wconf 89' lang='lat' dir='ltr'>certissimum</span> <span class='ocrx_word' id='word_1_118' title='bbox 272 1159 347 1219; x_wconf 86' lang='lat' dir='ltr'>paucis</span> <span class='ocrx_word' id='word_1_119' title='bbox 362 1155 464 1202; x_wconf 89' lang='lat' dir='ltr'>referam.</span> <span class='ocrx_word' id='word_1_120' title='bbox 498 1156 556 1202; x_wconf 89' lang='lat' dir='ltr'>Cum</span> <span class='ocrx_word' id='word_1_121' title='bbox 572 1173 656 1219; x_wconf 90' lang='lat' dir='ltr'>pauper</span> <span class='ocrx_word' id='word_1_122' title='bbox 675 1157 759 1203; x_wconf 88' lang='lat' dir='ltr'>Christi</span> <span class='ocrx_word' id='word_1_123' title='bbox 775 1158 878 1204; x_wconf 89' lang='lat' dir='ltr'>Francis-</span> 
     </span>
     <span class='ocr_line' id='line_1_17' title="bbox 109 1223 878 1281; baseline -0.001 -11"><span class='ocrx_word' id='word_1_124' title='bbox 109 1225 163 1271; x_wconf 88' lang='lat' dir='ltr'>chus</span> <span class='ocrx_word' id='word_1_125' title='bbox 184 1225 212 1270; x_wconf 91' lang='lat' dir='ltr'>de</span> <span class='ocrx_word' id='word_1_126' title='bbox 235 1223 304 1267; x_wconf 88' lang='lat' dir='ltr'>Reate</span> <span class='ocrx_word' id='word_1_127' title='bbox 326 1223 393 1267; x_wconf 89' lang='lat' dir='ltr'>Senas</span> <span class='ocrx_word' id='word_1_128' title='bbox 415 1231 544 1281; x_wconf 87' lang='lat' dir='ltr'>properaret</span> <span class='ocrx_word' id='word_1_129' title='bbox 565 1236 607 1281; x_wconf 87' lang='lat' dir='ltr'>pro</span> <span class='ocrx_word' id='word_1_130' title='bbox 629 1223 729 1268; x_wconf 89' lang='lat' dir='ltr'>remedio</span> <span class='ocrx_word' id='word_1_131' title='bbox 752 1223 878 1280; x_wconf 88' lang='lat' dir='ltr'>oculorum,</span> 
     </span>
     <span class='ocr_line' id='line_1_18' title="bbox 109 1283 878 1348; baseline -0.004 -14"><span class='ocrx_word' id='word_1_132' title='bbox 109 1288 230 1333; x_wconf 89' lang='lat' dir='ltr'>transitum</span> <span class='ocrx_word' id='word_1_133' title='bbox 252 1283 345 1330; x_wconf 86' lang='lat' dir='ltr'>faciebat</span> <span class='ocrx_word' id='word_1_134' title='bbox 367 1299 406 1345; x_wconf 88' lang='lat' dir='ltr'>per</span> <span class='ocrx_word' id='word_1_135' title='bbox 428 1284 520 1344; x_wconf 92' lang='lat' dir='ltr'>planum</span> <span class='ocrx_word' id='word_1_136' title='bbox 545 1299 615 1345; x_wconf 88' lang='lat' dir='ltr'>prope</span> <span class='ocrx_word' id='word_1_137' title='bbox 642 1286 745 1330; x_wconf 86' lang='lat' dir='ltr'>roccham</span> <span class='ocrx_word' id='word_1_138' title='bbox 773 1287 878 1348; x_wconf 79' lang='lat' dir='ltr'>campilli,</span> 
     </span>
     <span class='ocr_line' id='line_1_19' title="bbox 109 1347 878 1412; baseline -0.004 -14"><span class='ocrx_word' id='word_1_139' title='bbox 109 1353 215 1398; x_wconf 91' lang='lat' dir='ltr'>comitem</span> <span class='ocrx_word' id='word_1_140' title='bbox 223 1349 309 1396; x_wconf 90' lang='lat' dir='ltr'>itineris</span> <span class='ocrx_word' id='word_1_141' title='bbox 318 1347 402 1394; x_wconf 90' lang='lat' dir='ltr'>habens</span> <span class='ocrx_word' id='word_1_142' title='bbox 409 1347 522 1393; x_wconf 90' lang='lat' dir='ltr'>medicum</span> <span class='ocrx_word' id='word_1_143' title='bbox 529 1348 650 1411; x_wconf 83' lang='lat' dir='ltr'>quemdam</span> <span class='ocrx_word' id='word_1_144' title='bbox 657 1349 731 1394; x_wconf 87' lang='lat' dir='ltr'>ordini</span> <span class='ocrx_word' id='word_1_145' title='bbox 739 1349 864 1412; x_wconf 87' lang='lat' dir='ltr'>obligatum</span> <span class='ocrx_word' id='word_1_146' title='bbox 872 1367 878 1406; x_wconf 81' lang='lat'><em>3</em></span> 
     </span>
     <span class='ocr_line' id='line_1_20' title="bbox 110 1413 879 1474; baseline -0.003 -11"><span class='ocrx_word' id='word_1_147' title='bbox 110 1427 132 1463; x_wconf 91' lang='lat' dir='ltr'>et</span> <span class='ocrx_word' id='word_1_148' title='bbox 143 1434 192 1463; x_wconf 90' lang='lat' dir='ltr'>ecce</span> <span class='ocrx_word' id='word_1_149' title='bbox 203 1427 248 1463; x_wconf 91' lang='lat' dir='ltr'>tres</span> <span class='ocrx_word' id='word_1_150' title='bbox 258 1414 364 1459; x_wconf 89' lang='lat' dir='ltr'>mulieres</span> <span class='ocrx_word' id='word_1_151' title='bbox 379 1413 514 1474; x_wconf 84' lang='lat' dir='ltr'>paupercule</span> <span class='ocrx_word' id='word_1_152' title='bbox 529 1424 681 1473; x_wconf 88' lang='lat' dir='ltr'>apparuerunt</span> <span class='ocrx_word' id='word_1_153' title='bbox 697 1415 763 1461; x_wconf 85' lang='lat' dir='ltr'>iuxta</span> <span class='ocrx_word' id='word_1_154' title='bbox 779 1415 839 1461; x_wconf 86' lang='lat' dir='ltr'>viam</span> <span class='ocrx_word' id='word_1_155' title='bbox 855 1416 879 1461; x_wconf 93' lang='lat' dir='ltr'>in</span> 
     </span>
     <span class='ocr_line' id='line_1_21' title="bbox 110 1477 879 1538; baseline -0.003 -11"><span class='ocrx_word' id='word_1_156' title='bbox 110 1482 207 1528; x_wconf 90' lang='lat' dir='ltr'>transitu</span> <span class='ocrx_word' id='word_1_157' title='bbox 223 1479 293 1525; x_wconf 89' lang='lat' dir='ltr'>sancti</span> <span class='ocrx_word' id='word_1_158' title='bbox 309 1477 427 1525; x_wconf 90' lang='lat' dir='ltr'>Francisci.</span> <span class='ocrx_word' id='word_1_159' title='bbox 461 1477 494 1523; x_wconf 86' lang='lat' dir='ltr'>Sic</span> <span class='ocrx_word' id='word_1_160' title='bbox 509 1487 584 1523; x_wconf 89' lang='lat' dir='ltr'>autem</span> <span class='ocrx_word' id='word_1_161' title='bbox 599 1488 693 1534; x_wconf 91' lang='lat' dir='ltr'>statura,</span> <span class='ocrx_word' id='word_1_162' title='bbox 704 1488 762 1524; x_wconf 91' lang='lat' dir='ltr'>etate</span> <span class='ocrx_word' id='word_1_163' title='bbox 778 1489 801 1525; x_wconf 91' lang='lat' dir='ltr'>et</span> <span class='ocrx_word' id='word_1_164' title='bbox 817 1478 879 1538; x_wconf 83' lang='lat' dir='ltr'>facie,</span> 
     </span>
     <span class='ocr_line' id='line_1_22' title="bbox 110 1542 880 1604; baseline -0.001 -12"><span class='ocrx_word' id='word_1_165' title='bbox 110 1546 193 1592; x_wconf 85' lang='lat' dir='ltr'>similes</span> <span class='ocrx_word' id='word_1_166' title='bbox 214 1554 284 1601; x_wconf 89' lang='lat' dir='ltr'>erant,</span> <span class='ocrx_word' id='word_1_167' title='bbox 304 1553 330 1589; x_wconf 91' lang='lat' dir='ltr'>ut</span> <span class='ocrx_word' id='word_1_168' title='bbox 349 1542 464 1589; x_wconf 88' lang='lat' dir='ltr'>materiam</span> <span class='ocrx_word' id='word_1_169' title='bbox 486 1542 600 1604; x_wconf 85' lang='lat' dir='ltr'>triplicem</span> <span class='ocrx_word' id='word_1_170' title='bbox 622 1559 666 1590; x_wconf 87' lang='lat' dir='ltr'>una</span> <span class='ocrx_word' id='word_1_171' title='bbox 687 1544 788 1591; x_wconf 89' lang='lat' dir='ltr'>crederes</span> <span class='ocrx_word' id='word_1_172' title='bbox 807 1544 880 1592; x_wconf 92' lang='lat' dir='ltr'>forma</span> 
     </span>
     <span class='ocr_line' id='line_1_23' title="bbox 110 1611 239 1672; baseline -0.016 -18"><span class='ocrx_word' id='word_1_173' title='bbox 110 1611 239 1672; x_wconf 87' lang='lat' dir='ltr'>perfectam.</span> 
     </span>
    </p>

    <p class='ocr_par' dir='ltr' id='par_1_5' title="bbox 109 1670 879 1991">
     <span class='ocr_line' id='line_1_24' title="bbox 158 1670 878 1731; baseline -0.004 -11"><span class='ocrx_word' id='word_1_174' title='bbox 158 1671 301 1720; x_wconf 79' lang='lat' dir='ltr'>Adveniente</span> <span class='ocrx_word' id='word_1_175' title='bbox 316 1671 392 1731; x_wconf 90' lang='lat' dir='ltr'>itaque</span> <span class='ocrx_word' id='word_1_176' title='bbox 408 1678 485 1714; x_wconf 83' lang='lat' dir='ltr'>sancto</span> <span class='ocrx_word' id='word_1_177' title='bbox 498 1670 517 1714; x_wconf 83' lang='lat' dir='ltr'>F</span> <span class='ocrx_word' id='word_1_178' title='bbox 517 1670 637 1728; x_wconf 86' lang='lat' dir='ltr'>rancischo,</span> <span class='ocrx_word' id='word_1_179' title='bbox 650 1670 745 1716; x_wconf 88' lang='lat' dir='ltr'>flectunt</span> <span class='ocrx_word' id='word_1_180' title='bbox 755 1671 792 1717; x_wconf 89' lang='lat' dir='ltr'>ille</span> <span class='ocrx_word' id='word_1_181' title='bbox 802 1688 878 1719; x_wconf 83' lang='lat' dir='ltr'>rever-</span> 
     </span>
     <span class='ocr_line' id='line_1_25' title="bbox 110 1733 879 1798; baseline -0.003 -13"><span class='ocrx_word' id='word_1_182' title='bbox 110 1749 173 1785; x_wconf 87' lang='lat' dir='ltr'>enter</span> <span class='ocrx_word' id='word_1_183' title='bbox 184 1737 277 1785; x_wconf 87' lang='lat' dir='ltr'>vertices</span> <span class='ocrx_word' id='word_1_184' title='bbox 288 1752 341 1781; x_wconf 91' lang='lat' dir='ltr'>suos</span> <span class='ocrx_word' id='word_1_185' title='bbox 351 1744 374 1781; x_wconf 90' lang='lat' dir='ltr'>et</span> <span class='ocrx_word' id='word_1_186' title='bbox 385 1750 444 1780; x_wconf 85' lang='lat' dir='ltr'>nova</span> <span class='ocrx_word' id='word_1_187' title='bbox 454 1733 504 1779; x_wconf 92' lang='lat' dir='ltr'>illos</span> <span class='ocrx_word' id='word_1_188' title='bbox 512 1735 644 1781; x_wconf 89' lang='lat' dir='ltr'>salutatione</span> <span class='ocrx_word' id='word_1_189' title='bbox 651 1736 805 1798; x_wconf 82' lang='lat' dir='ltr'>magnificant:</span> <span class='ocrx_word' id='word_1_190' title='bbox 819 1738 879 1783; x_wconf 90' lang='lat' dir='ltr'>Bene</span> 
     </span>
     <span class='ocr_line' id='line_1_26' title="bbox 111 1801 878 1865; baseline -0.003 -15"><span class='ocrx_word' id='word_1_191' title='bbox 111 1805 192 1860; x_wconf 86' lang='lat' dir='ltr'>veniat,</span> <span class='ocrx_word' id='word_1_192' title='bbox 201 1802 315 1865; x_wconf 87' lang='lat' dir='ltr'>inquiunt,</span> <span class='ocrx_word' id='word_1_193' title='bbox 323 1801 414 1846; x_wconf 91' lang='lat' dir='ltr'>domina</span> <span class='ocrx_word' id='word_1_194' title='bbox 424 1809 548 1861; x_wconf 89' lang='lat' dir='ltr'>paupertas.</span> <span class='ocrx_word' id='word_1_195' title='bbox 582 1801 661 1846; x_wconf 87' lang='lat' dir='ltr'>Statim</span> <span class='ocrx_word' id='word_1_196' title='bbox 672 1811 761 1847; x_wconf 89' lang='lat' dir='ltr'>sanctus</span> <span class='ocrx_word' id='word_1_197' title='bbox 769 1802 878 1848; x_wconf 91' lang='lat' dir='ltr'>indicibili</span> 
     </span>
     <span class='ocr_line' id='line_1_27' title="bbox 109 1864 878 1931; baseline -0.004 -16"><span class='ocrx_word' id='word_1_198' title='bbox 109 1870 209 1931; x_wconf 89' lang='lat' dir='ltr'>repletus</span> <span class='ocrx_word' id='word_1_199' title='bbox 230 1875 264 1911; x_wconf 89' lang='lat' dir='ltr'>est</span> <span class='ocrx_word' id='word_1_200' title='bbox 285 1865 376 1927; x_wconf 86' lang='lat' dir='ltr'>gaudi0,</span> <span class='ocrx_word' id='word_1_201' title='bbox 395 1873 475 1926; x_wconf 87' lang='lat' dir='ltr'>utpote</span> <span class='ocrx_word' id='word_1_202' title='bbox 497 1864 536 1927; x_wconf 86' lang='lat' dir='ltr'>qui</span> <span class='ocrx_word' id='word_1_203' title='bbox 558 1864 626 1910; x_wconf 92' lang='lat' dir='ltr'>nichil</span> <span class='ocrx_word' id='word_1_204' title='bbox 647 1866 670 1910; x_wconf 91' lang='lat' dir='ltr'>in</span> <span class='ocrx_word' id='word_1_205' title='bbox 692 1881 715 1910; x_wconf 91' lang='lat' dir='ltr'>se</span> <span class='ocrx_word' id='word_1_206' title='bbox 736 1866 878 1913; x_wconf 90' lang='lat' dir='ltr'>salutandum</span> 
     </span>
     <span class='ocr_line' id='line_1_28' title="bbox 110 1927 876 1991; baseline -0.003 -13"><span class='ocrx_word' id='word_1_207' title='bbox 110 1931 239 1978; x_wconf 90' lang='lat' dir='ltr'>hominibus</span> <span class='ocrx_word' id='word_1_208' title='bbox 249 1940 296 1976; x_wconf 91' lang='lat' dir='ltr'>tam</span> <span class='ocrx_word' id='word_1_209' title='bbox 306 1929 402 1974; x_wconf 89' lang='lat' dir='ltr'>libenter</span> <span class='ocrx_word' id='word_1_210' title='bbox 413 1927 510 1983; x_wconf 84' lang='lat' dir='ltr'>haberet,</span> <span class='ocrx_word' id='word_1_211' title='bbox 522 1944 588 1990; x_wconf 89' lang='lat' dir='ltr'>quam</span> <span class='ocrx_word' id='word_1_212' title='bbox 602 1931 663 1991; x_wconf 90' lang='lat' dir='ltr'>quod</span> <span class='ocrx_word' id='word_1_213' title='bbox 676 1930 714 1975; x_wconf 89' lang='lat' dir='ltr'>ille</span> <span class='ocrx_word' id='word_1_214' title='bbox 727 1930 876 1977; x_wconf 78' lang='lat' dir='ltr'>decreverant.</span> 
     </span>
    </p>

    <p class='ocr_par' dir='ltr' id='par_1_6' title="bbox 34 1990 878 2561">
     <span class='ocr_line' id='line_1_29' title="bbox 34 1990 877 2061; baseline -0.002 -19"><span class='ocrx_word' id='word_1_215' title='bbox 34 2005 73 2043; x_wconf 81' lang='lat' dir='ltr'>Fol.</span> <span class='ocrx_word' id='word_1_216' title='bbox 82 1997 143 2054; x_wconf 78' lang='lat' dir='ltr'>50Et</span> <span class='ocrx_word' id='word_1_217' title='bbox 157 1997 219 2061; x_wconf 88' lang='lat' dir='ltr'>prius</span> <span class='ocrx_word' id='word_1_218' title='bbox 236 1993 328 2058; x_wconf 87' lang='lat' dir='ltr'>quidem</span> <span class='ocrx_word' id='word_1_219' title='bbox 345 1990 439 2038; x_wconf 87' lang='lat' dir='ltr'>feminas</span> <span class='ocrx_word' id='word_1_220' title='bbox 455 2008 502 2037; x_wconf 87' lang='lat' dir='ltr'>esse</span> <span class='ocrx_word' id='word_1_221' title='bbox 518 2002 624 2055; x_wconf 87' lang='lat' dir='ltr'>reputans</span> <span class='ocrx_word' id='word_1_222' title='bbox 634 2010 711 2039; x_wconf 86' lang='lat' dir='ltr'>revera</span> <span class='ocrx_word' id='word_1_223' title='bbox 727 1995 877 2057; x_wconf 83' lang='lat' dir='ltr'>pauperculas,</span> 
     </span>
     <span class='ocr_line' id='line_1_30' title="bbox 111 2058 877 2122; baseline -0.004 -13"><span class='ocrx_word' id='word_1_224' title='bbox 111 2077 231 2109; x_wconf 86' lang='lat' dir='ltr'>conversus</span> <span class='ocrx_word' id='word_1_225' title='bbox 252 2061 280 2106; x_wconf 91' lang='lat' dir='ltr'>ad</span> <span class='ocrx_word' id='word_1_226' title='bbox 307 2058 428 2114; x_wconf 76' lang='lat' dir='ltr'>medicum,</span> <span class='ocrx_word' id='word_1_227' title='bbox 451 2058 489 2119; x_wconf 89' lang='lat' dir='ltr'>qui</span> <span class='ocrx_word' id='word_1_228' title='bbox 511 2058 666 2115; x_wconf 89' lang='lat' dir='ltr'>comitabatur,</span> <span class='ocrx_word' id='word_1_229' title='bbox 689 2061 734 2106; x_wconf 90' lang='lat' dir='ltr'>ait:</span> <span class='ocrx_word' id='word_1_230' title='bbox 763 2062 829 2122; x_wconf 87' lang='lat' dir='ltr'>Rogo</span> <span class='ocrx_word' id='word_1_231' title='bbox 856 2071 877 2106; x_wconf 94' lang='lat' dir='ltr'>te</span> 
     </span>
     <span class='ocr_line' id='line_1_31' title="bbox 111 2120 877 2183; baseline -0.004 -10"><span class='ocrx_word' id='word_1_232' title='bbox 111 2128 194 2172; x_wconf 92' lang='lat' dir='ltr'>intuitu</span> <span class='ocrx_word' id='word_1_233' title='bbox 212 2124 256 2178; x_wconf 81' lang='lat' dir='ltr'>dei,</span> <span class='ocrx_word' id='word_1_234' title='bbox 268 2124 303 2177; x_wconf 90' lang='lat' dir='ltr'>da,</span> <span class='ocrx_word' id='word_1_235' title='bbox 315 2133 341 2168; x_wconf 93' lang='lat' dir='ltr'>ut</span> <span class='ocrx_word' id='word_1_236' title='bbox 359 2123 412 2168; x_wconf 92' lang='lat' dir='ltr'>dem</span> <span class='ocrx_word' id='word_1_237' title='bbox 428 2120 513 2182; x_wconf 88' lang='lat' dir='ltr'>aliquid</span> <span class='ocrx_word' id='word_1_238' title='bbox 529 2123 669 2183; x_wconf 89' lang='lat' dir='ltr'>pauperculis</span> <span class='ocrx_word' id='word_1_239' title='bbox 680 2124 730 2170; x_wconf 90' lang='lat' dir='ltr'>illis.</span> <span class='ocrx_word' id='word_1_240' title='bbox 764 2125 877 2171; x_wconf 89' lang='lat' dir='ltr'>Citissime</span> 
     </span>
     <span class='ocr_line' id='line_1_32' title="bbox 110 2185 877 2253; baseline -0.003 -17"><span class='ocrx_word' id='word_1_241' title='bbox 110 2189 206 2253; x_wconf 90' lang='lat' dir='ltr'>protulit</span> <span class='ocrx_word' id='word_1_242' title='bbox 228 2188 264 2233; x_wconf 89' lang='lat' dir='ltr'>ille</span> <span class='ocrx_word' id='word_1_243' title='bbox 283 2196 306 2231; x_wconf 91' lang='lat' dir='ltr'>et</span> <span class='ocrx_word' id='word_1_244' title='bbox 328 2201 388 2248; x_wconf 91' lang='lat' dir='ltr'>equo</span> <span class='ocrx_word' id='word_1_245' title='bbox 410 2185 501 2232; x_wconf 80' lang='lat' dir='ltr'>avolans</span> <span class='ocrx_word' id='word_1_246' title='bbox 522 2185 600 2232; x_wconf 88' lang='lat' dir='ltr'>tribuit</span> <span class='ocrx_word' id='word_1_247' title='bbox 622 2188 743 2250; x_wconf 90' lang='lat' dir='ltr'>unicuique</span> <span class='ocrx_word' id='word_1_248' title='bbox 764 2204 877 2235; x_wconf 90' lang='lat' dir='ltr'>nummos.</span> 
     </span>
     <span class='ocr_line' id='line_1_33' title="bbox 110 2249 878 2313; baseline -0.003 -12"><span class='ocrx_word' id='word_1_249' title='bbox 110 2256 239 2302; x_wconf 90' lang='lat' dir='ltr'>Procedunt</span> <span class='ocrx_word' id='word_1_250' title='bbox 250 2268 305 2313; x_wconf 88' lang='lat' dir='ltr'>crgo</span> <span class='ocrx_word' id='word_1_251' title='bbox 316 2250 438 2305; x_wconf 89' lang='lat' dir='ltr'>modicum,</span> <span class='ocrx_word' id='word_1_252' title='bbox 448 2249 485 2295; x_wconf 87' lang='lat' dir='ltr'>via</span> <span class='ocrx_word' id='word_1_253' title='bbox 496 2261 564 2312; x_wconf 90' lang='lat' dir='ltr'>cepta,</span> <span class='ocrx_word' id='word_1_254' title='bbox 576 2268 626 2296; x_wconf 90' lang='lat' dir='ltr'>cum</span> <span class='ocrx_word' id='word_1_255' title='bbox 638 2252 714 2297; x_wconf 89' lang='lat' dir='ltr'>statim</span> <span class='ocrx_word' id='word_1_256' title='bbox 723 2263 878 2299; x_wconf 87' lang='lat' dir='ltr'>convertentes</span> 
     </span>
     <span class='ocr_line' id='line_1_34' title="bbox 111 2314 877 2378; baseline -0.004 -12"><span class='ocrx_word' id='word_1_257' title='bbox 111 2319 187 2366; x_wconf 90' lang='lat' dir='ltr'>oculos</span> <span class='ocrx_word' id='word_1_258' title='bbox 209 2317 290 2364; x_wconf 92' lang='lat' dir='ltr'>fratres</span> <span class='ocrx_word' id='word_1_259' title='bbox 313 2325 334 2362; x_wconf 89' lang='lat' dir='ltr'>et</span> <span class='ocrx_word' id='word_1_260' title='bbox 356 2314 462 2369; x_wconf 76' lang='lat' dir='ltr'>medicus</span> <span class='ocrx_word' id='word_1_261' title='bbox 480 2323 550 2360; x_wconf 90' lang='lat' dir='ltr'>totam</span> <span class='ocrx_word' id='word_1_262' title='bbox 572 2315 633 2361; x_wconf 90' lang='lat' dir='ltr'>illam</span> <span class='ocrx_word' id='word_1_263' title='bbox 655 2316 770 2378; x_wconf 88' lang='lat' dir='ltr'>planitiem</span> <span class='ocrx_word' id='word_1_264' title='bbox 792 2318 877 2364; x_wconf 90' lang='lat' dir='ltr'>nudam</span> 
     </span>
     <span class='ocr_line' id='line_1_35' title="bbox 111 2378 877 2443; baseline -0.003 -12"><span class='ocrx_word' id='word_1_265' title='bbox 111 2384 242 2432; x_wconf 90' lang='lat' dir='ltr'>mulieribus</span> <span class='ocrx_word' id='word_1_266' title='bbox 253 2390 355 2428; x_wconf 89' lang='lat' dir='ltr'>cernunt.</span> <span class='ocrx_word' id='word_1_267' title='bbox 390 2378 517 2426; x_wconf 91' lang='lat' dir='ltr'>Plurimum</span> <span class='ocrx_word' id='word_1_268' title='bbox 533 2380 660 2443; x_wconf 89' lang='lat' dir='ltr'>stupefacti,</span> <span class='ocrx_word' id='word_1_269' title='bbox 672 2381 811 2428; x_wconf 90' lang='lat' dir='ltr'>mirabilibus</span> <span class='ocrx_word' id='word_1_270' title='bbox 823 2394 877 2430; x_wconf 91' lang='lat' dir='ltr'>tunc</span> 
     </span>
     <span class='ocr_line' id='line_1_36' title="bbox 110 2444 877 2511; baseline -0.004 -14"><span class='ocrx_word' id='word_1_271' title='bbox 110 2460 218 2497; x_wconf 87' lang='lat' dir='ltr'>eventum</span> <span class='ocrx_word' id='word_1_272' title='bbox 239 2455 395 2501; x_wconf 82' lang='lat' dir='ltr'>annumerant,</span> <span class='ocrx_word' id='word_1_273' title='bbox 417 2444 520 2490; x_wconf 89' lang='lat' dir='ltr'>mulieres</span> <span class='ocrx_word' id='word_1_274' title='bbox 542 2462 588 2491; x_wconf 92' lang='lat' dir='ltr'>non</span> <span class='ocrx_word' id='word_1_275' title='bbox 615 2446 684 2492; x_wconf 88' lang='lat' dir='ltr'>fuisse</span> <span class='ocrx_word' id='word_1_276' title='bbox 711 2447 809 2503; x_wconf 87' lang='lat' dir='ltr'>scientes,</span> <span class='ocrx_word' id='word_1_277' title='bbox 833 2466 877 2511; x_wconf 90' lang='lat' dir='ltr'>que</span> 
     </span>
     <span class='ocr_line' id='line_1_37' title="bbox 111 2510 462 2561; baseline -0.017 0"><span class='ocrx_word' id='word_1_278' title='bbox 111 2515 190 2561; x_wconf 90' lang='lat' dir='ltr'>avibus</span> <span class='ocrx_word' id='word_1_279' title='bbox 206 2512 266 2560; x_wconf 89' lang='lat' dir='ltr'>ocius</span> <span class='ocrx_word' id='word_1_280' title='bbox 282 2510 462 2558; x_wconf 82' lang='lat' dir='ltr'>transvolassent.</span> 
     </span>
    </p>
   </div>
   <div class='ocr_carea' id='block_1_4' title="bbox 267 2651 743 2695">
    <p class='ocr_par' dir='ltr' id='par_1_7' title="bbox 267 2651 743 2695">
     <span class='ocr_line' id='line_1_38' title="bbox 267 2651 743 2695; baseline -0.004 0"><span class='ocrx_word' id='word_1_281' title='bbox 267 2653 301 2695; x_wconf 87' lang='lat' dir='ltr'>De</span> <span class='ocrx_word' id='word_1_282' title='bbox 314 2651 392 2695; x_wconf 88' lang='lat' dir='ltr'>studio</span> <span class='ocrx_word' id='word_1_283' title='bbox 404 2651 513 2693; x_wconf 85' lang='lat' dir='ltr'>orationis</span> <span class='ocrx_word' id='word_1_284' title='bbox 526 2653 599 2694; x_wconf 86' lang='lat' dir='ltr'>sancti</span> <span class='ocrx_word' id='word_1_285' title='bbox 614 2652 743 2694; x_wconf 74' lang='lat' dir='ltr'>Francisci&#39;</span> 
     </span>
    </p>
   </div>
   <div class='ocr_carea' id='block_1_5' title="bbox 80 2741 876 2899">
    <p class='ocr_par' dir='ltr' id='par_1_8' title="bbox 80 2741 876 2899">
     <span class='ocr_line' id='line_1_39' title="bbox 80 2741 876 2833; baseline 0.003 -15"><span class='ocrx_word' id='word_1_286' title='bbox 80 2787 108 2827; x_wconf 83' lang='lat' dir='ltr'>[L]</span> <span class='ocrx_word' id='word_1_287' title='bbox 159 2741 283 2833; x_wconf 65' lang='lat' dir='ltr'>Gorpore</span> <span class='ocrx_word' id='word_1_288' title='bbox 305 2770 435 2832; x_wconf 85' lang='lat' dir='ltr'>peregrinus</span> <span class='ocrx_word' id='word_1_289' title='bbox 456 2786 468 2814; x_wconf 92' lang='lat' dir='ltr'>a</span> <span class='ocrx_word' id='word_1_290' title='bbox 489 2770 588 2826; x_wconf 90' lang='lat' dir='ltr'>domino,</span> <span class='ocrx_word' id='word_1_291' title='bbox 610 2771 646 2817; x_wconf 92' lang='lat' dir='ltr'>vir</span> <span class='ocrx_word' id='word_1_292' title='bbox 667 2770 703 2816; x_wconf 93' lang='lat' dir='ltr'>dei</span> <span class='ocrx_word' id='word_1_293' title='bbox 723 2772 876 2829; x_wconf 89' lang='lat' dir='ltr'>Francischus,</span> 
     </span>
     <span class='ocr_line' id='line_1_40' title="bbox 112 2834 875 2899; baseline 0 -16"><span class='ocrx_word' id='word_1_294' title='bbox 112 2848 238 2899; x_wconf 86' lang='lat' dir='ltr'>presentem</span> <span class='ocrx_word' id='word_1_295' title='bbox 257 2836 366 2895; x_wconf 87' lang='lat' dir='ltr'>spiritum,</span> <span class='ocrx_word' id='word_1_296' title='bbox 379 2834 427 2880; x_wconf 92' lang='lat' dir='ltr'>celo</span> <span class='ocrx_word' id='word_1_297' title='bbox 442 2835 590 2881; x_wconf 88' lang='lat' dir='ltr'>contendebat</span> <span class='ocrx_word' id='word_1_298' title='bbox 606 2834 689 2880; x_wconf 90' lang='lat' dir='ltr'>inferre</span> <span class='ocrx_word' id='word_1_299' title='bbox 707 2846 729 2881; x_wconf 88' lang='lat' dir='ltr'>et</span> <span class='ocrx_word' id='word_1_300' title='bbox 744 2838 875 2898; x_wconf 82' lang='lat' dir='ltr'>angelorum</span> 
     </span>
    </p>
   </div>
   <div class='ocr_carea' id='block_1_6' title="bbox 0 0 965 3169">
    <p class='ocr_par' dir='ltr' id='par_1_9' title="bbox 0 0 965 3169">
     <span class='ocr_line' id='line_1_41' title="bbox 0 0 965 3169; baseline 0 0"><span class='ocrx_word' id='word_1_301' title='bbox 0 0 965 3169; x_wconf 95' lang='lat' dir='ltr'> </span> 
     </span>
    </p>
   </div>
  </div>
 </body>
</html>
