1919 3169
260 63 419 111 Lacnuna
436 63 595 110 onuoonn
782 79 811 124 93

47 156 138 203 eumin
154 158 245 205 ecclesia
260 160 330 206 sancti
347 159 452 214 damiani,
465 160 488 205 in
504 177 549 221 qua
564 159 623 206 dicte
639 158 685 205 filie
701 175 748 215 sue,
759 175 813 222 quas

47 221 141 267 domino
152 222 290 286 acquisierat,
302 223 455 280 morabantur,
472 233 547 284 aperta
562 232 596 269 est
606 222 702 269 fenestra
712 223 811 284 parvula,

48 302 88 349 per
105 302 174 350 quam
190 288 268 335 ancille
284 288 359 334 christi
376 287 501 334 constituto
522 300 625 351 tempore
646 286 812 335 communicare

48 350 121 398 solent
131 352 238 399 dominici
249 353 349 415 corporis
360 363 504 400 sacramento.

95 418 183 478 Aperta
203 428 237 465 est
258 428 281 464 et
302 433 358 476 arca,
380 418 404 463 in
427 434 473 481 qua
498 416 678 481 supercelestium
700 417 812 464 virtutum

48 480 165 527 thesaurus
176 481 257 529 latebat
270 492 294 527 et
310 483 333 528 in
350 499 394 544 qua
410 482 540 544 portabatur
555 499 568 526 a
583 482 659 543 paucis
673 483 712 544 qui
728 483 813 528 multos

48 554 138 606 portare
148 546 240 592 solebat.
274 546 308 592 Et
316 555 324 579 ⁷
330 561 379 592 ecce
390 546 482 592 domina
492 545 557 602 clara,
563 561 608 608 que
619 561 672 592 vere
680 545 812 595 meritorum

48 609 164 656 sanctitate
173 611 230 656 clara
238 611 301 668 erat,8
309 611 401 656 aliarum
412 620 482 656 mater
494 610 545 673 quia
553 611 639 672 prima⁹
648 609 719 672 prima
726 611 813 672 plancta

49 675 115 720 huius
136 676 207 721 sancti
229 676 314 721 ordinis
333 675 383 731 fuit,
406 674 469 722 venit
490 692 541 721 cum
563 675 655 738 reliquis
675 674 764 721 filiabus
784 675 812 721 ad

49 738 173 785 videndum
184 749 270 801 patrem
281 756 327 786 non
337 739 467 802 loquentem
478 739 517 797 eis,
528 755 567 785 nec
578 754 721 785 reversurum
733 739 760 785 ad
769 754 812 795 eas,

48 801 100 848 alibi
122 810 285 863 properantem.
320 804 352 849 Et
373 803 516 865 ingeminatis
537 803 637 864 suspiriis
658 817 709 848 cum
731 818 813 865 magno

48 866 123 914 cordis
134 867 220 932 gemitu
231 878 254 914 et
264 867 368 930 lacrymis
378 867 463 924 multis,
474 867 616 929 respicientes
625 882 684 923 eum,
697 883 814 930 suppressa

50 948 104 979 voce
115 933 208 980 clamare
222 943 342 995 ceperunt:
360 934 433 989 Pater,
445 941 532 995 pater,¹⁰
543 934 598 996 quid
609 931 730 979 faciemus?
763 933 812 981 Cur

50 1014 92 1043 nos
100 997 189 1044 miseras
200 998 290 1057 deseris,
297 1007 335 1044 aut
343 999 379 1044 cui
390 997 441 1044 sic¹¹
450 997 557 1044 desolatas
566 997 689 1061 relinquis?
712 997 761 1045 Cur
772 1015 813 1045 nos
879 1004 882 1012 ’

50 1078 96 1122 quo
107 1063 171 1108 vadis
188 1080 233 1107 non
250 1063 369 1123 premisisti
386 1063 517 1125 gaudentes,
533 1080 589 1123 quas
604 1063 635 1107 sic
644 1071 659 1088 ¹²
670 1062 706 1106 hic
717 1062 813 1107 dimittis

49 1126 166 1172 dolentes?
202 1127 266 1177 Quid
283 1127 378 1187 precipis
400 1142 441 1172 nos
462 1126 557 1172 facturas
578 1127 602 1171 in
618 1126 661 1171 isto
677 1140 763 1172 carcere
782 1127 813 1172 sic

50 1190 152 1247 reclusas,
166 1208 221 1254 quas
232 1208 355 1254 nunquam,
367 1202 393 1238 ut
410 1190 474 1247 soloe,
491 1190 591 1253 disponis
604 1188 698 1238 ulterius
709 1189 812 1238 visitare?

50 1255 137 1302 Tecum
154 1266 229 1302 nostra
245 1256 368 1302 consolatio
377 1264 392 1287 ¹³
408 1266 457 1302 tota
473 1256 571 1312 recedit3
587 1265 610 1300 et
620 1255 691 1300 simile
707 1255 812 1302 solatium

50 1336 96 1364 non
115 1330 214 1365 remanet
230 1319 305 1366 seculo
321 1321 445 1366 tumulatis.
479 1320 539 1380 Quis
560 1320 583 1365 in
604 1328 734 1381 paupertate
750 1330 812 1366 tanta

51 1399 96 1429 non
108 1383 184 1430 minus
200 1384 333 1429 meritorum
349 1399 417 1448 quam
434 1398 510 1429 rerum
526 1383 664 1430 solatiabitur
675 1382 757 1431 nobis?
790 1385 812 1430 O

50 1463 174 1509 pauperum
185 1460 254 1510 pater,
271 1449 408 1510 paupertatis
424 1448 520 1495 amatori
553 1449 611 1509 Quis
627 1448 651 1494 in
665 1448 813 1510 temptatione

50 1512 183 1559 succurret?
200 1514 222 1559 O
230 1513 357 1559 innumeras
365 1514 524 1576 temptationes
530 1523 631 1575 expertas
637 1512 812 1576 temptationum

51 1578 188 1625 examinator
212 1581 304 1625 cautus!
349 1578 409 1629 Quis
435 1578 459 1623 in
487 1577 631 1624 tribulatione
659 1578 812 1624 consolabitur

51 1642 167 1688 tribulatas
183 1643 273 1688 adiutor
294 1643 318 1687 in
340 1642 529 1700 tribulationibus,
552 1659 596 1704 que
618 1643 753 1689 invenerunt
772 1660 814 1689 nos

51 1705 132 1752 nimis?
167 1706 190 1754 Ο
207 1706 342 1753 amarissima
358 1706 468 1768 separatio
484 1716 506 1752 et
523 1706 610 1752 inimica
623 1705 759 1754 absentatio!
790 1707 812 1752 Ο

51 1771 117 1817 nimis
135 1771 244 1817 horrenda
256 1787 323 1827 mors,
335 1787 378 1833 que
391 1771 461 1818 millia
469 1780 484 1803 ¹⁴
498 1770 598 1817 filiorum
609 1780 632 1817 et
643 1771 739 1817 filiarum
750 1780 813 1818 tanto

50 1846 112 1897 patre
123 1835 201 1882 orbata
209 1844 224 1867 ¹⁵
236 1835 339 1889 trucidas,
352 1851 404 1881 cum
419 1835 592 1882 irrevocabiliter
607 1834 712 1896 elongare
723 1835 814 1881 festines

50 1900 122 1957 illum,
145 1917 184 1962 per
211 1916 280 1962 quem
307 1900 381 1946 studia
408 1910 491 1959 nostra,
520 1900 537 1947 si
565 1917 609 1963 qua
636 1909 696 1957 sunt,
717 1900 814 1947 maxime

50 1964 190 2009 floruerunt!

99 2029 142 2074 Sed
153 2028 266 2090 virgineus
277 2028 350 2087 pudor
362 2026 435 2072 multo
443 2028 459 2053 ¹⁶
467 2028 531 2072 fletui
542 2027 679 2089 imperabat;
696 2037 718 2073 et
725 2035 740 2059 ¹⁷
748 2044 814 2089 super

49 2092 114 2139 illum
122 2093 137 2118 ¹⁸
153 2091 258 2155 plangere
265 2099 280 2123 ¹⁹
291 2090 357 2138 nimis
373 2103 420 2138 crat
437 2092 596 2154 incongruum,
608 2091 631 2137 in
643 2092 707 2138 cuius
717 2092 814 2139 transitu

51 2156 177 2220 frequentia
188 2156 299 2202 concurrit
306 2157 415 2201 exercitus
426 2157 572 2219 angelorum3
585 2167 608 2202 et
618 2157 681 2203 letati
690 2167 743 2203 sunt
754 2158 814 2203 cives

51 2232 179 2267 sanctorum
200 2232 223 2267 et
245 2220 360 2267 domestici
385 2221 438 2275 dei;
466 2221 542 2281 sicque
568 2221 627 2267 inter
651 2221 764 2267 tristitiam
791 2231 814 2268 et

51 2284 144 2330 letitiam
163 2285 235 2346 posite
252 2282 436 2329 deosculabantur
457 2284 645 2347 splendidissimas
666 2300 746 2330 manus
766 2285 814 2330 eius

52 2359 139 2395 ornatas
153 2349 317 2410 pretiosissimis
334 2349 430 2410 gemmis
447 2364 471 2394 ac
488 2347 655 2394 coruscantibus
672 2350 814 2410 margaritis3

51 2423 74 2459 et
95 2413 167 2460 ablato
189 2430 223 2472 eo,
245 2413 318 2459 clausa
338 2422 372 2458 est
399 2412 442 2458 illis
469 2414 541 2469 ianua,
564 2430 616 2476 que,
641 2413 734 2459 minime
755 2414 814 2460 ultra

53 2480 140 2525 muneri
149 2487 165 2504 ²⁰
175 2488 239 2524 tanto
249 2477 341 2539 patebit.

100 2542 122 2586 Ο
136 2551 232 2604 quantus
247 2542 320 2586 luctus
334 2541 436 2584 omnium
453 2550 500 2586 erat
516 2542 539 2585 in
556 2542 635 2586 harum
652 2540 776 2586 miseranda
792 2551 814 2587 et

91 2643 135 2681 ⁷H.
145 2645 202 2682 omits.
280 2642 382 2680 ⁸Ox.fuit.
460 2643 548 2694 sapia
631 2647 646 2666 ¹⁰
656 2641 689 2681 Os.
699 2652 762 2681 noster.

92 2700 106 2736 ¹¹,
116 2698 149 2734 Os.
158 2709 196 2734 nos.
241 2699 255 2718 ¹²
265 2697 298 2733 Os.
307 2696 364 2733 omits.
409 2699 423 2723 ¹³
433 2697 466 2733 Os.
476 2696 537 2733 solatia
545 2695 623 2733 contulit.
676 2699 691 2725 14
701 2696 722 2733 L.
731 2697 788 2733 omits.

92 2748 238 2785 ¹⁵Ox.orbatas
292 2747 306 2769 ¹⁶
315 2747 342 2784 H.
353 2746 431 2785 multum.
484 2750 618 2786 ¹⁷Ox.tamen,
678 2746 795 2786 1“Oneum

92 2803 107 2828 1⁹
117 2802 149 2837 Os.
159 2800 202 2837 adds
211 2813 250 2836 non.
368 2803 383 2820 ²⁰
393 2798 432 2836 Bor.
443 2799 502 2836 vultui.
531 2799 558 2836 H.
568 2799 629 2837 funeri.
