1919 3169
146 80 173 122 aa
360 76 522 123 aroanna
538 76 697 136 aurioua

97 253 142 293 [za]
192 205 254 297 :iam
272 254 326 285 vero
348 237 398 300 quis
418 236 528 282 Francisci
550 237 725 282 sollicitudinem
746 253 789 301 pro
816 238 913 285 subditis

145 302 239 351 induit?
283 302 354 350 Levat
375 301 412 348 ille
433 317 520 363 semper
542 301 570 348 ad
598 302 670 348 celum
691 318 770 350 manus
791 321 833 367 pro
855 304 913 351 veris

144 368 247 415 israelitis
273 378 296 413 et
322 368 356 413 sui
380 367 516 430 quandoque
543 367 614 413 oblito
640 368 712 428 prima
733 367 831 415 fraterna
854 369 913 415 salus

145 434 248 481 occurrit.
278 431 425 479 Provolvitur
433 431 528 493 pedibus
540 432 668 487 maiestatis,
678 433 811 488 sacrificium
821 434 913 495 spiritus

145 513 187 558 pro
198 498 243 542 suis
254 497 328 551 offert,
340 496 400 557 cogit
411 496 439 540 ad
457 495 560 540 benefitia
576 495 702 540 dominum.
736 498 806 560 Gregi
822 496 911 559 pusillo,

146 579 213 624 quem
224 570 275 621 post
293 577 315 604 se
333 569 436 616 traxerat,
447 560 515 620 pleno
532 560 614 605 amoris
631 560 713 605 timore
730 563 873 624 compatitur,
885 578 913 606 ne

145 636 197 687 post
204 625 318 688 perditum
326 624 438 670 mundum
447 624 539 686 perdere
548 624 663 686 contingat
671 636 694 671 et
703 625 775 671 celum
786 643 790 672 :
808 625 913 672 futurum

146 707 168 736 se
187 691 280 751 putabat
301 689 432 752 inglorium,
452 689 494 734 nisi
517 689 647 735 commissos
669 707 713 735 una
734 707 810 736 secum
831 690 913 737 faceret

145 755 262 817 gloriosos,
282 770 338 817 quos
356 754 488 800 laboriosius
508 754 556 800 eius
574 754 711 816 parturiebat
729 756 826 817 spiritus,
845 771 912 818 quam

146 829 247 865 materna
256 829 390 881 pepererant
400 819 489 865 viscera.
523 865 525 867 ‚

87 969 142 1011 [sz]
191 920 293 1000 [Dulta
306 946 348 993 sibi
366 947 394 992 ad
411 945 512 992 infirmos
530 947 663 1008 compassio,
675 947 746 993 multa
762 964 805 1010 pro
821 947 913 994 illorum

146 1012 312 1060 necessitatibus
333 1010 467 1058 sollicitudo.
513 1012 536 1055 Si
565 1012 656 1074 quando
684 1012 753 1074 pietas
780 1013 914 1059 secularium

146 1080 264 1124 electuaria
274 1076 380 1120 mictebat
387 1075 467 1129 eidem,
475 1091 528 1119 curn
535 1075 582 1135 ipse
593 1075 643 1135 plus
652 1075 699 1120 aliis
708 1077 826 1138 indigeret,
835 1078 914 1121 ceteris

146 1139 312 1188 infirmantibus
331 1139 403 1185 dabat.
447 1138 557 1184 Omnium
576 1140 732 1200 languentium
754 1140 777 1184 'm
800 1156 822 1184 se
841 1150 914 1185 trans-

146 1206 257 1254 formabat
274 1203 373 1260 affectus,
386 1203 454 1251 verba
470 1200 564 1265 prebens
582 1205 748 1265 compassionis,
761 1204 800 1250 ubi
817 1204 915 1253 subven-

145 1273 214 1319 tionis
225 1289 270 1319 non
282 1279 375 1333 poterat.
411 1267 548 1315 Comedebat
559 1268 606 1330 ipse
614 1268 691 1314 diebus
702 1269 786 1325 ieiunii,
795 1287 823 1314 ne
831 1270 913 1315 infirmi

146 1337 261 1384 comedere
280 1344 420 1390 vererentur,
438 1349 478 1379 nec
496 1331 615 1380 verebatur
633 1350 673 1396 per
689 1333 779 1396 publica
795 1334 913 1381 civitatum

146 1419 223 1447 carnes
249 1401 313 1446 fratri
340 1399 430 1443 infirmo
455 1398 592 1461 conquirere.
633 1398 745 1443 Monebat
770 1409 846 1443 tamen
867 1399 913 1444 lan-

146 1466 236 1528 guidos,
272 1464 381 1526 patienter
416 1462 474 1508 ferre
508 1461 617 1517 defectus,
653 1478 693 1508 nec
725 1477 857 1524 consurgere
890 1463 913 1508 in

146 1530 284 1584 scandalum,
307 1543 359 1573 cum
378 1542 424 1573 non
443 1536 500 1572 esset
522 1542 561 1587 per
580 1526 655 1572 omnia
673 1526 829 1584 satisfactum,
854 1528 914 1573 unde

147 1596 171 1640 in
208 1595 305 1657 quadam
339 1591 417 1654 regula
451 1590 516 1636 scribi
554 1590 606 1636 fecit
644 1591 684 1637 hec
722 1590 803 1638 verba:
848 1593 914 1654 Rogo

71 1674 110 1710 Fol.
120 1674 226 1709 820mnes
241 1659 320 1704 fratres
337 1672 398 1701 meos
415 1655 524 1712 infirmos,
536 1665 562 1700 ut
579 1655 603 1700 in
620 1657 665 1701 suis
683 1655 851 1702 infirmitatibus
868 1673 914 1701 non

148 1725 278 1780 irascantur,
289 1737 335 1765 non
347 1719 510 1764 conturbentur
521 1729 598 1763 contra
609 1719 684 1775 deum,
694 1735 733 1765 nec
742 1730 820 1765 contra
828 1720 913 1767 fratres.

195 1787 251 1834 Non
270 1785 368 1833 multum
387 1783 481 1829 sollicite
503 1783 618 1845 postulent
639 1783 767 1840 medicinas,
787 1800 827 1829 nec
849 1784 915 1830 nimis

149 1852 275 1899 desiderent
292 1850 387 1897 liberare
405 1864 492 1894 carnem
510 1848 555 1894 cito
571 1847 713 1905 morituram,
731 1865 775 1911 que
792 1859 825 1894 est
843 1851 915 1895 anime

149 1919 245 1964 inimica.
277 1917 313 1961 De
324 1914 430 1960 omnibus
440 1913 523 1974 gratias
533 1923 607 1975 agant,
618 1923 644 1958 ut
662 1914 738 1976 quales
754 1914 805 1959 vult
821 1930 858 1959 eos
869 1931 915 1960 esse

149 1984 212 2037 deus,
228 1982 283 2026 tales
299 1997 322 2023 se
338 1979 387 2023 fore
406 1978 549 2031 desiderent3
574 1993 631 2038 quos
647 1979 707 2021 enim
726 1978 781 2022 deus
799 1979 827 2022 ad
846 1979 915 2023 vitam

149 2044 415 2106 preordinaviteternam,
423 2040 570 2102 flagellorum,
578 2051 644 2103 atque
652 2040 811 2086 infirmitatum
819 2040 916 2086 stimulis

149 2110 232 2166 erudit,
243 2110 300 2155 sicut
311 2108 358 2169 ipse
372 2105 445 2152 dixit:
464 2104 516 2167 Ego
533 2121 590 2167 quos
607 2121 664 2161 amo,
677 2105 766 2168 corrigo
784 2116 806 2151 et
824 2107 914 2169 castigo.

150 2175 268 2221 Infirmum
280 2172 407 2235 quemdam,
420 2169 455 2215 cui
466 2170 653 2215 comedendarum
668 2187 763 2216 uvarum
779 2171 915 2216 desiderium

149 2239 220 2285 inesse
231 2236 320 2292 sciebat,
331 2235 400 2281 semel
411 2234 434 2279 in
445 2234 533 2279 vineam
548 2233 613 2280 duxit
630 2244 652 2280 et
670 2234 748 2280 sedens
765 2235 806 2281 sub
824 2235 878 2291 vite,
890 2246 915 2281 ut

150 2303 281 2352 comedendi
292 2300 407 2349 audaciam
418 2299 488 2355 daret,
500 2297 561 2362 prior
572 2299 618 2361 ipse
629 2298 736 2346 comedit.

83 2435 147 2476 [z-uJ]
200 2406 281 2489 Quos
290 2439 367 2474 autem
377 2426 479 2471 infirmos
489 2425 569 2469 maiori
577 2424 667 2471 fovebat
678 2425 801 2483 clementia,
810 2427 917 2488 patientia

150 2496 303 2561 subportabat,
315 2507 372 2558 quos
382 2491 451 2538 velud
468 2490 608 2548 fluctuantes,
619 2490 805 2553 temptationibus
820 2492 916 2555 agitatos

151 2575 173 2609 et
195 2564 275 2624 spiritu
297 2559 423 2605 defitientes
445 2556 541 2611 sciebat;
569 2558 628 2602 unde
656 2572 743 2617 asperas
770 2558 917 2603 correctiones

151 2628 243 2683 evitans,
252 2625 290 2671 ubi
301 2639 347 2668 ηοη
358 2622 445 2668 videret
457 2619 580 2681 periculum
591 2620 693 2682 parcebat
704 2621 774 2683 virge,
782 2630 808 2666 ut
819 2633 917 2683 parceret

151 2692 231 2737 anime.
273 2686 424 2748 Delinquendi
447 2685 561 2728 materiam
583 2686 705 2744 prevenire,
724 2701 764 2728 nec
783 2686 854 2730 sinere
872 2685 916 2731 labi

151 2771 210 2811 eum,
222 2754 261 2817 qui
273 2751 392 2799 difficulter
409 2747 532 2810 erigeretur
549 2748 630 2810 elysus,
642 2748 729 2810 prelati,
741 2748 779 2811 qui
796 2759 859 2811 pater
876 2759 916 2806 est,

152 2839 197 2868 non
208 2833 324 2882 tyrannus,
337 2813 455 2878 proprium
463 2830 509 2859 esse
525 2813 618 2860 dicebat.
653 2813 689 2859 Ut
705 2812 830 2861 miseranda
847 2815 917 2861 nostri
