1919 3169
101 105 132 149 40
318 88 476 134 areauna
495 88 650 150 Antiqua

101 203 192 233 rursus:
212 186 316 233 Multum
333 194 420 232 astutus
431 195 453 231 et
464 185 553 233 subtilis
564 184 648 248 ingenii
660 195 734 231 noster
746 195 779 232 est
793 184 870 231 inimi-

102 268 149 306 cus,
159 251 198 315 qui
210 268 261 296 cum
270 250 331 295 intus
342 249 365 294 in
375 249 448 294 anima
460 267 538 296 nocere
550 267 595 296 non
603 249 681 310 possit,
691 248 769 294 saltem
781 248 870 311 corpori

103 325 188 378 prestat
203 314 319 360 materiam
335 314 498 359 murmurandi.
532 313 634 359 Audiant
651 312 690 375 qui
706 312 814 374 pulvillos
830 311 871 357 sub

103 380 166 427 omni
182 379 249 426 latere
271 387 396 441 preparant,
413 388 439 424 ut
459 394 601 442 quecumque
623 378 710 433 cadant,
732 377 872 440 excipiantur

28 453 67 492 Fol.
76 444 128 502 38in
139 444 251 491 mollibus.
284 442 392 488 Libenter
404 443 506 506 sequitur
519 441 656 506 opulentiam
668 458 743 489 rerum
755 442 872 505 dyabolus,

104 511 167 555 lectis
178 508 279 570 pretiosis
290 507 374 569 gaudet
390 508 498 567 assistere,
509 508 625 570 presertim
641 507 680 552 ubi
693 507 809 552 necessitas
826 523 871 552 non

105 573 199 635 cogitet
212 570 323 633 professio
339 571 478 619 contradicit.
513 573 562 618 Nec
575 572 650 617 minus
663 570 769 634 antiquus
781 586 872 632 serpens

105 637 193 684 nudum
204 635 319 683 hominem
327 633 396 699 fugit,
403 637 451 684 sive
461 653 567 699 spernens
578 634 751 683 contubernium
762 634 873 698 pauperiS,

104 704 151 749 sive
172 718 255 765 pavens
281 701 425 748 altitudinem
451 703 595 765 paupertatis.
639 701 660 746 Si
682 701 783 747 attendat
804 700 872 747 frater

105 768 188 829 plumis
200 766 288 814 subesse
301 765 431 827 dyabolum,
443 776 575 813 contentum
588 766 631 812 erit
642 765 704 826 palea
715 765 787 827 capud
797 782 872 812 suum.

298 915 332 956 De
345 914 457 966 exemplis
471 917 551 957 contra
564 916 682 967 pecuniam

75 1022 102 1061 [Ε]
154 983 270 1065 Verum
280 1030 422 1075 summopere
432 1016 516 1061 amicus
527 1016 563 1062 dci
575 1026 660 1072 cuncta,
668 1033 712 1078 que
723 1028 776 1063 sunt
786 1016 873 1071 mundi,

106 1080 235 1142 despiciens,
246 1096 314 1141 super
325 1079 401 1125 omnia
414 1089 488 1125 tamen
503 1079 648 1127 execrabatur
659 1081 783 1142 pecuniam.
817 1080 874 1127 lnde

106 1145 175 1203 illam,
192 1161 204 1190 a
221 1143 332 1207 principio
350 1159 389 1188 sue
406 1144 568 1199 conversionis,
584 1144 689 1205 precipue
705 1145 834 1206 villipendit
851 1154 874 1188 et

106 1217 220 1272 tamquam
242 1208 315 1268 ipsum
342 1206 463 1268 dyabolum
491 1223 513 1253 se
539 1208 684 1270 sequentibus
706 1224 794 1270 semper
816 1208 874 1253 inuit

106 1272 255 1336 fugiendam:
274 1271 313 1317 hec
328 1269 355 1315 ab
370 1271 419 1333 ipso
433 1282 480 1317 erat
495 1271 585 1317 solertia
600 1272 652 1318 data
668 1272 729 1319 suis:
748 1283 774 1320 ut
790 1283 874 1319 stercus

107 1349 129 1385 et
139 1338 257 1401 pecuniam
268 1355 314 1382 uno
325 1337 408 1382 amoris
418 1338 492 1398 pretio
503 1338 659 1400 ponderarent.

155 1402 246 1449 Accidit
256 1418 310 1463 ergo
322 1401 358 1447 die
371 1402 475 1462 quadam,
488 1413 514 1449 ut
530 1401 635 1449 secularis
651 1403 744 1464 quidam
760 1403 874 1449 ecclesiam

108 1477 182 1512 sancte
203 1465 278 1512 Marie
300 1465 328 1510 de
350 1464 492 1525 portiuncula
511 1476 614 1511 oraturus
633 1466 733 1522 intraret,
751 1468 791 1528 qui
811 1482 875 1512 causa

108 1530 235 1587 oblationis,
255 1527 372 1590 pecuniam
400 1528 505 1590 deposuit
529 1530 590 1575 iuxta
614 1547 709 1587 crucem,
734 1547 809 1593 quarn,
835 1530 875 1576 illo

108 1595 231 1652 recedente,
249 1594 318 1640 frater
336 1609 394 1638 unus
414 1610 453 1639 sua
471 1610 539 1640 manu
558 1594 690 1657 contingens
709 1596 732 1640 in
753 1595 874 1642 fenestram

108 1660 209 1724 proiecit.
242 1658 349 1706 Pervenit
366 1658 393 1705 ad
410 1669 512 1705 sanctum
524 1658 586 1722 quod
597 1658 679 1707 fecerat
693 1658 777 1717 frater3
795 1660 875 1723 depre-

108 1728 203 1771 hensum
214 1723 251 1769 ille
261 1740 285 1768 se
295 1723 382 1778 videns,
395 1723 464 1767 currit
481 1724 509 1768 ad
525 1725 613 1769 veniam
629 1734 652 1768 et
668 1725 738 1769 humo
749 1734 875 1784 prostratus

109 1806 131 1838 se
138 1789 205 1838 offert
211 1787 239 1836 ad
247 1785 344 1835 verbera.
378 1785 463 1849 Arguit
470 1786 535 1834 illum
545 1797 633 1834 sanctus
644 1797 667 1834 et
678 1787 705 1835 de
714 1788 807 1851 pecunia
818 1798 876 1836 tacta

109 1854 226 1903 durissime
240 1853 347 1914 increpat,
358 1851 420 1897 iubet
431 1868 491 1910 eum,
500 1869 539 1898 ore
549 1852 647 1915 proprio,
658 1853 686 1899 de
696 1852 793 1899 fenestra
802 1854 876 1900 levare

109 1919 226 1984 pecuniam
243 1927 266 1964 et
283 1927 344 1964 extra
361 1926 423 1977 septa
439 1916 482 1962 loci
500 1917 577 1979 ipsam,
591 1933 630 1964 ore
648 1933 696 1974 suo,
710 1934 777 1980 super
793 1929 876 1965 stercus

109 2001 192 2048 ponere
202 1983 327 2038 asininum3
342 1980 441 2045 dumque
450 1981 529 2043 implet
539 1983 625 2029 iussum
632 1981 699 2029 frater
710 1982 747 2029 ille
755 1993 874 2047 gratanter,

109 2051 179 2096 timor
197 2048 269 2109 replet
288 2046 428 2091 audientium
448 2047 515 2090 corda
533 2057 671 2093 cunctorum.
706 2048 877 2109 Contempnunt

110 2129 194 2169 omnes,
206 2110 277 2174 magis
293 2110 321 2156 de
338 2119 418 2164 cetero,
430 2109 461 2153 sic
477 2110 567 2156 stercori
584 2120 737 2172 comparatum
750 2112 811 2158 etad
823 2128 877 2157 con-

110 2188 224 2242 temptum
235 2177 283 2222 eius
294 2174 359 2222 novis
369 2174 476 2237 exemplis
487 2175 580 2223 cottidie
590 2175 725 2223 animantur.

62 2322 107 2363 [e-J]
156 2289 307 2382 Pergentes
333 2319 470 2381 quandoque
494 2319 594 2374 insimul,
611 2319 658 2364 duo
677 2319 765 2376 fratres,
788 2321 877 2367 cuidam

113 2385 217 2447 hospitali
228 2385 369 2446 leprosorum
380 2383 543 2443 approximant,
552 2384 667 2444 reperiunt
675 2384 698 2428 in
706 2384 743 2429 via
754 2385 877 2440 denarium,

72 2508 74 2510 Ι
113 2467 215 2515 gressum
234 2449 315 2513 figunt,
333 2446 459 2510 disceptant
475 2447 531 2511 quid
547 2448 575 2494 de
594 2457 691 2494 stercore
710 2447 739 2493 sit
757 2448 877 2512 agendum.

113 2517 199 2561 Tentat
220 2530 279 2561 unus
297 2528 385 2570 eorum,
396 2512 479 2569 ridens,
495 2513 651 2558 conscientiam
670 2513 745 2559 fratris
763 2515 877 2559 denarium

113 2580 199 2635 tollere,
210 2578 303 2639 leprosis
313 2577 407 2639 pecunie
417 2576 508 2622 famulis
521 2577 668 2623 offerendum.
703 2578 810 2624 Prohibet
826 2594 878 2623 eum

111 2644 185 2690 sotius
196 2653 222 2688 ut
232 2641 286 2687 falsa
296 2642 379 2702 pietate
390 2641 519 2700 deceptum,
531 2641 644 2686 inculcans
655 2641 772 2687 temerario
783 2642 878 2687 verbum

112 2707 196 2770 regule,
208 2722 255 2768 quo
266 2706 318 2752 satis
329 2705 412 2759 elucet,
423 2703 490 2751 velud
501 2705 619 2766 pulverem
631 2706 749 2751 inventum
760 2706 878 2752 denarium

113 2770 237 2820 conculcari
256 2769 343 2817 debere.
379 2767 474 2816 lndurat
493 2769 529 2815 ille
548 2780 646 2816 mentem
665 2769 693 2815 ad
713 2770 806 2827 monita,
826 2788 878 2817 narn

113 2854 200 2900 semper
229 2851 256 2880 ex
284 2851 346 2881 more
374 2835 430 2881 dure
460 2834 551 2880 cervicis
576 2833 628 2891 fuit,
656 2835 741 2897 spernit
771 2836 878 2899 regulam,
