1919 3169
141 110 184 141 100
360 92 519 139 LEGENDA
536 93 693 153 numqua

137 194 247 259 generale,
275 203 301 240 ut
327 210 411 252 omnes,
439 195 479 257 qui
512 204 613 257 possunt,
641 192 755 238 frumenta
780 203 803 239 et
833 208 901 255 grana

60 276 178 324 Folquer
199 259 245 305 vias
266 258 398 320 prohiciant,
420 268 446 304 ut
468 259 504 305 die
523 268 584 305 tante
603 257 765 318 solempnitatis
786 256 902 305 abundent

139 323 232 378 avicuIe,
243 322 347 383 precipue
358 337 445 367 sorores
461 322 546 368 alaude.
578 321 719 381 Paupercula
735 322 801 383 virgo
818 331 903 383 quanta

140 386 179 435 illo
189 387 225 433 die
236 384 305 432 fuerit
316 385 468 432 circumventa
478 385 577 449 penuria,
589 402 633 431 non
646 385 693 431 sine
709 385 811 447 lacrymis
821 384 881 430 recol
895 413 902 420 -

141 452 179 498 bat
190 468 196 507 ;
213 450 298 497 sedenti
309 466 406 513 namque
417 451 445 497 ad
456 452 575 512 prandium
586 450 622 496 die
635 449 732 512 quadam
749 460 903 512 paupertatem

142 517 205 562 beate
215 514 307 577 virginis
318 526 480 562 commemorat
490 515 583 578 quidam
594 514 662 561 frater
673 524 696 560 et
707 514 782 561 christi
799 514 837 579 filij
857 515 904 561 eius

142 580 240 641 inopiam
259 579 366 639 replicat3
392 580 496 641 protinus
515 580 588 642 surgit
606 596 619 623 a
637 595 718 633 mensa,
738 579 852 642 singultus
870 580 905 623 in-

141 644 240 706 geminat
252 642 368 690 dolorosos
379 654 402 690 et
412 642 508 705 perfusis
518 643 621 707 lacrymis
631 658 699 705 supra
712 643 796 690 nudam
807 643 905 690 humum

142 708 255 772 reliquum
270 725 350 770 panem
367 709 495 756 manducat.
529 709 584 755 Inde
606 709 662 754 hanc
679 709 788 755 virtutem
805 708 906 771 reginam

143 790 190 820 esse
201 772 293 829 dicebat,
303 790 347 836 que
358 774 381 819 in
392 789 445 836 rege
455 785 477 820 et
485 775 562 837 regina
569 784 616 819 tam
624 774 775 835 preminenter
783 773 907 828 effulserit3

144 856 197 884 nam
207 848 230 883 et
240 837 418 884 consultantibus
429 840 452 884 in
464 839 563 884 conclavi
576 837 681 884 fratribus
693 855 737 900 que
747 838 822 885 virtus
838 838 908 899 magis

144 903 241 948 amicum
252 901 356 947 redderet
366 901 457 958 christo,
469 903 532 964 quasi
543 912 653 948 secretum
669 903 704 948 sui
720 903 792 948 cordis
810 903 909 964 aperiens

144 965 308 1028 respondebat;
336 966 495 1028 Paupertatem
522 967 617 1022 noveris,
646 965 684 1022 fili,
705 967 822 1028 specialem
851 967 909 1013 viam

145 1031 230 1090 salutis,
241 1030 305 1076 cuius
316 1041 349 1076 est
360 1029 448 1077 fructus
459 1030 579 1092 multiplex
588 1042 611 1076 et
622 1030 698 1092 paucis
709 1031 845 1077 notissimus.

53 1163 143 1206 [unnuJ]
192 1125 341 1218 Elagrabat
351 1171 404 1217 erga
414 1166 577 1201 sacramentum
588 1157 694 1201 dominici
709 1159 808 1218 corporis
823 1157 911 1203 fervore

147 1223 251 1270 omnium
259 1219 417 1275 medullarum,
427 1229 520 1282 stupore
528 1219 666 1281 permaximo
675 1220 815 1267 considerans
824 1221 911 1268 charam

148 1288 208 1334 illam
228 1286 383 1349 dignationem
402 1294 425 1329 et
444 1284 637 1347 dignantissimam
655 1285 775 1331 caritatem.
816 1287 912 1332 Missam

148 1354 185 1401 vel
207 1351 297 1399 unicam
319 1366 364 1397 non
386 1349 463 1396 audire
483 1348 581 1406 cottidie,
601 1350 619 1395 si
638 1360 732 1407 vacaret,
752 1367 797 1397 non
817 1368 912 1414 parvum

149 1416 266 1480 reputabat
277 1424 434 1476 contemptum
445 1430 451 1469 ;
469 1430 520 1476 sepe
531 1414 709 1460 communicabat
720 1425 742 1461 et
760 1425 806 1461 tam
824 1416 913 1472 devote,

150 1493 176 1528 ut
195 1482 249 1528 alios
268 1479 364 1525 devotos
382 1478 493 1535 efficeret3
521 1478 669 1525 reverendum
691 1479 751 1524 enim
773 1480 830 1527 illud
852 1482 913 1527 omni

150 1544 273 1592 reverentia
299 1559 444 1605 prosequens,
473 1541 627 1589 membrorum
655 1543 757 1589 omnium
785 1544 914 1591 sacrifitium

151 1609 257 1656 offerebat
275 1615 297 1651 et
314 1622 400 1668 agnum
419 1606 558 1651 immolatam
577 1607 690 1667 recipiens,
708 1607 747 1652 illo
764 1608 823 1669 igne,
835 1610 874 1671 qui
892 1609 914 1654 in

151 1675 214 1721 altari
232 1672 306 1718 cordis
322 1687 410 1732 semper
427 1670 525 1727 ardebat,
542 1671 647 1733 spiritum
665 1670 801 1718 immolabat.

199 1736 313 1799 Diligebat
325 1746 442 1798 propterea
452 1734 558 1781 franciam
570 1745 596 1781 ut
607 1736 699 1781 amicam
711 1739 810 1798 corporis
821 1738 914 1793 domini,

152 1814 220 1866 atque
239 1803 262 1847 in
281 1818 306 1847 ea
324 1801 382 1846 mori
401 1811 494 1861 propter
511 1816 624 1845 sacrorum
641 1802 789 1847 reverentiam
806 1803 915 1863 cupiebat.

153 1867 232 1913 Voluit
243 1865 380 1927 quandoque
391 1865 481 1909 mittere
492 1863 571 1909 fratres
582 1879 621 1925 per
632 1865 746 1911 mundum
754 1881 807 1912 cum
815 1867 918 1928 pretiosis

153 1929 279 1995 pissidibus,
298 1939 324 1977 ut
342 1928 480 1991 ubicumque
499 1928 627 1974 indecenter
646 1929 746 1975 locatum
765 1932 864 1993 pretium
883 1946 918 1977 re-

153 1996 288 2058 demptionis
309 1995 452 2040 adverterent
478 1994 714 2054 optimoreconderent
735 1995 792 2042 loco.
844 1997 917 2043 Sacer-

153 2061 266 2108 dotalibus
283 2059 393 2115 manibuS,
411 2057 494 2120 quibus
510 2058 538 2104 de
554 2059 602 2120 ipso
618 2058 756 2106 conficiendo
775 2071 821 2106 tam
843 2061 919 2108 divina

155 2126 233 2172 collata
243 2124 364 2170 auctoritas
374 2132 414 2177 est,
426 2138 530 2183 magnam
541 2122 630 2168 volebat
647 2125 794 2169 reverentiam
805 2126 902 2170 exhiberi
912 2141 918 2180 ς

155 2189 285 2252 frequenter
304 2187 405 2233 dicebat:
431 2186 453 2231 Si
469 2195 545 2232 sancto
561 2186 696 2248 cuicumque
713 2187 741 2233 de
757 2190 805 2235 celo
821 2190 920 2236 venienti

156 2265 179 2301 et
190 2251 327 2317 pauperculo
337 2250 403 2298 alicui
414 2250 522 2298 sacerdoti
533 2249 600 2298 simul
614 2267 650 2298 me
667 2250 807 2315 contingeret
823 2252 920 2310 obviare,

157 2318 296 2382 prevenirem
318 2317 404 2363 honore
426 2315 581 2378 presbyterum
604 2326 626 2362 et
648 2316 676 2362 ad
698 2334 777 2364 manus
798 2319 846 2365 eius
867 2320 921 2366 deo-

158 2383 289 2430 schulandas
300 2382 365 2428 citius
376 2396 411 2425 me
428 2380 553 2426 conferrem
564 2396 570 2437 ;
588 2381 684 2426 dicerem
701 2383 776 2428 enim:
794 2383 824 2441 Ο,
836 2395 923 2447 especta

159 2466 201 2506 me,
229 2456 302 2493 sancte
329 2445 445 2501 Laurenti,
474 2444 527 2508 quia
553 2461 633 2491 manus
660 2445 727 2491 huius
754 2446 849 2494 verbum
876 2449 922 2494 vite

159 2522 298 2559 contrectant
315 2522 337 2554 et
354 2509 414 2554 ultra
430 2510 555 2555 humanum
572 2509 656 2571 aliquid
673 2511 794 2569 possident.

87 2653 157 2695 [Du-V]
206 2607 318 2693 Divino
331 2635 403 2684 cultui
417 2652 440 2681 se
457 2635 629 2683 devotissimum
646 2635 750 2683 exhibens
768 2637 811 2684 deo
828 2638 924 2688 dilectus

161 2708 238 2760 homo,
250 2705 281 2750 nil
290 2703 353 2766 quod
364 2701 400 2747 dei
411 2711 451 2757 est,
463 2701 603 2763 relinquebat
610 2718 649 2762 per
656 2703 765 2748 incuriam
772 2704 795 2748 in
803 2704 924 2752 honorum.

161 2772 222 2817 Cum
229 2777 286 2814 esset
297 2767 358 2828 apud
369 2775 471 2810 montem
480 2765 572 2809 casalem
581 2766 604 2810 in
613 2765 727 2826 provincia
736 2767 819 2825 Massa,
829 2771 927 2830 precepit

162 2832 277 2890 fratribus,
291 2841 316 2877 ut
328 2828 355 2875 de
367 2827 464 2891 quadam
475 2828 565 2876 ecclesia
576 2828 603 2875 ab
617 2829 722 2877 omnibus
738 2830 842 2878 derelicta
858 2849 927 2881 sacras
