1919 3169
257 63 419 111 LEGENDA
435 63 594 123 ANTIQUA
779 77 807 125 ας

91 160 127 204 De
137 161 212 205 tunica
222 159 258 205 hic
268 175 328 206 unus
339 158 391 204 fecit
401 158 499 204 tunicam
510 173 600 219 parvam
611 157 684 204 ferens
695 159 809 219 caputium

44 223 120 271 tunice
130 240 176 270 non
193 234 312 272 consutum
329 233 351 270 et
368 222 398 269 sic
415 239 454 287 per
470 233 540 270 terras
556 221 601 269 ibat
620 222 643 269 in
662 222 768 271 omnibus
787 238 885 286 seF0L24

44 299 213 351 contempnens.
255 291 351 335 Factum
373 298 406 333 est
423 298 505 345 autem,
523 288 579 333 dum
599 288 629 333 sic
646 288 696 345 iret,
712 299 738 333 ut
757 305 810 334 mox

45 353 120 400 divina
149 353 300 400 consolatione
330 351 450 407 subtracta,
476 351 605 413 procellosis
635 352 810 415 tenptationibus

45 416 171 465 fluctuaret,
206 419 351 465 Intraverunt
361 433 419 479 aque
430 433 502 479 usque
516 416 544 462 ad
560 417 657 463 animam
673 427 696 464 et
712 427 810 481 utroque

45 482 136 527 homine
157 484 188 528 sic
209 483 308 528 desolato
329 482 413 526 incedit
433 482 503 527 velud
529 481 583 535 avis,
605 498 650 543 que
671 482 762 526 festinat
783 483 810 526 ad

45 544 159 607 laqueum.
192 546 285 608 Iamque
306 544 374 589 velud
396 545 452 589 circa
472 544 603 605 voraginem
625 544 648 588 in
667 545 810 607 precipitium

45 609 162 667 ferebatur,
173 626 225 658 cum
236 620 327 672 paterne
338 608 478 671 providentie
487 610 566 655 oculus
576 609 685 655 miserum
696 609 811 656 miseratus

46 675 142 737 respexit
155 676 178 721 in
189 675 266 732 bon0;
283 675 400 722 vexatione
417 673 527 736 siquidem
543 673 679 720 intellectum
696 675 811 737 recipiens

45 740 137 786 tandem
154 740 182 786 ad
200 757 223 785 se
240 756 348 794 reversus,
366 739 397 784 sic
414 739 454 785 ait:
471 739 599 793 Revertere,
613 756 627 783 o
644 739 718 794 miser,
732 740 760 785 ad
777 757 811 785 re-

45 801 159 867 ligionem,
171 802 279 867 quoniam
294 800 325 847 ibi
342 811 375 848 est
392 800 450 848 salus
466 811 510 848 tua.
541 801 596 847 Non
613 801 695 859 differt,
708 803 811 865 protinus

47 869 127 930 surgit,
143 878 248 930 properat
264 868 292 913 ad
308 868 421 929 gremium
438 868 522 913 matris.
556 866 616 912 Cum
632 877 708 913 autem
724 869 811 914 veniret

46 931 115 978 frater
131 933 159 979 ad
175 933 250 978 locum
267 931 370 990 fratrum,
390 932 414 976 in
433 948 480 995 quo
499 940 545 977 erat
563 941 651 978 sanctus
667 931 811 989 francischus,

47 997 131 1043 mirum
147 997 219 1044 certe!
252 997 312 1042 Mox
328 1007 354 1042 ut
369 996 428 1042 vidit
441 995 506 1041 illum
522 1006 619 1052 sanctus,
630 995 732 1058 profugit
746 996 774 1043 ab
785 1014 812 1043 eo

47 1070 70 1106 et
86 1062 109 1106 in
124 1061 178 1107 cella
193 1070 259 1121 raptu
276 1074 371 1121 propero
386 1074 408 1104 se
423 1058 522 1105 reclusit.

95 1124 210 1171 Commoti
220 1123 300 1169 fratres
310 1134 484 1185 percunctantur
500 1123 615 1170 materiam
626 1122 728 1186 fugiendi
738 1140 744 1180 ;
761 1126 812 1187 qui-

47 1187 90 1235 bus
101 1198 201 1236 sanctus:
222 1189 269 1234 Cur
277 1188 389 1234 miramini
397 1187 475 1249 fugam
483 1188 522 1249 qui
531 1203 577 1233 non
585 1188 700 1234 advertitis
709 1189 812 1236 causam?

47 1253 86 1299 Ad
108 1253 214 1299 orationis
235 1251 328 1314 confugi
348 1252 479 1313 presidium,
501 1262 527 1297 ut
547 1250 662 1297 liberarem
685 1268 811 1299 erroneum.

47 1317 101 1364 Vidi
115 1317 139 1363 in
147 1317 193 1364 filio
209 1317 272 1379 quod
288 1316 336 1362 iure
353 1316 481 1379 displicuit;
497 1315 537 1362 sed
553 1316 662 1372 ecceiam
679 1316 755 1363 christi
768 1317 812 1363 mei

47 1383 125 1443 gratia,
137 1382 224 1428 delusio
240 1381 313 1427 omnis
324 1381 432 1427 discessit.
466 1380 541 1426 Flexit
558 1397 581 1426 se
598 1382 620 1426 in
638 1381 734 1442 genibus
744 1382 813 1428 frater

48 1456 70 1489 et
92 1461 143 1490 cum
165 1446 289 1490 reverentia
310 1443 442 1506 culpabilem
464 1445 599 1490 reclamavit.
643 1445 686 1489 Cui
706 1455 810 1492 sanctus:

48 1509 168 1571 indulgeat
178 1508 219 1554 tibi
228 1508 339 1563 dominus,
352 1507 420 1553 frater
430 1524 436 1564 3
454 1508 493 1553 sed
504 1524 579 1553 caveas
591 1508 619 1553 de
635 1518 716 1564 ceter0,
728 1526 755 1554 ne
772 1508 814 1555 sub

48 1575 119 1635 specie
130 1573 251 1621 sanctitatis
262 1591 274 1619 a
285 1582 323 1619 tua
331 1572 439 1635 religione
449 1582 471 1618 et
481 1571 588 1619 fratribus
595 1574 708 1634 separeris.
735 1575 815 1621 Factus

49 1650 82 1686 est
93 1639 188 1701 proinde
199 1639 272 1685 dictus
283 1637 351 1685 frater
368 1637 547 1700 congregationis
557 1647 580 1683 et
596 1638 707 1684 societatis
723 1640 814 1695 amicus,

49 1703 92 1748 illis
111 1704 207 1748 maxime
226 1704 323 1748 devotus
343 1702 448 1764 collegiis,
468 1702 491 1746 in
509 1701 592 1763 quibus
613 1703 720 1764 regularis
739 1703 814 1749 obser-

48 1767 109 1812 vatio
125 1766 196 1828 magis
212 1767 281 1827 viget.

97 1831 119 1877 Ο
138 1848 225 1894 magna,
236 1831 260 1877 in
275 1828 370 1877 consilio
386 1829 498 1877 iustorum
515 1839 537 1876 et
555 1832 736 1894 congregatione,
748 1849 815 1895 opera

49 1897 147 1944 domini!
172 1897 199 1942 In
216 1913 241 1942 ea
257 1896 367 1959 siquidem
379 1895 451 1942 vexati
468 1895 617 1955 continentur,
633 1896 679 1943 elisi
690 1897 814 1960 eriguntur,

49 1961 119 2020 tepidi
141 1971 298 2020 provocantur,
318 1960 341 2005 in
363 1976 388 2005 ea
407 1959 492 2005 ferrum
514 1959 574 2005 ferro
593 1962 679 2006 acuitur
703 1972 725 2006 et
746 1962 814 2006 frater

49 2022 118 2068 fratre
129 2022 228 2082 adiutus,
239 2022 302 2086 quasi
313 2022 377 2067 firma
388 2022 465 2067 civitas
475 2021 585 2068 stabilitur
596 2033 618 2069 et
630 2023 688 2081 licet,
700 2040 739 2085 pre
750 2022 815 2071 turba

49 2088 142 2134 seculari
163 2089 238 2134 lesum
255 2087 332 2134 videre
350 2102 397 2132 non
415 2087 493 2149 possis,
511 2087 603 2133 minime
625 2097 699 2135 tamen
720 2089 816 2151 impedit

49 2152 148 2216 angelica
158 2150 223 2199 turba
233 2152 337 2199 celorum.
371 2151 472 2198 Tantum
484 2168 511 2197 ne
522 2150 594 2214 fugias
611 2162 634 2199 et
650 2154 695 2200 vite
709 2170 815 2201 coronam

49 2218 120 2264 fidelis
131 2234 203 2280 usque
214 2217 241 2262 ad
252 2226 348 2262 mortem
359 2216 459 2277 accipito.

98 2282 170 2326 Paulo
200 2292 250 2341 post
280 2297 325 2324 non
352 2280 450 2324 multum
478 2281 585 2325 dissimile
611 2282 634 2324 in
662 2283 705 2325 alio
732 2285 814 2328 evenit.

50 2345 120 2392 Unus
130 2344 210 2408 aliquis
221 2361 248 2391 ex
258 2343 363 2390 fratribus
375 2359 421 2388 non
434 2359 457 2389 se
467 2344 549 2390 vicario
567 2345 634 2391 sancti
650 2345 765 2405 subdebat,
777 2348 815 2393 sed

51 2410 171 2474 quemdam
188 2409 256 2456 alium
271 2408 364 2455 fratrem
386 2407 521 2471 sequebatur
542 2419 568 2454 ut
587 2411 704 2472 proprium
723 2428 815 2474 precep-

50 2485 129 2521 torem.
175 2475 280 2520 Monitus
301 2483 375 2519 autem
396 2489 436 2534 per
457 2474 622 2520 internuntium
642 2491 654 2519 a
673 2486 756 2532 sancto,
776 2477 815 2538 qui

51 2555 141 2598 presens
157 2549 212 2592 erat,
224 2537 341 2582 confestim
352 2537 381 2581 ad
397 2537 465 2596 pedes
476 2537 551 2582 vicarii
563 2554 586 2581 se
597 2538 689 2598 proiecit
703 2549 725 2583 et
742 2541 815 2599 primo

50 2611 180 2662 preceptore
201 2611 338 2662 contempto,
360 2598 392 2643 illi
414 2599 562 2661 obtemperat,
585 2616 652 2662 quern
674 2601 706 2646 illi
728 2612 816 2648 sanetus

51 2665 168 2724 constituit
187 2666 210 2711 in
229 2665 345 2728 prelatum.
379 2663 473 2710 Sanctus
490 2674 566 2711 autem
587 2680 615 2711 ex
633 2664 679 2711 alto
694 2666 816 2728 suspirium

52 2732 118 2777 traxit
138 2741 160 2776 et
179 2731 239 2776 sotio
257 2746 306 2788 suo,
323 2743 390 2791 quem
409 2744 450 2789 pro
470 2728 612 2775 internuntio
629 2729 726 2789 miserat,
743 2732 814 2778 dixit:

50 2793 112 2852 Vidi,
132 2793 207 2851 frater,
226 2793 348 2855 dyabolum
370 2806 435 2852 super
456 2790 531 2839 fratris
552 2792 701 2841 inobedientis
723 2795 815 2841 dorsum
