1919 3169
320 106 503 152 minaeum
747 120 788 168 155

29 205 51 250 in
70 219 116 265 quo
133 218 172 262 per
189 202 236 247 dies
252 212 304 246 octo
320 202 401 247 morati
419 212 479 247 sunt.
524 202 597 246 Nocte
613 201 683 262 igitur
699 203 795 265 quadarn

32 269 109 311 beatus
125 266 256 309 Franciscus
273 266 312 308 uni
328 264 424 309 fratrum
435 266 525 310 illorum
538 266 561 309 in
578 266 677 323 sompnis
693 266 795 325 apparuit

32 330 123 378 dicens:
142 329 221 391 Surge,
238 327 317 375 festina
328 346 381 374 cum
392 328 450 375 sotio
464 329 491 375 ad
505 328 600 375 domum
615 327 709 390 hospitis
719 329 795 386 vestri,

33 396 73 459 qui
84 411 120 439 me
130 394 249 439 honoravit
261 394 283 438 in
297 394 361 439 vobis
372 404 394 439 et
405 405 497 456 propter
511 411 547 439 me
558 393 623 440 vobis
640 403 675 439 tot
686 395 798 455 impendit

33 459 139 520 obsequia
156 459 251 519 pietatis.
285 460 410 518 Rependite
428 459 522 520 gratiam
539 459 688 519 susceptionis
702 460 797 504 iocunde

33 534 55 569 et
66 524 174 567 honorem
185 523 272 568 reddite
283 522 410 566 honoranti.
439 523 509 568 Cecus
520 533 552 568 est
564 524 624 567 enim
635 532 658 567 et
669 538 715 567 non
727 523 797 579 videt,

33 601 55 635 et
72 588 113 633 hec
129 603 175 644 sua,
195 603 238 651 que
260 587 362 633 nondum
384 586 497 633 confessus
519 599 559 644 est,
580 603 680 633 meruere
702 597 797 651 peccata.

33 655 159 714 Expectant
181 668 233 698 eum
255 652 346 698 tenebre
367 653 445 698 mortis
462 662 537 698 eterne
555 663 577 698 et
599 654 709 699 cruciatus
728 653 798 698 inter-

34 717 149 764 minabiles
170 718 327 776 prestolantur.
361 717 400 762 Ad
418 717 460 761 hoc
481 717 542 761 enim
563 718 638 777 ipsum
659 717 730 779 ligant
752 734 798 762 non

34 782 106 828 adhuc
116 781 196 824 reiecta
207 781 293 825 delicta.
321 780 455 841 Disparente
463 791 533 842 patre,
541 780 598 825 filius
607 781 680 842 surgit
688 781 798 826 attonitus

34 857 56 893 et
68 846 199 891 mandatum
210 861 261 891 cum
273 845 331 890 sotio
347 845 442 891 festinus
456 846 572 906 adimplet.
605 846 760 892 Revertuntur
770 846 798 891 ad

34 912 145 974 hospitem
162 908 228 955 ambo
244 911 327 971 pariter
342 910 430 965 fratres
448 921 538 955 narrant
556 911 620 955 alteri
637 927 681 973 que
696 912 799 958 viderant

35 986 114 1021 cuncta
121 991 160 1035 per
169 976 278 1020 ordinem.
296 976 374 1034 Stupet
381 976 415 1019 vir
424 975 460 1019 ille
467 992 512 1019 non
519 976 749 1030 modicum,universa
755 993 798 1036 que

34 1040 120 1087 audivit
128 1054 179 1085 vera
185 1054 231 1084 esse
239 1038 378 1084 confirmans.
399 1038 568 1100 Compungitur
575 1039 602 1084 ad
612 1038 698 1095 fletum,
707 1040 798 1085 confite-

36 1117 73 1151 tur
87 1104 164 1159 libens,
177 1104 339 1149 correctionem
353 1104 475 1165 promictit.
509 1103 613 1148 Interiori
624 1104 715 1149 homine
725 1103 799 1149 taliter

35 1180 150 1225 renovato,
162 1170 236 1214 statim
248 1169 344 1214 exterior
351 1170 428 1214 lumen
443 1170 521 1229 recipit
532 1169 656 1214 oculorum.
690 1169 798 1215 Miraculi

36 1235 103 1279 huius
119 1233 253 1294 magnitudo
267 1234 440 1294 circumquaque
456 1232 538 1277 diffusa
549 1249 626 1276 omnes
642 1234 758 1277 audientes
770 1233 798 1277 ad

36 1297 192 1357 hospitalitatis
203 1297 297 1356 gratiam
309 1297 423 1341 animavit.

83 1360 154 1422 Apud
169 1359 258 1406 Thebas
274 1360 297 1406 in
316 1359 425 1417 Romania
444 1358 524 1404 mulier
542 1375 597 1414 ceca,
613 1358 713 1420 vigiliam
729 1359 798 1406 sancti

37 1425 146 1477 Francisci
166 1425 188 1469 in
208 1442 263 1487 pane
282 1435 371 1470 tantum
390 1435 413 1469 et
431 1440 488 1487 aqua
509 1423 615 1479 ieiunans,
636 1424 663 1469 ad
685 1424 893 1482 ecclesiamFol.64'⁰

37 1491 132 1536 fratrum
148 1506 237 1535 summo
255 1507 319 1535 mane
335 1489 463 1535 festivitatis
481 1506 493 1533 a
509 1489 558 1533 viro
577 1505 618 1534 suo
635 1490 742 1549 perducta
758 1500 798 1535 est.

38 1555 97 1609 Que‚
109 1555 164 1599 dum
178 1554 243 1598 missa
257 1553 412 1607 celebraretur,
424 1553 447 1596 in
462 1553 584 1597 elevatione
600 1554 698 1612 corporis
715 1553 800 1597 Christi

38 1619 114 1665 oculos
130 1618 223 1680 aperuit,
247 1619 303 1664 clare
319 1617 383 1673 vidit,
406 1616 549 1664 devotissime
568 1616 676 1663 adoravit.
709 1617 736 1663 ln
754 1617 800 1679 ipsa

39 1701 90 1731 vero
107 1684 237 1730 adoratione
254 1700 308 1729 voce
318 1700 405 1744 'magna
422 1681 574 1742 proclamans:
597 1683 691 1739 Gratias,
712 1683 799 1744 inquid,

38 1751 88 1793 Deo
104 1758 127 1793 et
143 1758 219 1793 sancto
235 1749 290 1803 eius,
307 1748 360 1808 quia
376 1746 443 1791 video
459 1761 540 1805 corpus
557 1746 647 1790 Christi.
685 1747 799 1791 Omnibus

39 1813 77 1874 qui
95 1812 186 1858 aderant
204 1812 227 1857 in
246 1828 301 1858 vcce
320 1809 462 1856 exultationis
480 1810 598 1864 conversis,
615 1819 666 1870 post
684 1814 799 1856 sacrorum

38 1877 186 1938 expletionem
205 1892 292 1921 reversa
313 1884 346 1919 est
365 1875 446 1919 mulier
465 1874 487 1918 in
507 1874 601 1919 domum
620 1877 690 1930 suam,
709 1876 800 1936 propria

39 1942 87 1987 luce
108 1941 172 1988 duce.
215 1941 316 1986 Christus
333 1940 410 1985 lumen
427 1938 472 1983 fuit
489 1938 611 1993 Francisco,
633 1939 686 1984 dum
705 1939 800 1994 viveret,

40 2008 83 2062 cui,
94 2007 152 2051 sicut
165 2016 219 2050 tunc
232 2023 298 2050 omne
312 2020 379 2049 suum
394 2004 513 2048 mirificum
527 2004 650 2062 deputavit,
661 2005 692 2049 sic
705 2015 728 2049 et
741 2021 801 2049 nunc

40 2070 87 2115 eius
99 2069 187 2131 corpori
199 2086 288 2114 omnem
299 2068 394 2130 gloriam
406 2067 454 2112 dari
466 2067 534 2128 cupit.
757 2074 758 2078 ’

90 2135 116 2181 ln
124 2135 245 2196 Campania
253 2149 308 2196 puer
317 2133 409 2196 quidam
418 2131 464 2194 xiiij
473 2145 582 2176 annorum
591 2131 618 2177 de
628 2139 699 2177 castro
707 2132 800 2195 Pophis,

40 2199 112 2247 subita
128 2210 220 2247 vexatus
236 2199 346 2263 angustia,
362 2197 479 2244 sinistrum
498 2195 589 2242 oculum
605 2196 678 2241 amisit
697 2214 724 2242 ex
742 2209 799 2245 toto

40 2266 152 2311 Passionis
164 2266 270 2311 acerbitas
282 2266 312 2309 sic
324 2265 410 2310 deloco
422 2279 463 2308 suo
474 2261 574 2323 propulit
582 2261 681 2317 oculum,
691 2263 754 2325 quod
762 2279 801 2325 per

40 2340 91 2374 octo
102 2330 149 2375 dies
159 2340 222 2375 extra
232 2346 271 2389 per
282 2328 393 2390 quandam
405 2326 545 2371 carunculam
553 2325 649 2370 debilem
660 2327 801 2388 longitudine

40 2392 105 2454 digiti
119 2392 186 2438 unius
203 2392 337 2455 dependens,
351 2407 406 2452 pene
423 2390 497 2434 aridus
512 2398 545 2433 est
559 2388 657 2434 effectus.
691 2391 734 2435 Sed
750 2407 801 2436 cum

41 2458 86 2503 sola
102 2467 227 2519 superesset
241 2457 345 2504 abscissio
360 2466 382 2501 et
397 2472 409 2501 a
422 2453 564 2500 medentibus
576 2452 636 2498 foret
648 2455 737 2514 penitus
751 2456 801 2502 des-

41 2534 138 2581 paratus,
150 2533 212 2585 pater
221 2523 267 2569 eius
280 2522 308 2567 ad
319 2520 427 2566 auxilium
438 2519 496 2564 beati
511 2517 621 2562 Francisci
632 2528 681 2562 tota
694 2537 716 2564 se
728 2531 802 2565 mente

41 2588 158 2632 convertit.
200 2587 255 2632 Non
274 2585 346 2631 defuit
364 2585 400 2628 ille
418 2583 540 2629 indefessus
562 2582 695 2627 miserorum
713 2584 802 2629 adiutor

41 2650 301 2713 precibussupplicantis.
320 2644 802 2694 Oculumaridummirabilivirtutesuoloco

40 2717 139 2763 restituit
149 2733 155 2774 ;
173 2727 195 2763 et
206 2734 258 2763 cum
270 2716 341 2762 virore
350 2713 444 2776 pristino
452 2712 508 2758 lucis
517 2720 592 2773 optate
600 2711 666 2756 radiis
674 2711 801 2760 illustravit.

89 2783 116 2827 ln
124 2783 204 2836 eadem
215 2781 328 2842 provintia
339 2779 399 2839 apud
411 2779 518 2825 Castrum
531 2777 618 2837 lignum
630 2777 764 2823 immensum
776 2794 803 2822 ex

41 2844 86 2890 alto
93 2847 192 2905 proruit;
201 2857 223 2891 et
228 2846 342 2891 cuiusdam
349 2842 469 2888 sacerdotis
476 2841 547 2902 capud
554 2841 683 2901 gravissime
691 2858 801 2902 quassans,
