1919 3169
133 121 175 167 168
313 118 513 166 TRACTATUS
529 119 707 167 SECUNDUS

130 214 206 277 tetigit
223 225 245 260 et
262 213 355 260 sanavit.
389 214 477 260 Mulier
494 223 576 269 autem,
595 215 670 260 statim
687 215 776 261 rediens
794 216 896 275 domum,

131 282 238 326 cassatam
255 295 324 326 unam
340 278 437 341 propriis
454 278 555 325 manibus
566 278 688 326 letabunda
699 280 792 342 paravit,
804 296 897 345 eamque

133 344 217 391 obtulit
228 355 304 390 sancto
314 344 371 390 viro.
404 344 455 405 Ipse
466 360 521 391 vero
532 361 652 407 parumper
663 363 691 391 ex
702 363 726 390 ea
737 346 858 408 suscipiens
869 347 899 392 ob

133 411 276 455 devotionem
303 409 406 453 intimam
434 409 540 463 mulieris,
563 410 657 454 relicum
684 410 748 455 iussit
775 428 824 456 eam
846 428 897 457 cum

133 472 217 518 familia
232 471 373 518 manducare.

181 538 219 584 Ad
230 537 344 585 civitatem
360 537 481 582 Ortensem
492 536 614 599 aliquando
630 534 783 599 hospitaturus
799 538 900 595 advenit,

134 618 186 648 cum
197 618 252 662 puer
263 601 354 665 quidam
365 600 459 646 lacobus
470 602 568 656 nomine,
577 602 757 662 conglomeratus
768 603 807 647 diu
819 604 897 660 iacens,

135 682 209 712 coram
221 683 248 712 eo
259 666 377 712 sanitatem
394 682 439 711 una
455 681 506 710 cum
523 665 653 726 parentibus
664 666 780 728 expetebat
791 684 803 712 a
814 677 898 714 sancto.

134 731 250 776 Diuturna
262 746 358 792 namque
375 730 504 774 infirmitate
520 739 586 790 caput
602 728 697 791 genibus
713 731 817 791 portabat
828 733 899 793 appli-

135 795 204 841 citum
226 805 249 840 et
270 810 318 839 ossa
339 792 448 839 nonnulla
469 792 581 839 confracta
602 793 700 856 gerebat.
735 795 803 857 Signo
824 796 898 858 itaque

134 858 295 907 benedictionis
314 877 326 904 a
345 869 421 905 sancto
441 858 558 905 Francisco
577 870 687 921 suscepto,
708 859 731 905 in
751 860 842 907 instanti
860 861 899 908 de-

134 925 254 988 glomerari
266 924 325 986 cepit
336 933 359 969 et
370 923 468 986 perfecte
479 935 583 969 extensus
594 925 679 986 optime
689 924 796 971 liberatus
806 926 856 973 fuit.

182 990 249 1033 Alius
271 989 371 1032 eiusdem
393 989 467 1032 accola
486 988 589 1044 civitatis,
609 999 719 1033 strumam
736 991 764 1034 ad
784 990 899 1051 magnitu-

135 1054 211 1099 dinem
243 1053 319 1114 magni
345 1051 408 1112 panis
435 1052 495 1097 inter
521 1052 620 1112 scapulas
646 1068 734 1114 gerens,
761 1053 861 1114 signatus
888 1072 900 1099 a

135 1126 212 1162 sancto
238 1117 363 1174 Francisco‚
385 1116 416 1160 sic
436 1115 482 1161 fuit
506 1115 539 1162 dev
560 1115 636 1162 subito
662 1116 759 1180 plenarie
785 1116 899 1177 liberatus,

135 1193 161 1229 ut
176 1199 218 1229 nec
233 1183 353 1245 vestigium
369 1181 460 1244 aliquod
475 1192 606 1227 remaneret.
647 1194 648 1197 ’

182 1246 901 1310 lnhospitaliCivitatisCastellinotusomnibusiuvenispersep-

136 1322 182 1357 tem
189 1327 258 1356 annos
265 1319 398 1366 contractus,
406 1326 445 1370 per
451 1310 547 1355 humum
555 1311 617 1371 quasi
624 1310 693 1355 bestia
699 1327 721 1355 se
729 1312 834 1359 trahebat.
854 1313 900 1358 Pro

137 1393 182 1441 quo
191 1387 261 1422 mater
268 1386 345 1422 sancto
353 1373 471 1421 Francisco
477 1373 617 1438 frequentius
623 1375 758 1439 supplicavit
765 1387 791 1421 ut
798 1372 900 1440 reptilem

136 1443 207 1488 lilium
218 1442 303 1504 gressui
318 1450 436 1502 repararet.
471 1440 576 1503 Cumque
592 1450 673 1488 votum
689 1441 795 1487 emissum
811 1453 901 1489 sanctus

136 1506 248 1568 exciperet
258 1516 281 1552 et
292 1505 401 1568 precantis
412 1505 488 1550 matris
499 1506 597 1567 gemitus
614 1506 736 1561 exaudiret,
748 1507 824 1552 statim
835 1524 901 1553 mon-

137 1571 233 1616 struosis
243 1569 340 1616 vinculis
351 1569 462 1624 resolutis,
474 1569 570 1614 naturali
581 1570 681 1615 restituit
691 1571 764 1615 filium
775 1571 880 1617 libertati.

179 1634 298 1691 'Praxedis
320 1632 475 1695 religiosarum
500 1632 648 1679 famosissima
669 1634 693 1678 in
714 1634 770 1679 urbe
796 1651 820 1680 ac
848 1635 901 1680 orbe

138 1700 248 1757 Romano,
268 1715 312 1763 que
331 1715 343 1743 a
361 1697 443 1744 tenella
462 1694 555 1744 infantia
574 1714 612 1744 sua
631 1708 724 1761 propter
740 1698 811 1745 eterni
827 1701 901 1762 sponsi

136 1781 236 1812 amorem
256 1780 341 1811 carcere
360 1773 410 1810 arto
428 1779 451 1809 se
470 1779 509 1825 per
527 1771 565 1809 xi*
575 1763 619 1810 iam
636 1762 682 1810 fere
699 1781 768 1811 annos
778 1764 900 1823 abdiderat,

137 1831 197 1891 apud
208 1840 311 1875 sanetum
328 1828 472 1874 Franciscum
488 1826 645 1874 familiaritatis
661 1829 756 1890 gratiam
768 1832 902 1877 commeruit

137 1894 259 1956 specialem.
294 1893 354 1939 Nam
372 1891 434 1955 quod
452 1890 508 1937 nulli
525 1890 608 1937 femine
626 1892 688 1938 alteri
706 1891 766 1950 fecit,
780 1894 808 1940 ad
824 1894 902 1940 obedi-

138 1960 222 2005 entiam
239 1975 288 2005 eam
305 1958 408 2021 suscepit,
420 1957 457 2019 pia
474 1957 594 2004 devotione
611 1958 734 2005 concedens
751 1958 771 2004 ei
788 1959 903 2023 religionis

138 2024 247 2081 habitum,
268 2023 367 2069 tunicam
386 2022 492 2069 videlicet
510 2032 577 2084 atque
596 2023 693 2069 cordam.
728 2026 787 2070 Cum
806 2026 847 2070 hec
866 2026 902 2071 die

139 2088 236 2150 quadam
263 2102 305 2149 pro
331 2087 398 2131 rebus
425 2085 467 2130 sibi
489 2087 608 2147 oportunis
635 2087 742 2132 solarium
764 2105 802 2132 sue
824 2089 902 2134 cellule

138 2152 278 2210 ascendisset,
290 2149 422 2213 impulsione
439 2148 561 2207 fantastica,
573 2149 658 2197 crudeli
675 2167 726 2197 casu
742 2152 826 2198 corruit
837 2169 902 2215 super

139 2228 229 2273 terram,
241 2218 317 2279 sicque
327 2217 384 2277 pede
400 2216 490 2278 penitus
506 2232 558 2261 cum
575 2231 639 2262 crure
656 2216 777 2276 confracto,
789 2218 902 2279 insupera

140 2282 252 2345 positione
269 2297 309 2328 sua
326 2298 352 2326 ex
371 2291 421 2327 toto
439 2297 461 2326 se
481 2281 589 2327 humerus
608 2282 761 2343 sequestravit.
797 2283 902 2346 Cumque

140 2363 180 2409 per
207 2347 291 2392 multos
320 2361 390 2390 annos
419 2344 505 2406 elapsos
534 2346 691 2391 universorum
719 2348 786 2409 virgo
815 2349 902 2395 Christi

141 2413 255 2475 ignoraret
265 2420 373 2472 aspectus,
385 2418 407 2454 et
418 2425 505 2471 semper
513 2425 535 2454 se
546 2409 699 2472 ignoraturam
710 2410 803 2456 firmum
814 2412 904 2459 haberet

141 2477 290 2540 propositum,
309 2476 370 2539 quasi
388 2485 483 2523 truncus
499 2492 566 2537 super
584 2487 667 2523 terram
687 2476 759 2522 iacens
778 2486 800 2522 et
819 2477 904 2525 nullius

140 2542 239 2588 solamen
258 2541 387 2596 admictens,
405 2556 451 2601 quo
468 2556 491 2584 se
510 2550 607 2585 verteret
626 2540 743 2587 nesciebat.
778 2542 904 2588 Cuiusdam

140 2604 256 2651 cardinalis
277 2603 341 2649 iussu
362 2613 385 2649 et
405 2604 563 2665 religiosorum
590 2603 683 2649 consilio
706 2605 733 2649 ad
754 2604 904 2668 frangendum

140 2686 249 2717 carcerem
276 2668 404 2732 cogebatur,
426 2679 452 2714 ut
473 2667 566 2715 alicuius
593 2668 696 2732 religiose
722 2668 805 2716 femine
825 2671 905 2718 solatio

140 2736 258 2790 frueretur,
278 2734 357 2780 mortis
374 2733 498 2795 periculum
516 2750 603 2790 cavens,
621 2734 683 2795 quod
701 2750 740 2794 per
758 2735 866 2782 incuriam
882 2737 905 2783 et

141 2800 267 2864 neglectum
278 2798 375 2846 accidere
385 2798 502 2860 potuisset.
535 2798 585 2860 lpsa
604 2815 658 2844 vero
674 2799 716 2845 hoc
732 2798 804 2846 facere
815 2801 905 2864 penitus

140 2881 244 2921 renuens,
257 2864 331 2909 modis
341 2863 424 2927 quibus
434 2872 522 2929 poterat
532 2863 654 2921 resistebat,
667 2880 694 2907 ne
705 2864 740 2912 vel
751 2865 778 2910 ad
790 2867 905 2915 modicum
