1919 3169
260 139 459 186 TRACTATUS
477 140 648 186 SECUNDUS
801 154 830 186 21.

137 234 216 277 Simile
229 236 259 277 de
271 235 370 286 quodam
383 234 433 275 alio.
461 234 547 277 Contra
559 233 747 285 singularitatem.
834 235 901 276 [Α-ΧΧ]

118 305 218 392 Simile
234 338 334 401 quodam
350 336 429 382 accidit
445 337 474 383 de
490 336 533 383 alio
549 336 625 392 fratre,
638 335 728 381 nomine
744 334 834 381 Thoma

69 403 98 450 de
113 403 210 465 Spoleto.
240 402 352 448 Omnium
368 411 414 446 erat
430 400 458 446 de
473 401 522 462 ipso
538 412 561 447 et
577 417 629 447 sana
644 399 721 462 opinio
737 411 760 447 et
770 399 834 445 firma

68 469 177 512 sententia
195 465 336 520 sanctitatis;
356 464 384 509 de
402 481 448 527 quo
467 465 575 510 iudicium
592 464 661 509 sancti
678 464 754 525 patris,
771 463 834 525 quod

69 548 187 595 perversus
195 542 249 587 erat,
258 529 366 592 apostasia
374 528 464 576 tandem
473 528 581 591 probavit.
616 529 670 575 Non
679 528 718 575 diu
726 526 833 584 substitit,

69 597 122 660 quia
133 614 179 643 non
190 597 213 641 in
223 595 319 657 longum
330 604 444 656 permanet
455 594 533 640 fraude
544 594 631 658 quesita
641 594 721 641 virtus
754 593 833 639 Exivit

68 660 200 723 religionem
212 671 234 706 et
244 670 307 705 extra
318 675 366 705 eam
378 669 489 717 mortuus,
500 660 565 705 novit
575 659 644 704 modo
655 659 710 723 quid
720 658 802 704 fecerit.

107 769 227 866 qqurodo
236 768 297 820 apud
306 769 431 811 damiatum
441 769 614 812 christianorum
623 773 724 821 stragem
732 770 831 811 futuram
837 776 917 821 [ιλ-κη]

69 834 108 875 pre
125 835 173 865 rxr.

115 890 258 983 &empore
274 937 321 984 quo
341 921 460 968 damiatam
479 922 650 968 christianorum
668 924 778 968 exercitus
796 922 837 968 ob-

71 986 161 1040 sidebat,
175 986 250 1030 aderat
260 994 349 1031 sanctus
360 985 396 1030 dei
408 1001 459 1030 cum
470 985 532 1031 sotiis
543 986 589 1031 suis
599 999 605 1038 ;
622 986 733 1048 siquidem
748 984 836 1031 fervore

70 1049 172 1112 martyrii
183 1066 242 1095 mare
253 1048 391 1096 transierant.
425 1049 483 1095 Cum
494 1049 564 1112 igitur
577 1048 605 1096 ad
620 1050 679 1096 diem
696 1049 747 1096 belli
764 1050 835 1096 nostri

71 1124 201 1178 pararentur
226 1115 249 1159 in
273 1130 380 1177 pugnam,
402 1114 480 1160 audito
507 1115 557 1171 hoc,
579 1124 669 1160 sanctus
692 1115 836 1161 vehementer

71 1178 177 1236 indoluit,
194 1178 296 1240 dixitque
315 1179 373 1224 sotio
393 1194 449 1225 suo:
484 1179 506 1224 Si
525 1179 563 1224 tali
583 1178 619 1225 die
638 1194 770 1240 congressus
789 1179 834 1235 fiat,

71 1244 169 1288 ostendit
185 1243 240 1287 mihi
256 1242 369 1298 dominus,
381 1258 427 1287 non
439 1243 461 1287 in
472 1256 606 1304 prosperum
617 1243 695 1288 cedere
705 1242 836 1289 christianis.

71 1307 156 1352 Verum
178 1307 196 1351 si
217 1307 260 1352 hoc
279 1307 364 1364 dixero,
383 1306 460 1352 fatuus
481 1307 608 1368 reputabor,
627 1307 645 1352 si
664 1317 761 1365 tacuero,
782 1323 837 1353 con-

72 1372 185 1417 scientiam
196 1388 242 1417 non
253 1372 352 1418 evadam.
386 1371 448 1432 Quid
459 1388 514 1433 ergo
524 1371 565 1417 tibi
575 1371 679 1418 videtur?
712 1372 837 1434 Respondit

72 1436 145 1482 socius
153 1435 200 1482 eius
208 1436 282 1483 dicens
293 1455 297 1483 ε
315 1437 389 1492 Pater,
397 1452 439 1498 pro
446 1436 541 1482 minimo
548 1435 590 1482 tibi
599 1436 633 1492 sit,
643 1447 668 1483 ut
674 1435 701 1482 ab
708 1436 837 1483 hominibus

71 1500 180 1555 iudiceris,
192 1501 245 1561 quia
261 1516 306 1544 non
323 1501 393 1545 modo
410 1499 488 1560 incipis
501 1498 577 1544 fatuus
593 1500 698 1561 reputari.
731 1501 837 1545 Exonera

73 1563 228 1608 conscientiam
239 1573 301 1608 tuam
313 1573 335 1608 et
346 1563 414 1608 deum
425 1563 496 1624 magis
508 1562 570 1619 time,
582 1579 650 1626 quam
660 1563 770 1608 homines.

121 1627 192 1673 Exilit
210 1644 265 1691 ergo
283 1638 387 1683 sanctus;
407 1637 429 1673 et
447 1626 581 1674 salutaribus
599 1628 690 1674 monitis
707 1628 838 1675 christianos

73 1693 209 1753 aggreditur,
219 1692 340 1753 prohibens
351 1691 442 1749 bellum,
452 1693 585 1738 denuntians
596 1708 677 1738 casum.
708 1690 745 1739 Fit
755 1693 837 1738 veritas

72 1756 96 1800 in
114 1755 220 1811 fabulam,
239 1757 401 1801 induraverunt
419 1773 542 1801 corsuum
561 1767 583 1801 et
600 1756 723 1801 noluerunt
741 1757 833 1803 adverti.

73 1820 130 1877 Itur,
141 1820 301 1876 commictltur,
312 1820 406 1866 bellatur
419 1821 479 1866 etde
494 1821 574 1865 nostris
587 1820 705 1865 dimicatur
721 1820 748 1865 ab
764 1821 835 1866 hosti-

73 1883 121 1931 bus.
154 1885 180 1931 ln
191 1885 240 1947 ipso
250 1901 305 1931 vero
315 1901 390 1948 pugne
403 1895 512 1946 tempore,
523 1901 642 1948 suspensus
653 1885 735 1943 animo,
746 1895 835 1932 sanctus

73 1949 157 1996 sotium
173 1966 265 2014 surgere
282 1950 310 1997 ad
326 1950 462 1997 intuendum
475 1949 535 2008 facit,
547 1949 659 2014 nichilque
675 1950 750 2012 primo
764 1960 787 1996 et
801 1969 836 1996 se-

73 2015 148 2059 cundo
158 2015 273 2059 videntem
284 2016 351 2059 tertio
361 2014 424 2058 iubet
434 2015 546 2075 inspicere,
579 2015 610 2058 Et
621 2031 670 2059 ecce
680 2025 728 2059 tota
742 2016 765 2060 in
782 2014 837 2077 fuga

74 2093 136 2123 versa
146 2078 226 2124 militia
236 2078 361 2135 christiana,
372 2077 441 2123 finem
451 2077 503 2124 belli
519 2077 653 2141 obprobium
669 2077 779 2141 ingerens,
790 2095 836 2124 non

73 2142 221 2204 triumphum.
254 2144 328 2189 Tanta
343 2159 398 2189 vero
415 2153 489 2205 strage
505 2154 635 2189 nostrorum
652 2144 787 2190 imminutus
803 2154 837 2190 est

74 2222 189 2266 numeruS,
204 2217 230 2254 ut
246 2224 284 2254 sex
306 2206 374 2253 millia
390 2207 476 2253 fuerint
495 2207 552 2252 inter
569 2217 672 2253 mortuos
689 2216 711 2253 et
729 2208 835 2270 captivos

75 2270 178 2331 Urgebat
196 2288 250 2333 ergo
269 2282 370 2317 sanctum
387 2272 416 2317 de
432 2271 486 2332 ipsis
505 2271 634 2333 compassio,
651 2287 690 2316 nec
707 2272 783 2317 minus
800 2288 838 2318 eos

75 2335 196 2395 pernitudo
213 2337 241 2382 de
263 2335 339 2391 facto;
362 2351 441 2381 verum
464 2336 569 2398 precipue
591 2353 686 2397 yspanos
710 2336 837 2397 plangebat,

74 2413 173 2459 quorum
189 2400 352 2463 promptiorem
366 2400 389 2445 in
402 2400 469 2446 armis
485 2400 596 2447 audatiam
612 2399 714 2446 cernebat
730 2400 838 2464 pauculos

74 2461 196 2526 reliquisse.

206 2578 241 2618 De
254 2576 322 2618 fratre
336 2576 402 2616 cuius
415 2575 490 2617 cordis
503 2574 637 2617 abscondita
649 2576 720 2618 scivit.
842 2586 930 2629 [n-xer]

0 2733 1 2736 Ἴ
123 2643 180 2733 ΘΟ
201 2688 301 2740 tempore
317 2693 370 2721 cum
386 2685 536 2722 reverteretur
557 2686 646 2722 sanctus
664 2676 693 2721 de
711 2677 838 2732 ultramare,

0 2750 1 2753 ’
76 2741 159 2786 sotium
184 2742 266 2788 habens
290 2741 382 2787 fratrem
406 2741 551 2786 Leonardum
575 2743 603 2787 de
626 2741 718 2798 Assisio,
744 2741 838 2802 contigit

76 2819 128 2850 eum
161 2806 239 2853 itinere
271 2805 389 2868 fatigatum
422 2809 444 2850 et
476 2804 571 2866 lapsum,
603 2822 722 2866 parumper
751 2805 837 2852 asinum

77 2869 182 2927 equitare.
223 2869 363 2931 Subsequens
379 2877 454 2913 autem
471 2869 544 2914 socius
560 2878 582 2913 et
598 2868 644 2929 ipse
661 2885 705 2913 uon
724 2869 836 2914 modicum
