<?xml version="1.0" encoding="UTF-8"?>
<!DOCTYPE html PUBLIC "-//W3C//DTD XHTML 1.0 Transitional//EN"
    "http://www.w3.org/TR/xhtml1/DTD/xhtml1-transitional.dtd">
<html xmlns="http://www.w3.org/1999/xhtml" xml:lang="en" lang="en">
 <head>
  <title>
</title>
<meta http-equiv="Content-Type" content="text/html;charset=utf-8" />
  <meta name='ocr-system' content='tesseract 3.04.00' />
  <meta name='ocr-capabilities' content='ocr_page ocr_carea ocr_par ocr_line ocrx_word'/>
</head>
<body>
  <div class='ocr_page' id='page_1' title='image "./MN5146ucmf_4_0314.png"; bbox 0 0 1919 3169; ppageno 0'>
   <div class='ocr_carea' id='block_1_1' title="bbox 147 57 730 119">
    <p class='ocr_par' dir='ltr' id='par_1_1' title="bbox 147 57 730 119">
     <span class='ocr_line' id='line_1_1' title="bbox 147 57 730 119; baseline 0.007 -17"><span class='ocrx_word' id='word_1_1' title='bbox 147 58 177 119; x_wconf 82' lang='lat'>&#39;36</span> <span class='ocrx_word' id='word_1_2' title='bbox 342 57 542 105; x_wconf 85' lang='lat' dir='ltr'><strong>TRACTATUS</strong></span> <span class='ocrx_word' id='word_1_3' title='bbox 558 58 730 106; x_wconf 83' lang='lat' dir='ltr'>SECUNDUS</span> 
     </span>
    </p>
   </div>
   <div class='ocr_carea' id='block_1_2' title="bbox 148 151 925 1441">
    <p class='ocr_par' dir='ltr' id='par_1_2' title="bbox 148 151 922 860">
     <span class='ocr_line' id='line_1_2' title="bbox 148 151 919 215; baseline 0.003 -18"><span class='ocrx_word' id='word_1_4' title='bbox 148 152 272 207; x_wconf 84' lang='lat' dir='ltr'>infirmitas,</span> <span class='ocrx_word' id='word_1_5' title='bbox 285 164 325 196; x_wconf 86' lang='lat' dir='ltr'>nec</span> <span class='ocrx_word' id='word_1_6' title='bbox 335 151 424 196; x_wconf 82' lang='lat' dir='ltr'>forense</span> <span class='ocrx_word' id='word_1_7' title='bbox 434 153 558 213; x_wconf 80' lang='lat' dir='ltr'>hospitium</span> <span class='ocrx_word' id='word_1_8' title='bbox 569 153 695 214; x_wconf 87' lang='lat' dir='ltr'>infrigebat.</span> <span class='ocrx_word' id='word_1_9' title='bbox 731 154 834 215; x_wconf 88' lang='lat' dir='ltr'>Contigit</span> <span class='ocrx_word' id='word_1_10' title='bbox 844 164 919 200; x_wconf 89' lang='lat' dir='ltr'>autem</span> 
     </span>
     <span class='ocr_line' id='line_1_3' title="bbox 149 216 921 279; baseline 0 -16"><span class='ocrx_word' id='word_1_11' title='bbox 149 217 172 263; x_wconf 89' lang='lat' dir='ltr'>in</span> <span class='ocrx_word' id='word_1_12' title='bbox 191 217 282 263; x_wconf 93' lang='lat' dir='ltr'>heremo</span> <span class='ocrx_word' id='word_1_13' title='bbox 298 226 373 261; x_wconf 91' lang='lat' dir='ltr'>autem</span> <span class='ocrx_word' id='word_1_14' title='bbox 389 216 412 262; x_wconf 90' lang='lat' dir='ltr'>in</span> <span class='ocrx_word' id='word_1_15' title='bbox 427 216 503 279; x_wconf 84' lang='lat' dir='ltr'>grecii,</span> <span class='ocrx_word' id='word_1_16' title='bbox 520 216 637 263; x_wconf 87' lang='lat' dir='ltr'>oculorum</span> <span class='ocrx_word' id='word_1_17' title='bbox 652 217 781 263; x_wconf 88' lang='lat' dir='ltr'>infirmitate</span> <span class='ocrx_word' id='word_1_18' title='bbox 792 218 843 279; x_wconf 88' lang='lat' dir='ltr'>plus</span> <span class='ocrx_word' id='word_1_19' title='bbox 853 217 921 264; x_wconf 87' lang='lat' dir='ltr'>solito</span> 
     </span>
     <span class='ocr_line' id='line_1_4' title="bbox 150 281 919 346; baseline 0.001 -17"><span class='ocrx_word' id='word_1_20' title='bbox 150 292 314 346; x_wconf 79' lang='lat' dir='ltr'>pergravatum,</span> <span class='ocrx_word' id='word_1_21' title='bbox 326 282 383 344; x_wconf 84' lang='lat' dir='ltr'>cogi,</span> <span class='ocrx_word' id='word_1_22' title='bbox 397 292 475 329; x_wconf 87' lang='lat' dir='ltr'>contra</span> <span class='ocrx_word' id='word_1_23' title='bbox 485 281 542 329; x_wconf 85' lang='lat' dir='ltr'>velle</span> <span class='ocrx_word' id='word_1_24' title='bbox 558 282 585 329; x_wconf 89' lang='lat' dir='ltr'>ad</span> <span class='ocrx_word' id='word_1_25' title='bbox 599 298 665 328; x_wconf 90' lang='lat' dir='ltr'>usum</span> <span class='ocrx_word' id='word_1_26' title='bbox 681 283 765 329; x_wconf 89' lang='lat' dir='ltr'>modici</span> <span class='ocrx_word' id='word_1_27' title='bbox 781 283 919 345; x_wconf 79' lang='lat' dir='ltr'>pulvinaris:</span> 
     </span>
     <span class='ocr_line' id='line_1_5' title="bbox 149 347 921 410; baseline 0.001 -17"><span class='ocrx_word' id='word_1_28' title='bbox 149 349 222 408; x_wconf 87' lang='lat' dir='ltr'>prime</span> <span class='ocrx_word' id='word_1_29' title='bbox 245 348 316 408; x_wconf 84' lang='lat' dir='ltr'>igitur</span> <span class='ocrx_word' id='word_1_30' title='bbox 340 347 419 404; x_wconf 89' lang='lat' dir='ltr'>noctis,</span> <span class='ocrx_word' id='word_1_31' title='bbox 440 347 524 410; x_wconf 84' lang='lat' dir='ltr'>vigilia,</span> <span class='ocrx_word' id='word_1_32' title='bbox 541 357 605 394; x_wconf 90' lang='lat' dir='ltr'>vocat</span> <span class='ocrx_word' id='word_1_33' title='bbox 621 358 710 394; x_wconf 88' lang='lat' dir='ltr'>sanctus</span> <span class='ocrx_word' id='word_1_34' title='bbox 726 349 809 395; x_wconf 84' lang='lat' dir='ltr'>sotium</span> <span class='ocrx_word' id='word_1_35' title='bbox 826 359 848 395; x_wconf 89' lang='lat' dir='ltr'>et</span> <span class='ocrx_word' id='word_1_36' title='bbox 865 348 921 395; x_wconf 83' lang='lat' dir='ltr'>dixit</span> 
     </span>
     <span class='ocr_line' id='line_1_6' title="bbox 151 410 921 470; baseline 0.001 -14"><span class='ocrx_word' id='word_1_37' title='bbox 151 411 207 461; x_wconf 51' lang='lat' dir='ltr'>illit,</span> <span class='ocrx_word' id='word_1_38' title='bbox 223 411 277 456; x_wconf 90' lang='lat' dir='ltr'>Non</span> <span class='ocrx_word' id='word_1_39' title='bbox 297 411 369 470; x_wconf 88' lang='lat' dir='ltr'>potui,</span> <span class='ocrx_word' id='word_1_40' title='bbox 387 410 464 466; x_wconf 85' lang='lat' dir='ltr'>frater,</span> <span class='ocrx_word' id='word_1_41' title='bbox 482 411 521 457; x_wconf 88' lang='lat' dir='ltr'>hac</span> <span class='ocrx_word' id='word_1_42' title='bbox 540 421 605 456; x_wconf 86' lang='lat' dir='ltr'>nocte</span> <span class='ocrx_word' id='word_1_43' title='bbox 624 413 730 468; x_wconf 85' lang='lat' dir='ltr'>dormire,</span> <span class='ocrx_word' id='word_1_44' title='bbox 749 429 790 456; x_wconf 89' lang='lat' dir='ltr'>nec</span> <span class='ocrx_word' id='word_1_45' title='bbox 809 414 836 458; x_wconf 87' lang='lat' dir='ltr'>ad</span> <span class='ocrx_word' id='word_1_46' title='bbox 856 429 921 457; x_wconf 84' lang='lat' dir='ltr'>oran-</span> 
     </span>
     <span class='ocr_line' id='line_1_7' title="bbox 151 473 922 538; baseline -0.001 -15"><span class='ocrx_word' id='word_1_47' title='bbox 151 478 207 523; x_wconf 87' lang='lat' dir='ltr'>dum</span> <span class='ocrx_word' id='word_1_48' title='bbox 228 484 314 522; x_wconf 85' lang='lat' dir='ltr'>erectus</span> <span class='ocrx_word' id='word_1_49' title='bbox 335 473 466 536; x_wconf 88' lang='lat' dir='ltr'>persistere;</span> <span class='ocrx_word' id='word_1_50' title='bbox 488 475 565 521; x_wconf 90' lang='lat' dir='ltr'>tremit</span> <span class='ocrx_word' id='word_1_51' title='bbox 583 475 661 537; x_wconf 87' lang='lat' dir='ltr'>capud,</span> <span class='ocrx_word' id='word_1_52' title='bbox 685 491 758 538; x_wconf 85' lang='lat' dir='ltr'>genua</span> <span class='ocrx_word' id='word_1_53' title='bbox 779 475 922 522; x_wconf 89' lang='lat' dir='ltr'>collabuntur</span> 
     </span>
     <span class='ocr_line' id='line_1_8' title="bbox 152 540 922 603; baseline 0 -16"><span class='ocrx_word' id='word_1_54' title='bbox 152 552 175 587; x_wconf 89' lang='lat' dir='ltr'>et</span> <span class='ocrx_word' id='word_1_55' title='bbox 191 550 240 586; x_wconf 87' lang='lat' dir='ltr'>tota</span> <span class='ocrx_word' id='word_1_56' title='bbox 257 540 386 586; x_wconf 77' lang='lat' dir='ltr'>concutitur</span> <span class='ocrx_word' id='word_1_57' title='bbox 403 540 505 585; x_wconf 87' lang='lat' dir='ltr'>machina</span> <span class='ocrx_word' id='word_1_58' title='bbox 520 541 647 601; x_wconf 89' lang='lat' dir='ltr'>corporalis,</span> <span class='ocrx_word' id='word_1_59' title='bbox 661 552 688 586; x_wconf 91' lang='lat' dir='ltr'>ut</span> <span class='ocrx_word' id='word_1_60' title='bbox 704 541 826 587; x_wconf 88' lang='lat' dir='ltr'>comedisse</span> <span class='ocrx_word' id='word_1_61' title='bbox 841 558 922 603; x_wconf 85' lang='lat' dir='ltr'>panem</span> 
     </span>
     <span class='ocr_line' id='line_1_9' title="bbox 152 604 920 668; baseline 0 -17"><span class='ocrx_word' id='word_1_62' title='bbox 152 607 180 651; x_wconf 86' lang='lat' dir='ltr'>de</span> <span class='ocrx_word' id='word_1_63' title='bbox 190 606 253 651; x_wconf 84' lang='lat' dir='ltr'>lolio.</span> <span class='ocrx_word' id='word_1_64' title='bbox 286 605 368 660; x_wconf 87' lang='lat' dir='ltr'>Credo,</span> <span class='ocrx_word' id='word_1_65' title='bbox 380 604 464 667; x_wconf 87' lang='lat' dir='ltr'>inquid,</span> <span class='ocrx_word' id='word_1_66' title='bbox 478 606 540 666; x_wconf 90' lang='lat' dir='ltr'>quod</span> <span class='ocrx_word' id='word_1_67' title='bbox 552 604 662 666; x_wconf 78' lang='lat' dir='ltr'>dyabolus</span> <span class='ocrx_word' id='word_1_68' title='bbox 672 615 759 651; x_wconf 88' lang='lat' dir='ltr'>maneat</span> <span class='ocrx_word' id='word_1_69' title='bbox 772 607 795 651; x_wconf 92' lang='lat' dir='ltr'>in</span> <span class='ocrx_word' id='word_1_70' title='bbox 812 606 855 652; x_wconf 88' lang='lat' dir='ltr'>boc</span> <span class='ocrx_word' id='word_1_71' title='bbox 871 607 920 668; x_wconf 90' lang='lat' dir='ltr'>pul-</span> 
     </span>
     <span class='ocr_line' id='line_1_10' title="bbox 152 668 921 731; baseline 0.001 -17"><span class='ocrx_word' id='word_1_72' title='bbox 152 668 232 726; x_wconf 86' lang='lat' dir='ltr'>vinari,</span> <span class='ocrx_word' id='word_1_73' title='bbox 244 668 306 731; x_wconf 90' lang='lat' dir='ltr'>quod</span> <span class='ocrx_word' id='word_1_74' title='bbox 322 669 350 714; x_wconf 84' lang='lat' dir='ltr'>ad</span> <span class='ocrx_word' id='word_1_75' title='bbox 367 669 439 729; x_wconf 85' lang='lat' dir='ltr'>capud</span> <span class='ocrx_word' id='word_1_76' title='bbox 452 668 538 714; x_wconf 88' lang='lat' dir='ltr'>habeo:</span> <span class='ocrx_word' id='word_1_77' title='bbox 556 669 610 714; x_wconf 91' lang='lat' dir='ltr'>tolle</span> <span class='ocrx_word' id='word_1_78' title='bbox 624 668 688 726; x_wconf 87' lang='lat' dir='ltr'>illud,</span> <span class='ocrx_word' id='word_1_79' title='bbox 699 672 751 731; x_wconf 88' lang='lat' dir='ltr'>quia</span> <span class='ocrx_word' id='word_1_80' title='bbox 761 670 883 730; x_wconf 87' lang='lat' dir='ltr'>dyabolum</span> <span class='ocrx_word' id='word_1_81' title='bbox 895 671 921 715; x_wconf 84' lang='lat' dir='ltr'>ad</span> 
     </span>
     <span class='ocr_line' id='line_1_11' title="bbox 154 731 922 796; baseline 0 -16"><span class='ocrx_word' id='word_1_82' title='bbox 154 735 225 795; x_wconf 89' lang='lat' dir='ltr'>capud</span> <span class='ocrx_word' id='word_1_83' title='bbox 241 733 334 778; x_wconf 89' lang='lat' dir='ltr'>ulterius</span> <span class='ocrx_word' id='word_1_84' title='bbox 355 732 416 778; x_wconf 88' lang='lat' dir='ltr'>nolo.</span> <span class='ocrx_word' id='word_1_85' title='bbox 450 731 554 784; x_wconf 89' lang='lat' dir='ltr'>Querulo</span> <span class='ocrx_word' id='word_1_86' title='bbox 570 733 680 779; x_wconf 85' lang='lat' dir='ltr'>murmuri</span> <span class='ocrx_word' id='word_1_87' title='bbox 699 733 768 795; x_wconf 86' lang='lat' dir='ltr'>patris</span> <span class='ocrx_word' id='word_1_88' title='bbox 787 734 922 796; x_wconf 88' lang='lat' dir='ltr'>compatitur</span> 
     </span>
     <span class='ocr_line' id='line_1_12' title="bbox 153 797 828 860; baseline 0 -16"><span class='ocrx_word' id='word_1_89' title='bbox 153 798 222 845; x_wconf 89' lang='lat' dir='ltr'>frater</span> <span class='ocrx_word' id='word_1_90' title='bbox 233 808 255 843; x_wconf 87' lang='lat' dir='ltr'>et</span> <span class='ocrx_word' id='word_1_91' title='bbox 266 797 391 859; x_wconf 87' lang='lat' dir='ltr'>proiectum</span> <span class='ocrx_word' id='word_1_92' title='bbox 403 798 431 843; x_wconf 85' lang='lat' dir='ltr'>ad</span> <span class='ocrx_word' id='word_1_93' title='bbox 442 813 465 842; x_wconf 89' lang='lat' dir='ltr'>se</span> <span class='ocrx_word' id='word_1_94' title='bbox 475 798 579 859; x_wconf 85' lang='lat' dir='ltr'>puluinar</span> <span class='ocrx_word' id='word_1_95' title='bbox 589 798 675 860; x_wconf 82' lang='lat' dir='ltr'>accipit,</span> <span class='ocrx_word' id='word_1_96' title='bbox 687 808 713 843; x_wconf 88' lang='lat' dir='ltr'>ut</span> <span class='ocrx_word' id='word_1_97' title='bbox 723 808 828 860; x_wconf 80' lang='lat' dir='ltr'>asportet.</span> 
     </span>
    </p>

    <p class='ocr_par' dir='ltr' id='par_1_3' title="bbox 154 861 925 1441">
     <span class='ocr_line' id='line_1_13' title="bbox 202 861 924 925; baseline 0 -16"><span class='ocrx_word' id='word_1_98' title='bbox 202 863 285 909; x_wconf 84' lang='lat' dir='ltr'>Exiens</span> <span class='ocrx_word' id='word_1_99' title='bbox 306 863 388 925; x_wconf 87' lang='lat' dir='ltr'>itaque,</span> <span class='ocrx_word' id='word_1_100' title='bbox 404 861 480 908; x_wconf 91' lang='lat' dir='ltr'>subito</span> <span class='ocrx_word' id='word_1_101' title='bbox 495 862 606 925; x_wconf 81' lang='lat' dir='ltr'>loquelam</span> <span class='ocrx_word' id='word_1_102' title='bbox 622 864 707 909; x_wconf 89' lang='lat' dir='ltr'>amittit</span> <span class='ocrx_word' id='word_1_103' title='bbox 724 873 747 909; x_wconf 89' lang='lat' dir='ltr'>et</span> <span class='ocrx_word' id='word_1_104' title='bbox 764 874 828 909; x_wconf 87' lang='lat' dir='ltr'>tanto</span> <span class='ocrx_word' id='word_1_105' title='bbox 849 880 924 910; x_wconf 89' lang='lat' dir='ltr'>errore</span> 
     </span>
     <span class='ocr_line' id='line_1_14' title="bbox 154 926 924 988; baseline 0.001 -16"><span class='ocrx_word' id='word_1_106' title='bbox 154 928 265 988; x_wconf 87' lang='lat' dir='ltr'>premitur</span> <span class='ocrx_word' id='word_1_107' title='bbox 283 943 308 970; x_wconf 89' lang='lat' dir='ltr'>ac</span> <span class='ocrx_word' id='word_1_108' title='bbox 328 927 419 987; x_wconf 84' lang='lat' dir='ltr'>ligatur,</span> <span class='ocrx_word' id='word_1_109' title='bbox 436 926 497 988; x_wconf 91' lang='lat' dir='ltr'>quod</span> <span class='ocrx_word' id='word_1_110' title='bbox 514 943 555 970; x_wconf 87' lang='lat' dir='ltr'>nec</span> <span class='ocrx_word' id='word_1_111' title='bbox 572 928 639 986; x_wconf 89' lang='lat' dir='ltr'>pedes</span> <span class='ocrx_word' id='word_1_112' title='bbox 656 928 751 972; x_wconf 88' lang='lat' dir='ltr'>deloco</span> <span class='ocrx_word' id='word_1_113' title='bbox 768 944 866 984; x_wconf 85' lang='lat' dir='ltr'>moyere,</span> <span class='ocrx_word' id='word_1_114' title='bbox 884 946 924 973; x_wconf 88' lang='lat' dir='ltr'>nec</span> 
     </span>
     <span class='ocr_line' id='line_1_15' title="bbox 154 989 923 1055; baseline -0.001 -18"><span class='ocrx_word' id='word_1_115' title='bbox 154 990 243 1037; x_wconf 84' lang='lat' dir='ltr'>brachia</span> <span class='ocrx_word' id='word_1_116' title='bbox 253 1005 367 1055; x_wconf 90' lang='lat' dir='ltr'>quoquam</span> <span class='ocrx_word' id='word_1_117' title='bbox 378 989 460 1035; x_wconf 87' lang='lat' dir='ltr'>ducere</span> <span class='ocrx_word' id='word_1_118' title='bbox 470 989 576 1051; x_wconf 79' lang='lat' dir='ltr'>prevalet.</span> <span class='ocrx_word' id='word_1_119' title='bbox 610 990 665 1035; x_wconf 84' lang='lat' dir='ltr'>Post</span> <span class='ocrx_word' id='word_1_120' title='bbox 679 990 801 1048; x_wconf 83' lang='lat' dir='ltr'>modicum,</span> <span class='ocrx_word' id='word_1_121' title='bbox 813 1008 825 1035; x_wconf 84' lang='lat' dir='ltr'>a</span> <span class='ocrx_word' id='word_1_122' title='bbox 840 1001 923 1046; x_wconf 88' lang='lat' dir='ltr'>sancto,</span> 
     </span>
     <span class='ocr_line' id='line_1_16' title="bbox 155 1053 924 1119; baseline 0.001 -18"><span class='ocrx_word' id='word_1_123' title='bbox 155 1056 193 1119; x_wconf 84' lang='lat' dir='ltr'>qui</span> <span class='ocrx_word' id='word_1_124' title='bbox 209 1053 260 1101; x_wconf 37' lang='lat' dir='ltr'>hoc*</span> <span class='ocrx_word' id='word_1_125' title='bbox 268 1053 383 1116; x_wconf 81' lang='lat' dir='ltr'>cognorit,</span> <span class='ocrx_word' id='word_1_126' title='bbox 394 1065 493 1111; x_wconf 84' lang='lat' dir='ltr'>vocatus,</span> <span class='ocrx_word' id='word_1_127' title='bbox 504 1053 560 1099; x_wconf 84' lang='lat' dir='ltr'>liber</span> <span class='ocrx_word' id='word_1_128' title='bbox 576 1054 679 1112; x_wconf 79' lang='lat' dir='ltr'>efficitur,</span> <span class='ocrx_word' id='word_1_129' title='bbox 690 1056 749 1101; x_wconf 90' lang='lat' dir='ltr'>redit</span> <span class='ocrx_word' id='word_1_130' title='bbox 761 1065 784 1101; x_wconf 92' lang='lat' dir='ltr'>et</span> <span class='ocrx_word' id='word_1_131' title='bbox 794 1066 868 1101; x_wconf 86' lang='lat' dir='ltr'>narrat</span> <span class='ocrx_word' id='word_1_132' title='bbox 881 1073 924 1119; x_wconf 88' lang='lat' dir='ltr'>que</span> 
     </span>
     <span class='ocr_line' id='line_1_17' title="bbox 154 1119 924 1181; baseline 0.001 -16"><span class='ocrx_word' id='word_1_133' title='bbox 154 1136 230 1181; x_wconf 89' lang='lat' dir='ltr'>passus</span> <span class='ocrx_word' id='word_1_134' title='bbox 246 1129 294 1174; x_wconf 89' lang='lat' dir='ltr'>est;</span> <span class='ocrx_word' id='word_1_135' title='bbox 312 1119 348 1164; x_wconf 88' lang='lat' dir='ltr'>cui</span> <span class='ocrx_word' id='word_1_136' title='bbox 364 1119 421 1164; x_wconf 76' lang='lat' dir='ltr'>dixit</span> <span class='ocrx_word' id='word_1_137' title='bbox 436 1127 540 1164; x_wconf 85' lang='lat' dir='ltr'>sanctus:</span> <span class='ocrx_word' id='word_1_138' title='bbox 562 1120 589 1164; x_wconf 89' lang='lat' dir='ltr'>In</span> <span class='ocrx_word' id='word_1_139' title='bbox 610 1135 666 1175; x_wconf 90' lang='lat' dir='ltr'>sero,</span> <span class='ocrx_word' id='word_1_140' title='bbox 683 1135 734 1165; x_wconf 87' lang='lat' dir='ltr'>cum</span> <span class='ocrx_word' id='word_1_141' title='bbox 750 1120 847 1166; x_wconf 80' lang='lat' dir='ltr'>dicerem</span> <span class='ocrx_word' id='word_1_142' title='bbox 863 1137 924 1166; x_wconf 89' lang='lat' dir='ltr'>com-</span> 
     </span>
     <span class='ocr_line' id='line_1_18' title="bbox 155 1181 924 1246; baseline 0.001 -17"><span class='ocrx_word' id='word_1_143' title='bbox 155 1184 286 1246; x_wconf 87' lang='lat' dir='ltr'>pletorium,</span> <span class='ocrx_word' id='word_1_144' title='bbox 297 1183 385 1244; x_wconf 91' lang='lat' dir='ltr'>liquido</span> <span class='ocrx_word' id='word_1_145' title='bbox 399 1182 495 1243; x_wconf 79' lang='lat' dir='ltr'>cognovi</span> <span class='ocrx_word' id='word_1_146' title='bbox 512 1181 634 1242; x_wconf 87' lang='lat' dir='ltr'>dyabolum</span> <span class='ocrx_word' id='word_1_147' title='bbox 650 1184 725 1227; x_wconf 86' lang='lat' dir='ltr'>venire</span> <span class='ocrx_word' id='word_1_148' title='bbox 736 1184 764 1228; x_wconf 88' lang='lat' dir='ltr'>ad</span> <span class='ocrx_word' id='word_1_149' title='bbox 775 1184 857 1230; x_wconf 88' lang='lat' dir='ltr'>cellam.</span> <span class='ocrx_word' id='word_1_150' title='bbox 892 1185 924 1230; x_wconf 88' lang='lat' dir='ltr'>Et</span> 
     </span>
     <span class='ocr_line' id='line_1_19' title="bbox 154 1246 925 1311; baseline -0.003 -16"><span class='ocrx_word' id='word_1_151' title='bbox 154 1265 246 1295; x_wconf 88' lang='lat' dir='ltr'>rursus:</span> <span class='ocrx_word' id='word_1_152' title='bbox 265 1247 370 1294; x_wconf 86' lang='lat' dir='ltr'>Multum</span> <span class='ocrx_word' id='word_1_153' title='bbox 386 1257 473 1294; x_wconf 88' lang='lat' dir='ltr'>astutus</span> <span class='ocrx_word' id='word_1_154' title='bbox 484 1254 506 1291; x_wconf 89' lang='lat' dir='ltr'>et</span> <span class='ocrx_word' id='word_1_155' title='bbox 517 1246 605 1293; x_wconf 86' lang='lat' dir='ltr'>subtilis</span> <span class='ocrx_word' id='word_1_156' title='bbox 620 1247 705 1311; x_wconf 84' lang='lat' dir='ltr'>ingenii</span> <span class='ocrx_word' id='word_1_157' title='bbox 716 1258 791 1294; x_wconf 89' lang='lat' dir='ltr'>noster</span> <span class='ocrx_word' id='word_1_158' title='bbox 802 1258 835 1295; x_wconf 90' lang='lat' dir='ltr'>est</span> <span class='ocrx_word' id='word_1_159' title='bbox 849 1248 925 1294; x_wconf 90' lang='lat' dir='ltr'>inimi-</span> 
     </span>
     <span class='ocr_line' id='line_1_20' title="bbox 155 1312 924 1377; baseline 0 -17"><span class='ocrx_word' id='word_1_160' title='bbox 155 1331 202 1369; x_wconf 67' lang='lat' dir='ltr'>cus</span> <span class='ocrx_word' id='word_1_161' title='bbox 211 1313 251 1377; x_wconf 92' lang='lat' dir='ltr'>qui</span> <span class='ocrx_word' id='word_1_162' title='bbox 263 1329 314 1358; x_wconf 92' lang='lat' dir='ltr'>cum</span> <span class='ocrx_word' id='word_1_163' title='bbox 325 1313 386 1358; x_wconf 88' lang='lat' dir='ltr'>intus</span> <span class='ocrx_word' id='word_1_164' title='bbox 396 1313 420 1357; x_wconf 87' lang='lat' dir='ltr'>in</span> <span class='ocrx_word' id='word_1_165' title='bbox 430 1313 503 1357; x_wconf 87' lang='lat' dir='ltr'>anima</span> <span class='ocrx_word' id='word_1_166' title='bbox 514 1328 592 1358; x_wconf 84' lang='lat' dir='ltr'>nocere</span> <span class='ocrx_word' id='word_1_167' title='bbox 603 1329 648 1358; x_wconf 90' lang='lat' dir='ltr'>non</span> <span class='ocrx_word' id='word_1_168' title='bbox 660 1312 737 1374; x_wconf 83' lang='lat' dir='ltr'>possit,</span> <span class='ocrx_word' id='word_1_169' title='bbox 746 1312 824 1359; x_wconf 88' lang='lat' dir='ltr'>saltem</span> <span class='ocrx_word' id='word_1_170' title='bbox 835 1315 924 1376; x_wconf 82' lang='lat' dir='ltr'>corpori</span> 
     </span>
     <span class='ocr_line' id='line_1_21' title="bbox 155 1376 549 1441; baseline -0.008 -17"><span class='ocrx_word' id='word_1_171' title='bbox 155 1388 239 1441; x_wconf 86' lang='lat' dir='ltr'>prestat</span> <span class='ocrx_word' id='word_1_172' title='bbox 255 1379 370 1423; x_wconf 83' lang='lat' dir='ltr'>materiam</span> <span class='ocrx_word' id='word_1_173' title='bbox 386 1376 549 1422; x_wconf 87' lang='lat' dir='ltr'>murmurandi.</span> 
     </span>
    </p>
   </div>
   <div class='ocr_carea' id='block_1_3' title="bbox 100 1525 926 1631">
    <p class='ocr_par' dir='ltr' id='par_1_4' title="bbox 100 1525 926 1631">
     <span class='ocr_line' id='line_1_22' title="bbox 100 1525 926 1580; baseline -0.001 -12"><span class='ocrx_word' id='word_1_174' title='bbox 100 1527 154 1580; x_wconf 79' lang='lat' dir='ltr'>[ri-r]</span> <span class='ocrx_word' id='word_1_175' title='bbox 197 1528 311 1579; x_wconf 78' lang='lat' dir='ltr'>Exempla</span> <span class='ocrx_word' id='word_1_176' title='bbox 324 1530 404 1570; x_wconf 86' lang='lat' dir='ltr'>contra</span> <span class='ocrx_word' id='word_1_177' title='bbox 419 1527 539 1578; x_wconf 85' lang='lat' dir='ltr'>pecuniam</span> <span class='ocrx_word' id='word_1_178' title='bbox 557 1528 580 1568; x_wconf 87' lang='lat' dir='ltr'>et</span> <span class='ocrx_word' id='word_1_179' title='bbox 596 1525 654 1568; x_wconf 84' lang='lat' dir='ltr'>dura</span> <span class='ocrx_word' id='word_1_180' title='bbox 671 1528 782 1569; x_wconf 86' lang='lat' dir='ltr'>correctio</span> <span class='ocrx_word' id='word_1_181' title='bbox 797 1528 873 1569; x_wconf 83' lang='lat' dir='ltr'>fratris</span> <span class='ocrx_word' id='word_1_182' title='bbox 886 1528 926 1579; x_wconf 84' lang='lat' dir='ltr'>qui</span> 
     </span>
     <span class='ocr_line' id='line_1_23' title="bbox 157 1579 423 1631; baseline -0.015 -6"><span class='ocrx_word' id='word_1_183' title='bbox 157 1594 208 1625; x_wconf 87' lang='lat' dir='ltr'>eam</span> <span class='ocrx_word' id='word_1_184' title='bbox 221 1582 327 1623; x_wconf 85' lang='lat' dir='ltr'>manibus</span> <span class='ocrx_word' id='word_1_185' title='bbox 340 1579 423 1631; x_wconf 85' lang='lat' dir='ltr'>tetigit·</span> 
     </span>
    </p>
   </div>
   <div class='ocr_carea' id='block_1_4' title="bbox 57 1664 925 2852">
    <p class='ocr_par' dir='ltr' id='par_1_5' title="bbox 156 1664 925 1953">
     <span class='ocr_line' id='line_1_24' title="bbox 202 1664 924 1756; baseline 0.003 -16"><span class='ocrx_word' id='word_1_186' title='bbox 202 1664 319 1745; x_wconf 72' lang='lat' dir='ltr'>Verum</span> <span class='ocrx_word' id='word_1_187' title='bbox 329 1710 471 1755; x_wconf 87' lang='lat' dir='ltr'>summopere</span> <span class='ocrx_word' id='word_1_188' title='bbox 481 1693 565 1739; x_wconf 86' lang='lat' dir='ltr'>amicus</span> <span class='ocrx_word' id='word_1_189' title='bbox 575 1694 612 1739; x_wconf 89' lang='lat' dir='ltr'>dei</span> <span class='ocrx_word' id='word_1_190' title='bbox 623 1703 708 1750; x_wconf 85' lang='lat' dir='ltr'>cuncta,</span> <span class='ocrx_word' id='word_1_191' title='bbox 720 1711 764 1756; x_wconf 92' lang='lat' dir='ltr'>que</span> <span class='ocrx_word' id='word_1_192' title='bbox 774 1706 828 1741; x_wconf 91' lang='lat' dir='ltr'>sunt</span> <span class='ocrx_word' id='word_1_193' title='bbox 838 1696 924 1752; x_wconf 89' lang='lat' dir='ltr'>mundi,</span> 
     </span>
     <span class='ocr_line' id='line_1_25' title="bbox 156 1757 925 1823; baseline 0 -17"><span class='ocrx_word' id='word_1_194' title='bbox 156 1759 285 1823; x_wconf 88' lang='lat' dir='ltr'>despiciens,</span> <span class='ocrx_word' id='word_1_195' title='bbox 297 1775 364 1821; x_wconf 90' lang='lat' dir='ltr'>super</span> <span class='ocrx_word' id='word_1_196' title='bbox 375 1758 451 1805; x_wconf 89' lang='lat' dir='ltr'>omnia</span> <span class='ocrx_word' id='word_1_197' title='bbox 464 1768 538 1804; x_wconf 88' lang='lat' dir='ltr'>tamen</span> <span class='ocrx_word' id='word_1_198' title='bbox 554 1757 698 1803; x_wconf 83' lang='lat' dir='ltr'>execrabatur</span> <span class='ocrx_word' id='word_1_199' title='bbox 711 1759 835 1821; x_wconf 87' lang='lat' dir='ltr'>pecuniam.</span> <span class='ocrx_word' id='word_1_200' title='bbox 868 1761 925 1807; x_wconf 89' lang='lat' dir='ltr'>Inde</span> 
     </span>
     <span class='ocr_line' id='line_1_26' title="bbox 156 1823 925 1887; baseline -0.001 -16"><span class='ocrx_word' id='word_1_201' title='bbox 156 1826 224 1884; x_wconf 83' lang='lat' dir='ltr'>illam,</span> <span class='ocrx_word' id='word_1_202' title='bbox 242 1841 254 1870; x_wconf 89' lang='lat' dir='ltr'>a</span> <span class='ocrx_word' id='word_1_203' title='bbox 271 1824 381 1887; x_wconf 89' lang='lat' dir='ltr'>principio</span> <span class='ocrx_word' id='word_1_204' title='bbox 404 1840 443 1869; x_wconf 90' lang='lat' dir='ltr'>sue</span> <span class='ocrx_word' id='word_1_205' title='bbox 460 1823 620 1877; x_wconf 57' lang='lat' dir='ltr'>conversionis</span> <span class='ocrx_word' id='word_1_206' title='bbox 637 1824 742 1884; x_wconf 88' lang='lat' dir='ltr'>precipue</span> <span class='ocrx_word' id='word_1_207' title='bbox 758 1825 885 1886; x_wconf 84' lang='lat' dir='ltr'>villipendit</span> <span class='ocrx_word' id='word_1_208' title='bbox 903 1836 925 1870; x_wconf 91' lang='lat' dir='ltr'>et</span> 
     </span>
     <span class='ocr_line' id='line_1_27' title="bbox 156 1888 923 1953; baseline 0 -17"><span class='ocrx_word' id='word_1_209' title='bbox 156 1902 270 1953; x_wconf 86' lang='lat' dir='ltr'>tamquam</span> <span class='ocrx_word' id='word_1_210' title='bbox 291 1890 365 1951; x_wconf 92' lang='lat' dir='ltr'>ipsum</span> <span class='ocrx_word' id='word_1_211' title='bbox 392 1888 512 1951; x_wconf 89' lang='lat' dir='ltr'>dyabolum</span> <span class='ocrx_word' id='word_1_212' title='bbox 540 1904 562 1933; x_wconf 92' lang='lat' dir='ltr'>se</span> <span class='ocrx_word' id='word_1_213' title='bbox 588 1888 732 1950; x_wconf 86' lang='lat' dir='ltr'>sequentibus</span> <span class='ocrx_word' id='word_1_214' title='bbox 754 1904 842 1952; x_wconf 83' lang='lat' dir='ltr'>semper</span> <span class='ocrx_word' id='word_1_215' title='bbox 865 1890 923 1936; x_wconf 87' lang='lat' dir='ltr'>inuit</span> 
     </span>
    </p>

    <p class='ocr_par' dir='ltr' id='par_1_6' title="bbox 57 1952 925 2079">
     <span class='ocr_line' id='line_1_28' title="bbox 57 1952 925 2017; baseline -0.003 -16"><span class='ocrx_word' id='word_1_216' title='bbox 57 2003 60 2006; x_wconf 64' lang='grc'><strong><em>,</em></strong></span> <span class='ocrx_word' id='word_1_217' title='bbox 156 1955 304 2017; x_wconf 85' lang='lat' dir='ltr'>fugiendam:</span> <span class='ocrx_word' id='word_1_218' title='bbox 325 1954 365 1998; x_wconf 88' lang='lat' dir='ltr'>hec</span> <span class='ocrx_word' id='word_1_219' title='bbox 381 1952 409 1997; x_wconf 86' lang='lat' dir='ltr'>ab</span> <span class='ocrx_word' id='word_1_220' title='bbox 425 1953 471 2014; x_wconf 88' lang='lat' dir='ltr'>ipsa</span> <span class='ocrx_word' id='word_1_221' title='bbox 486 1952 537 1997; x_wconf 89' lang='lat' dir='ltr'>data</span> <span class='ocrx_word' id='word_1_222' title='bbox 552 1963 599 1996; x_wconf 85' lang='lat' dir='ltr'>erat</span> <span class='ocrx_word' id='word_1_223' title='bbox 616 1952 705 1997; x_wconf 86' lang='lat' dir='ltr'>solertia</span> <span class='ocrx_word' id='word_1_224' title='bbox 721 1954 782 1999; x_wconf 85' lang='lat' dir='ltr'>suis:</span> <span class='ocrx_word' id='word_1_225' title='bbox 803 1964 829 1999; x_wconf 90' lang='lat' dir='ltr'>ut</span> <span class='ocrx_word' id='word_1_226' title='bbox 840 1963 925 2000; x_wconf 87' lang='lat' dir='ltr'>stercus</span> 
     </span>
     <span class='ocr_line' id='line_1_29' title="bbox 89 2017 731 2079; baseline -0.003 -15"><span class='ocrx_word' id='word_1_227' title='bbox 89 2025 90 2028; x_wconf 74' lang='grc'>’</span> <span class='ocrx_word' id='word_1_228' title='bbox 156 2029 178 2064; x_wconf 90' lang='lat' dir='ltr'>et</span> <span class='ocrx_word' id='word_1_229' title='bbox 194 2017 311 2079; x_wconf 84' lang='lat' dir='ltr'>pecuniam</span> <span class='ocrx_word' id='word_1_230' title='bbox 327 2033 373 2061; x_wconf 91' lang='lat' dir='ltr'>uno</span> <span class='ocrx_word' id='word_1_231' title='bbox 389 2018 471 2060; x_wconf 85' lang='lat' dir='ltr'>amoris</span> <span class='ocrx_word' id='word_1_232' title='bbox 486 2017 559 2076; x_wconf 88' lang='lat' dir='ltr'>pretio</span> <span class='ocrx_word' id='word_1_233' title='bbox 575 2017 731 2076; x_wconf 66' lang='lat' dir='ltr'>ponderarent⁴</span> 
     </span>
    </p>

    <p class='ocr_par' dir='ltr' id='par_1_7' title="bbox 156 2079 925 2725">
     <span class='ocr_line' id='line_1_30' title="bbox 205 2079 924 2142; baseline -0.003 -15"><span class='ocrx_word' id='word_1_234' title='bbox 205 2080 295 2127; x_wconf 81' lang='lat' dir='ltr'>Accidit</span> <span class='ocrx_word' id='word_1_235' title='bbox 310 2080 380 2142; x_wconf 82' lang='lat' dir='ltr'>igitur</span> <span class='ocrx_word' id='word_1_236' title='bbox 397 2079 433 2125; x_wconf 93' lang='lat' dir='ltr'>die</span> <span class='ocrx_word' id='word_1_237' title='bbox 449 2080 553 2141; x_wconf 81' lang='lat' dir='ltr'>quadam,</span> <span class='ocrx_word' id='word_1_238' title='bbox 570 2090 597 2124; x_wconf 92' lang='lat' dir='ltr'>ut</span> <span class='ocrx_word' id='word_1_239' title='bbox 613 2079 717 2124; x_wconf 87' lang='lat' dir='ltr'>secularis</span> <span class='ocrx_word' id='word_1_240' title='bbox 736 2080 828 2142; x_wconf 84' lang='lat' dir='ltr'>quidam</span> <span class='ocrx_word' id='word_1_241' title='bbox 846 2082 924 2126; x_wconf 90' lang='lat' dir='ltr'>eccles-</span> 
     </span>
     <span class='ocr_line' id='line_1_31' title="bbox 156 2143 924 2208; baseline 0 -16"><span class='ocrx_word' id='word_1_242' title='bbox 156 2148 200 2193; x_wconf 89' lang='lat' dir='ltr'>iam</span> <span class='ocrx_word' id='word_1_243' title='bbox 229 2157 302 2192; x_wconf 88' lang='lat' dir='ltr'>sancte</span> <span class='ocrx_word' id='word_1_244' title='bbox 324 2143 399 2190; x_wconf 88' lang='lat' dir='ltr'>Marie</span> <span class='ocrx_word' id='word_1_245' title='bbox 425 2143 453 2189; x_wconf 93' lang='lat' dir='ltr'>de</span> <span class='ocrx_word' id='word_1_246' title='bbox 480 2144 622 2206; x_wconf 90' lang='lat' dir='ltr'>portiuncula</span> <span class='ocrx_word' id='word_1_247' title='bbox 643 2154 746 2190; x_wconf 88' lang='lat' dir='ltr'>oraturus</span> <span class='ocrx_word' id='word_1_248' title='bbox 765 2145 864 2201; x_wconf 87' lang='lat' dir='ltr'>intraret,</span> <span class='ocrx_word' id='word_1_249' title='bbox 884 2147 924 2208; x_wconf 90' lang='lat' dir='ltr'>qui</span> 
     </span>
     <span class='ocr_line' id='line_1_32' title="bbox 157 2208 924 2273; baseline -0.001 -16"><span class='ocrx_word' id='word_1_250' title='bbox 157 2229 221 2261; x_wconf 85' lang='lat' dir='ltr'>causa</span> <span class='ocrx_word' id='word_1_251' title='bbox 240 2210 366 2266; x_wconf 84' lang='lat' dir='ltr'>oblationis,</span> <span class='ocrx_word' id='word_1_252' title='bbox 385 2208 501 2269; x_wconf 87' lang='lat' dir='ltr'>pecuniam</span> <span class='ocrx_word' id='word_1_253' title='bbox 522 2208 628 2270; x_wconf 92' lang='lat' dir='ltr'>deposuit</span> <span class='ocrx_word' id='word_1_254' title='bbox 645 2208 706 2254; x_wconf 82' lang='lat' dir='ltr'>iuxta</span> <span class='ocrx_word' id='word_1_255' title='bbox 729 2225 825 2266; x_wconf 81' lang='lat' dir='ltr'>crucem,</span> <span class='ocrx_word' id='word_1_256' title='bbox 848 2226 924 2273; x_wconf 80' lang='lat' dir='ltr'>quam,</span> 
     </span>
     <span class='ocr_line' id='line_1_33' title="bbox 157 2273 924 2336; baseline 0 -15"><span class='ocrx_word' id='word_1_257' title='bbox 157 2276 197 2322; x_wconf 87' lang='lat' dir='ltr'>illo</span> <span class='ocrx_word' id='word_1_258' title='bbox 230 2276 352 2329; x_wconf 83' lang='lat' dir='ltr'>recedente,</span> <span class='ocrx_word' id='word_1_259' title='bbox 381 2273 449 2319; x_wconf 84' lang='lat' dir='ltr'>frater</span> <span class='ocrx_word' id='word_1_260' title='bbox 478 2290 536 2317; x_wconf 90' lang='lat' dir='ltr'>unus</span> <span class='ocrx_word' id='word_1_261' title='bbox 567 2290 605 2317; x_wconf 88' lang='lat' dir='ltr'>sua</span> <span class='ocrx_word' id='word_1_262' title='bbox 634 2289 702 2318; x_wconf 89' lang='lat' dir='ltr'>manu</span> <span class='ocrx_word' id='word_1_263' title='bbox 734 2275 866 2336; x_wconf 86' lang='lat' dir='ltr'>contingens</span> <span class='ocrx_word' id='word_1_264' title='bbox 901 2277 924 2321; x_wconf 90' lang='lat' dir='ltr'>in</span> 
     </span>
     <span class='ocr_line' id='line_1_34' title="bbox 157 2337 924 2401; baseline 0 -16"><span class='ocrx_word' id='word_1_265' title='bbox 157 2339 277 2387; x_wconf 80' lang='lat' dir='ltr'>fenestram</span> <span class='ocrx_word' id='word_1_266' title='bbox 299 2337 399 2401; x_wconf 86' lang='lat' dir='ltr'>proiecit.</span> <span class='ocrx_word' id='word_1_267' title='bbox 443 2337 548 2383; x_wconf 85' lang='lat' dir='ltr'>Pervenit</span> <span class='ocrx_word' id='word_1_268' title='bbox 576 2337 604 2382; x_wconf 88' lang='lat' dir='ltr'>ad</span> <span class='ocrx_word' id='word_1_269' title='bbox 630 2347 732 2382; x_wconf 84' lang='lat' dir='ltr'>sanetum</span> <span class='ocrx_word' id='word_1_270' title='bbox 754 2338 816 2400; x_wconf 88' lang='lat' dir='ltr'>quod</span> <span class='ocrx_word' id='word_1_271' title='bbox 843 2337 924 2385; x_wconf 90' lang='lat' dir='ltr'>fecerat</span> 
     </span>
     <span class='ocr_line' id='line_1_35' title="bbox 157 2400 924 2467; baseline -0.003 -16"><span class='ocrx_word' id='word_1_272' title='bbox 157 2404 242 2461; x_wconf 82' lang='lat' dir='ltr'>frater3</span> <span class='ocrx_word' id='word_1_273' title='bbox 265 2403 429 2467; x_wconf 88' lang='lat' dir='ltr'>deprehensum</span> <span class='ocrx_word' id='word_1_274' title='bbox 447 2401 484 2448; x_wconf 91' lang='lat' dir='ltr'>ille</span> <span class='ocrx_word' id='word_1_275' title='bbox 505 2418 528 2447; x_wconf 92' lang='lat' dir='ltr'>se</span> <span class='ocrx_word' id='word_1_276' title='bbox 550 2400 636 2458; x_wconf 83' lang='lat' dir='ltr'>videns,</span> <span class='ocrx_word' id='word_1_277' title='bbox 659 2401 729 2447; x_wconf 90' lang='lat' dir='ltr'>currit</span> <span class='ocrx_word' id='word_1_278' title='bbox 748 2402 776 2447; x_wconf 92' lang='lat' dir='ltr'>ad</span> <span class='ocrx_word' id='word_1_279' title='bbox 797 2403 885 2449; x_wconf 86' lang='lat' dir='ltr'>veniam</span> <span class='ocrx_word' id='word_1_280' title='bbox 901 2415 924 2450; x_wconf 87' lang='lat' dir='ltr'>et</span> 
     </span>
     <span class='ocr_line' id='line_1_36' title="bbox 157 2465 924 2532; baseline -0.004 -14"><span class='ocrx_word' id='word_1_281' title='bbox 157 2472 227 2518; x_wconf 90' lang='lat' dir='ltr'>humo</span> <span class='ocrx_word' id='word_1_282' title='bbox 244 2478 370 2532; x_wconf 87' lang='lat' dir='ltr'>prostratus</span> <span class='ocrx_word' id='word_1_283' title='bbox 388 2484 410 2512; x_wconf 93' lang='lat' dir='ltr'>se</span> <span class='ocrx_word' id='word_1_284' title='bbox 427 2466 493 2512; x_wconf 85' lang='lat' dir='ltr'>offert</span> <span class='ocrx_word' id='word_1_285' title='bbox 510 2466 538 2512; x_wconf 90' lang='lat' dir='ltr'>ad</span> <span class='ocrx_word' id='word_1_286' title='bbox 556 2465 628 2513; x_wconf 86' lang='lat' dir='ltr'>verba.</span> <span class='ocrx_word' id='word_1_287' title='bbox 662 2466 746 2529; x_wconf 82' lang='lat' dir='ltr'>Arguit</span> <span class='ocrx_word' id='word_1_288' title='bbox 758 2467 822 2513; x_wconf 90' lang='lat' dir='ltr'>illum</span> <span class='ocrx_word' id='word_1_289' title='bbox 836 2479 924 2515; x_wconf 84' lang='lat' dir='ltr'>sanctus</span> 
     </span>
     <span class='ocr_line' id='line_1_37' title="bbox 157 2531 925 2596; baseline 0 -16"><span class='ocrx_word' id='word_1_290' title='bbox 157 2546 180 2580; x_wconf 89' lang='lat' dir='ltr'>et</span> <span class='ocrx_word' id='word_1_291' title='bbox 196 2537 224 2580; x_wconf 87' lang='lat' dir='ltr'>de</span> <span class='ocrx_word' id='word_1_292' title='bbox 234 2534 327 2596; x_wconf 86' lang='lat' dir='ltr'>pecunia</span> <span class='ocrx_word' id='word_1_293' title='bbox 337 2542 395 2578; x_wconf 88' lang='lat' dir='ltr'>tacta</span> <span class='ocrx_word' id='word_1_294' title='bbox 406 2531 521 2577; x_wconf 89' lang='lat' dir='ltr'>durissime</span> <span class='ocrx_word' id='word_1_295' title='bbox 531 2532 666 2592; x_wconf 84' lang='lat' dir='ltr'>increpatur,</span> <span class='ocrx_word' id='word_1_296' title='bbox 676 2531 738 2577; x_wconf 87' lang='lat' dir='ltr'>iubet</span> <span class='ocrx_word' id='word_1_297' title='bbox 748 2548 809 2591; x_wconf 85' lang='lat' dir='ltr'>eum,</span> <span class='ocrx_word' id='word_1_298' title='bbox 821 2549 859 2579; x_wconf 91' lang='lat' dir='ltr'>ore</span> <span class='ocrx_word' id='word_1_299' title='bbox 871 2550 925 2596; x_wconf 92' lang='lat' dir='ltr'>pro-</span> 
     </span>
     <span class='ocr_line' id='line_1_38' title="bbox 157 2595 923 2662; baseline -0.003 -17"><span class='ocrx_word' id='word_1_300' title='bbox 157 2600 213 2662; x_wconf 88' lang='lat' dir='ltr'>prio,</span> <span class='ocrx_word' id='word_1_301' title='bbox 224 2599 251 2645; x_wconf 89' lang='lat' dir='ltr'>de</span> <span class='ocrx_word' id='word_1_302' title='bbox 267 2597 363 2643; x_wconf 88' lang='lat' dir='ltr'>fenestra</span> <span class='ocrx_word' id='word_1_303' title='bbox 372 2595 445 2641; x_wconf 88' lang='lat' dir='ltr'>levare</span> <span class='ocrx_word' id='word_1_304' title='bbox 461 2595 576 2658; x_wconf 88' lang='lat' dir='ltr'>pecuniam</span> <span class='ocrx_word' id='word_1_305' title='bbox 594 2604 616 2638; x_wconf 94' lang='lat' dir='ltr'>et</span> <span class='ocrx_word' id='word_1_306' title='bbox 634 2604 694 2640; x_wconf 82' lang='lat' dir='ltr'>extra</span> <span class='ocrx_word' id='word_1_307' title='bbox 709 2599 771 2655; x_wconf 85' lang='lat' dir='ltr'>septa</span> <span class='ocrx_word' id='word_1_308' title='bbox 786 2597 830 2641; x_wconf 92' lang='lat' dir='ltr'>loci</span> <span class='ocrx_word' id='word_1_309' title='bbox 846 2599 923 2658; x_wconf 84' lang='lat' dir='ltr'>ipsam,</span> 
     </span>
     <span class='ocr_line' id='line_1_39' title="bbox 157 2659 925 2725; baseline -0.003 -15"><span class='ocrx_word' id='word_1_310' title='bbox 157 2682 196 2711; x_wconf 89' lang='lat' dir='ltr'>ore</span> <span class='ocrx_word' id='word_1_311' title='bbox 213 2680 261 2719; x_wconf 88' lang='lat' dir='ltr'>suo,</span> <span class='ocrx_word' id='word_1_312' title='bbox 282 2678 348 2725; x_wconf 90' lang='lat' dir='ltr'>super</span> <span class='ocrx_word' id='word_1_313' title='bbox 375 2670 457 2706; x_wconf 87' lang='lat' dir='ltr'>stercus</span> <span class='ocrx_word' id='word_1_314' title='bbox 483 2675 566 2721; x_wconf 87' lang='lat' dir='ltr'>ponere</span> <span class='ocrx_word' id='word_1_315' title='bbox 592 2659 692 2715; x_wconf 83' lang='lat' dir='ltr'>asinum3</span> <span class='ocrx_word' id='word_1_316' title='bbox 722 2659 821 2724; x_wconf 88' lang='lat' dir='ltr'>dumque</span> <span class='ocrx_word' id='word_1_317' title='bbox 845 2661 925 2723; x_wconf 90' lang='lat' dir='ltr'>implet</span> 
     </span>
    </p>

    <p class='ocr_par' dir='ltr' id='par_1_8' title="bbox 59 2723 924 2852">
     <span class='ocr_line' id='line_1_40' title="bbox 59 2723 924 2788; baseline -0.008 -7"><span class='ocrx_word' id='word_1_318' title='bbox 59 2743 97 2780; x_wconf 85' lang='lat' dir='ltr'>Fol.</span> <span class='ocrx_word' id='word_1_319' title='bbox 110 2747 148 2780; x_wconf 70' lang='lat' dir='ltr'>12vo</span> <span class='ocrx_word' id='word_1_320' title='bbox 157 2731 243 2776; x_wconf 90' lang='lat' dir='ltr'>iussum</span> <span class='ocrx_word' id='word_1_321' title='bbox 259 2726 326 2773; x_wconf 83' lang='lat' dir='ltr'>frater</span> <span class='ocrx_word' id='word_1_322' title='bbox 342 2725 379 2772; x_wconf 88' lang='lat' dir='ltr'>ille</span> <span class='ocrx_word' id='word_1_323' title='bbox 395 2734 512 2788; x_wconf 87' lang='lat' dir='ltr'>gratanter,</span> <span class='ocrx_word' id='word_1_324' title='bbox 529 2724 598 2771; x_wconf 88' lang='lat' dir='ltr'>timor</span> <span class='ocrx_word' id='word_1_325' title='bbox 614 2723 685 2785; x_wconf 87' lang='lat' dir='ltr'>replet</span> <span class='ocrx_word' id='word_1_326' title='bbox 701 2724 840 2772; x_wconf 87' lang='lat' dir='ltr'>audientium</span> <span class='ocrx_word' id='word_1_327' title='bbox 857 2728 924 2774; x_wconf 89' lang='lat' dir='ltr'>corda</span> 
     </span>
     <span class='ocr_line' id='line_1_41' title="bbox 158 2790 924 2852; baseline -0.003 -12"><span class='ocrx_word' id='word_1_328' title='bbox 158 2804 295 2840; x_wconf 90' lang='lat' dir='ltr'>cunctorum.</span> <span class='ocrx_word' id='word_1_329' title='bbox 341 2792 511 2852; x_wconf 85' lang='lat' dir='ltr'>Contemprrunt</span> <span class='ocrx_word' id='word_1_330' title='bbox 532 2805 616 2845; x_wconf 86' lang='lat' dir='ltr'>omnes,</span> <span class='ocrx_word' id='word_1_331' title='bbox 638 2790 709 2852; x_wconf 84' lang='lat' dir='ltr'>magis</span> <span class='ocrx_word' id='word_1_332' title='bbox 735 2791 763 2837; x_wconf 88' lang='lat' dir='ltr'>de</span> <span class='ocrx_word' id='word_1_333' title='bbox 790 2801 870 2848; x_wconf 87' lang='lat' dir='ltr'>cetero,</span> <span class='ocrx_word' id='word_1_334' title='bbox 892 2793 924 2838; x_wconf 88' lang='lat' dir='ltr'>sic</span> 
     </span>
    </p>
   </div>
   <div class='ocr_carea' id='block_1_5' title="bbox 0 0 971 3169">
    <p class='ocr_par' dir='ltr' id='par_1_9' title="bbox 0 0 971 3169">
     <span class='ocr_line' id='line_1_42' title="bbox 0 0 971 3169; baseline 0 0"><span class='ocrx_word' id='word_1_335' title='bbox 0 0 971 3169; x_wconf 95' lang='lat' dir='ltr'> </span> 
     </span>
    </p>
   </div>
  </div>
 </body>
</html>
