1919 3169
309 74 468 121 LEGENDA
484 73 640 135 ANTIQUA
826 78 856 136 89

92 172 195 219 vecordia
211 173 332 234 temporis!
372 172 460 217 Labiles
478 187 524 216 non
543 171 617 216 solum
634 188 680 216 non
698 172 805 232 erigimus
822 173 858 218 vel

93 235 240 295 continemus,
264 236 303 283 sed
325 251 488 308 nonnunquam
509 234 647 298 impellimus
669 235 697 281 ad
726 235 856 284 cadendum¹

93 300 184 347 Nichilo
195 314 325 363 reputamus
342 300 426 362 pastori
442 299 475 345 illi
492 317 583 346 summo
600 317 668 346 unam
688 299 800 347 oviculam
819 302 866 348 de-

93 378 194 423 tractare,
206 384 247 430 pro
258 384 302 430 qua
313 365 430 412 validum
425 381 448 410 m
466 381 530 410 cruce
548 365 669 411 clamorem
687 382 738 411 cum
755 366 859 428 lacrymis

93 431 184 490 optulit.
217 431 291 480 Aliter
302 441 336 484 tu,
347 440 422 474 sancte
439 440 515 489 pater;
532 440 630 474 errantes
647 429 717 474 malos
734 431 857 484 emendare,

93 509 161 555 quam
172 495 272 555 perdere
306 493 393 539 Scimus
404 502 479 538 tamen
490 492 582 538 morbos
598 493 688 554 proprie
704 493 784 539 volunt
776 493 815 539 tiat
808 509 827 539 rs
837 493 861 538 in

94 558 227 620 quibusdam
244 558 310 604 altius
328 558 445 615 radicatos,
463 556 538 619 eisque
556 573 613 618 opus
630 573 676 602 esse
693 557 800 612 cauterio,
815 574 861 603 non

93 633 218 696 unguento.
261 622 346 685 Liquet
370 622 438 680 enim,
460 620 562 683 plurimis
589 638 635 667 esse
659 621 769 668 salubrius
790 620 861 668 ferrea

93 687 157 759 virga
178 687 298 750 confringi,
321 703 389 749 quarn
413 658 522 742 nfanibus,
546 686 642 733 deliniri.
676 688 718 733 Sed
740 687 814 733 oleum
836 697 859 733 et

93 768 179 807 vinum,
198 753 263 813 virga
281 762 304 797 et
324 752 422 806 baculus,
439 750 500 796 zelus
519 761 541 795 et
559 751 638 812 pictae,
654 752 712 797 ustio
731 762 754 796 et
772 752 858 806 unctio,

94 831 167 861 carcer
186 826 209 862 et
230 815 349 877 gremium,
370 815 445 861 omnia
464 824 553 876 tempus
574 815 671 862 habent:
697 815 801 861 universa
818 816 859 861 hec

93 879 149 926 deus
164 879 278 926 ultionum
297 890 320 926 et
337 889 399 942 pater
417 878 621 926 misericordiarum
640 879 752 943 requirit;
773 879 860 926 miseri-

93 945 191 991 cordiam
202 956 278 991 tamen
289 945 407 1007 plusquam
417 945 548 991 sacrificium
559 945 644 991 volens.

139 1041 345 1134 Idonnumquam
373 1083 447 1118 mente
475 1074 518 1118 deo
551 1072 670 1118 excedebat
700 1074 757 1118 miro
784 1073 937 1129 modo,[z-1uJ]

94 1136 202 1184 iubilabat
213 1137 235 1182 in
246 1136 327 1199 spiritu
338 1136 426 1184 viriste
437 1137 594 1195 sanctissimus,
607 1138 712 1199 quotiens
724 1137 795 1183 bonus
807 1138 863 1183 odor

95 1202 122 1248 ad
144 1202 220 1264 ipsum
242 1201 428 1264 progrediebatur
452 1202 480 1247 de
508 1202 565 1247 filiis.
610 1202 714 1265 Contigit
742 1203 863 1265 quemdam

94 1284 205 1330 yspanum
225 1267 267 1313 deo
285 1267 395 1314 devotum
413 1267 518 1312 clericum
535 1266 622 1328 perfrui
640 1267 760 1329 aliquando
778 1268 863 1314 visione

94 1342 117 1376 et
128 1331 264 1378 allocutione
275 1332 344 1377 sancti
357 1332 476 1387 Francisci,
488 1331 527 1394 qui
538 1333 596 1376 inter
607 1331 648 1377 alia
659 1332 687 1377 de
698 1330 812 1388 fratribus,
825 1332 864 1394 qui

95 1397 119 1443 in
138 1398 229 1456 yspania
247 1406 316 1451 erant,
335 1396 374 1440 tali
397 1405 499 1440 sanctum
518 1395 634 1441 letificavit
653 1396 741 1440 relatu:
767 1396 864 1453 Fratres,
903 1454 904 1458 Ἰ

94 1460 182 1522 inquid,
193 1459 227 1504 tui
239 1460 262 1504 in
272 1471 332 1504 terra
343 1470 419 1504 nostra
430 1460 453 1504 in
465 1460 601 1520 pauperculo
609 1461 709 1521 quodam
718 1461 864 1506 heremitorio

95 1534 259 1570 commorantes
265 1525 296 1569 ita
303 1524 393 1570 vivendi
401 1523 495 1569 modum
502 1523 544 1569 sibi
553 1534 691 1580 statuerunt,
700 1538 725 1571 ut
733 1524 806 1571 media
813 1541 863 1587 pars

95 1590 224 1635 domesticis
243 1589 300 1635 curis
319 1589 453 1643 intenderet,
472 1588 546 1634 media
564 1589 749 1650 contemplationi
768 1600 862 1635 vacaret.

96 1653 151 1698 Hoc
170 1653 239 1699 modo
261 1652 361 1716 qualibet
383 1652 508 1698 ebdomada
529 1652 553 1697 in
572 1652 770 1714 contemplativam
792 1655 938 1706 activaFol.83

96 1716 203 1762 transibat
228 1727 250 1762 et
271 1717 474 1777 contemplantium
496 1717 560 1777 quies
581 1717 608 1762 ad
635 1717 738 1762 laborum
760 1718 863 1762 exercitia

95 1780 228 1829 recurrebat.

144 1847 187 1892 Die
198 1846 296 1909 quadam
308 1844 380 1907 posita
396 1862 479 1901 mensa,
497 1844 608 1908 signoque
624 1846 709 1892 vocatis
726 1845 861 1902 absentibus,

96 1927 174 1956 omnes
195 1921 270 1972 preter
289 1926 362 1957 unum
384 1911 529 1964 conveniunt,
549 1911 590 1971 qui
612 1911 640 1956 de
659 1912 863 1971 contemplantibus

95 1986 157 2030 erat;
174 1985 225 2035 post
237 1974 414 2035 expectationem
429 1973 591 2034 aliquantulam
603 1974 649 2018 itur
661 1975 687 2018 ad
700 1975 785 2031 cellam,
797 1985 824 2020 ut
835 1976 862 2020 ad

97 2055 196 2084 mensam
213 2047 315 2095 vocetur,
333 2053 384 2082 cum
401 2036 530 2098 profusiore
546 2037 583 2083 ille
602 2054 679 2084 mensa
697 2038 835 2086 relitiebatur
851 2056 863 2084 a

96 2103 197 2149 domino.
231 2102 346 2165 Siquidem
362 2102 425 2148 humi
444 2112 569 2163 prostratus
586 2102 610 2147 in
627 2102 711 2157 faciem,
725 2104 748 2148 in
766 2105 862 2151 modum

97 2169 170 2213 crucis
180 2168 291 2228 reperitur
302 2176 413 2221 extensus
425 2182 465 2211 nec
476 2167 583 2221 anhelitu,
595 2182 634 2211 nec
645 2178 711 2212 motu
722 2169 785 2229 quod
797 2169 863 2214 vivus

96 2243 153 2277 esset
174 2247 286 2294 apparens
321 2229 423 2275 Ardebat
444 2231 472 2275 ad
494 2242 561 2293 caput
582 2231 630 2277 eius
651 2242 673 2276 et
695 2232 762 2293 pedes
783 2231 861 2279 binum

98 2297 263 2354 candelabrum,
286 2314 330 2358 que
351 2295 422 2341 rutilo
443 2295 533 2358 fulgore
555 2296 613 2342 miro
638 2296 707 2342 modo
728 2297 862 2344 lustrabant.

97 2362 232 2407 Dimictitur
243 2362 266 2404 in
283 2375 342 2420 pace,
354 2376 381 2403 ne
398 2361 488 2404 molesti
503 2370 576 2404 essent
592 2360 701 2414 unctioni,
712 2377 740 2404 ne
755 2363 864 2408 suscitent

97 2425 212 2481 dilectum,
225 2438 344 2486 quousque
362 2423 409 2484 ipsa
426 2423 499 2470 vellet.
534 2423 654 2469 Rimantur
673 2423 767 2485 proinde
784 2423 863 2471 fratres

97 2506 136 2551 per
148 2489 201 2536 celle
212 2487 322 2536 foramina
332 2498 415 2533 stantes
433 2499 485 2550 post
502 2489 609 2550 parietem
628 2498 650 2534 et
667 2490 808 2550 respicientes
824 2509 863 2553 per

97 2555 212 2600 cancellos.
241 2553 306 2605 Quid
318 2553 399 2614 plura?
426 2553 491 2598 Dum
502 2570 557 2610 eam,
570 2570 614 2616 que
625 2553 738 2600 habitabat
749 2555 772 2600 in
784 2556 862 2611 hortis,

97 2619 248 2665 auscultarent
260 2618 331 2675 amici,
342 2616 425 2672 subito
437 2617 523 2663 lumine
539 2618 672 2679 disparente,
684 2619 744 2664 redit
760 2619 829 2665 frater
840 2621 863 2665 in

98 2683 229 2735 hominem;
252 2682 326 2742 surgit
345 2680 448 2741 protinus
466 2683 532 2726 etad
549 2697 648 2726 mensam
666 2683 757 2727 veniens
775 2683 863 2744 culpam

98 2744 153 2792 dicit
170 2745 197 2793 de
215 2762 284 2795 mora.
319 2743 361 2802 Sic,
377 2743 458 2808 inquid
478 2745 514 2792 ille
535 2746 654 2809 hyspanus,
671 2745 695 2792 in
712 2757 771 2794 terra
789 2758 864 2795 nostra

97 2820 178 2857 evenit.
