1919 3169
269 82 604 158 tucuuua'nrvrroun
783 115 825 161 ως

63 200 103 246 tibi
121 198 218 253 videtur,
237 197 269 242 fili
287 196 409 252 karissime,
427 194 490 256 quod
507 195 642 240 conscientia
660 211 709 241 mea
727 196 755 241 de
775 212 827 241 cura

64 263 163 325 corporis
182 260 311 324 frequenter
330 258 513 305 submurmurat?
554 258 638 316 Timet,
659 275 686 304 ne
705 259 827 305 infirmanti

64 329 129 374 nimis
140 327 268 390 indulgeam
275 336 298 371 et
304 324 419 387 exquisitis
427 323 446 367 ei
457 323 560 369 studeam
571 322 679 369 fomentis
691 341 827 381 succurrere,

65 410 110 440 non
121 392 184 455 quod
195 394 269 453 ipsum
280 392 324 437 iam
335 389 420 451 aliquid
437 388 532 435 delectet
548 389 645 451 accipere
661 390 685 435 in
701 390 829 437 infirmitate

64 459 131 519 longa
150 456 286 511 confectum,
305 472 318 499 a
337 470 383 516 quo
405 454 476 499 totius
495 454 578 515 saporis
599 455 688 499 recessit
710 455 827 515 impulsus.

67 521 190 582 Respondit
206 519 265 565 filius
284 518 402 580 diligenter
421 517 448 562 ad
467 528 560 577 patrem,
578 534 591 562 a
609 518 702 563 domino
721 519 763 563 sibi
782 519 829 564 dari

65 584 161 633 verbum
178 582 327 646 responsionis
345 595 481 644 agnoscens:
506 581 550 626 Dic
568 581 630 638 mihi,
651 583 668 627 si
688 583 794 645 dignaris,
814 598 828 628 o

65 660 134 713 pater,
145 665 190 711 qua
201 648 316 710 diligentia
327 663 408 709 corpus
416 656 492 702 tuum,
500 646 556 692 dum
567 647 650 707 potuit,
659 648 705 694 tuis
713 648 828 710 obtempe-

66 715 124 761 ravit
135 713 259 759 mandatis?
295 712 344 764 Qui
356 712 402 758 ait:
419 711 588 758 Testimonium
604 712 636 757 illi
652 713 765 775 perhibeo,
777 714 829 776 quia

66 796 105 842 per
117 779 191 824 omnia
209 776 314 823 obediens
331 776 382 833 fuit,
402 776 426 821 in
444 775 507 822 nullo
525 775 655 838 sibimetipsi
672 779 778 840 pepercit,
790 779 829 825 sed

67 843 130 906 quasi
141 843 242 903 princeps
253 840 281 886 ad
292 850 372 887 cuncta
382 839 495 886 ferebatur
505 841 603 901 imperia.
632 841 730 888 Nullum
741 842 830 888 subter-

67 907 126 971 fugit
137 905 243 962 laborem,
254 905 343 952 nullum
355 904 473 952 declinavit
482 904 659 963 incommodum,
669 907 829 954 tantummodo

67 975 126 1019 iussa
136 982 210 1033 posset
221 971 332 1032 perficere.
367 972 393 1015 ln
411 971 453 1016 hoc
470 970 566 1031 perfecte
584 973 730 1018 convenimus
748 989 790 1034 ego
808 983 830 1018 et

68 1040 150 1098 ipsum,
162 1046 188 1081 ut
199 1035 245 1080 sine
256 1035 328 1097 aliqua
339 1035 486 1097 repugnantia
494 1035 576 1081 christo
588 1036 681 1082 domino
689 1037 828 1084 serviremus.

69 1103 100 1148 Et
111 1102 141 1146 ait
151 1099 220 1145 frater
231 1116 235 1145 :
254 1098 302 1145 Ubi
313 1109 346 1144 est
357 1115 416 1161 ergo,
430 1108 499 1160 pater,
510 1099 627 1144 liberalitas
637 1101 693 1148 tua?
710 1100 749 1147 ubi
761 1102 830 1163 pietas

68 1176 90 1211 et
101 1181 189 1210 summa
205 1163 323 1208 discretio?
358 1164 401 1208 Est
418 1179 445 1208 ne
462 1163 503 1208 ista
520 1163 621 1209 fidelium
638 1165 762 1211 amicorum
779 1166 831 1212 red-

68 1230 148 1277 dibitio
159 1229 235 1293 digna,
246 1228 378 1274 beneficium
388 1227 482 1274 libenter
494 1229 591 1290 accipere
602 1245 641 1276 nec
652 1230 694 1293 ipsi
710 1232 830 1278 necessario

69 1296 130 1342 danti
150 1311 190 1355 pro
210 1295 291 1339 merito
309 1294 461 1354 respondere?
494 1294 559 1345 Quid
577 1295 660 1340 servire
677 1296 770 1342 domino
788 1307 830 1344 tuo

69 1360 158 1405 Christo
169 1358 251 1420 absque
262 1358 345 1404 auxilio
354 1357 455 1419 corporis
465 1367 557 1403 actenus
573 1359 701 1419 impendere
718 1362 828 1421 potuisti?

70 1424 160 1479 Nonne,
172 1433 199 1469 ut
210 1423 256 1484 ipse
267 1421 348 1478 fateris,
361 1432 452 1484 propter
464 1422 506 1467 hoc
523 1438 545 1467 se
562 1423 623 1468 omni
634 1424 733 1486 periculo
750 1425 828 1473 dedit?

70 1489 157 1546 Fateor,
169 1488 209 1546 lili,
220 1488 251 1533 ait
261 1497 329 1549 pater,
342 1487 384 1532 hoc
401 1504 447 1533 esse
465 1487 613 1533 verissimum.
647 1490 679 1535 Et
696 1490 770 1537 filius:
789 1491 831 1536 Est

69 1570 96 1598 ne
117 1554 159 1598 hoc
181 1553 261 1598 rationi
284 1554 423 1608 conveniens
443 1561 469 1598 ut
488 1562 534 1597 tam
556 1553 616 1598 fideli
638 1555 708 1600 amico
727 1556 750 1600 in
769 1565 831 1601 tanta

70 1618 196 1662 necessitate
208 1615 299 1672 defissis,
311 1616 350 1678 qui
362 1633 384 1660 se
395 1626 418 1660 et
437 1633 476 1662 sua
495 1632 537 1677 pro
555 1626 577 1661 te
597 1634 669 1680 usque
686 1620 714 1664 ad
733 1630 829 1665 mortem

68 1681 187 1742 exposuit?
219 1680 288 1726 Absit
299 1696 311 1726 a
321 1690 350 1736 te,
358 1690 427 1742 pater,
436 1680 545 1726 auxilium
556 1690 579 1726 et
587 1681 678 1728 baculus
689 1683 830 1740 afflictorum,

69 1745 125 1792 absit
136 1763 148 1791 a
159 1756 181 1791 te
192 1745 234 1790 hoc
243 1754 358 1806 peccatum
367 1745 390 1790 in
398 1745 498 1792 domino,
527 1745 661 1793 Benedictus
669 1764 692 1793 es
701 1758 734 1806 tu,
744 1749 830 1811 inquid,

69 1810 106 1866 fili,
119 1811 159 1873 qui
170 1811 280 1872 sapienter
292 1811 346 1856 meis
357 1809 556 1872 disceptationibus
564 1821 610 1856 tam
621 1811 723 1858 salutaria
734 1815 831 1860 remedia

68 1875 199 1936 propinasti.

91 1961 92 1964 ¹
117 1940 148 1986 Et
160 1939 218 2001 cepit
229 1938 319 2000 ylariter
330 1939 393 2001 loqui
405 1939 432 1985 ad
446 1955 543 2001 corpus:
562 1940 646 1999 Gaude,
660 1940 732 1989 frater
749 1959 830 2005 corpus

69 2013 91 2048 et
103 2020 166 2064 parce
178 2004 239 2058 mihi,
251 2005 304 2064 quia
315 2020 364 2048 ecce
375 2005 419 2048 iam
430 2004 509 2064 placita
519 2004 614 2049 libenter
627 2006 722 2066 perficio,
735 2007 831 2053 libenter

68 2068 113 2113 tuis
132 2066 232 2130 querulis
251 2067 367 2112 affectibus
389 2066 509 2113 subvenire
528 2067 615 2115 festino.
650 2071 692 2116 Sed
711 2071 767 2133 quid
786 2073 829 2117 iam

68 2133 194 2179 extinctum
205 2142 292 2193 poterat
299 2131 406 2177 delectare
416 2133 590 2193 corpusculum?
618 2133 683 2187 Quid
691 2136 830 2183 substentare

68 2213 95 2241 ex
110 2198 172 2243 omni
188 2207 251 2258 parte
267 2197 399 2257 collaptam?
435 2199 546 2244 Mortuus
562 2208 609 2244 erat
621 2199 769 2247 Francischus
786 2202 830 2248 iam

69 2261 163 2316 mundo,
175 2262 214 2308 sed
225 2260 321 2307 christus
332 2260 421 2306 vivebat
434 2262 457 2306 in
474 2278 506 2308 eo.
541 2262 603 2308 Crux
620 2262 651 2308 illi
669 2275 732 2310 erant
749 2267 830 2313 mundi

69 2325 150 2381 delitie,
159 2326 211 2387 quia
222 2325 297 2370 christi
308 2341 396 2369 crucem
408 2325 526 2370 radicatam
537 2325 627 2389 gerebat
637 2327 660 2371 in
672 2330 739 2376 corde
750 2340 772 2375 et
781 2331 831 2376 ideo

68 2389 172 2452 stigmata
182 2389 280 2436 exterius
291 2388 406 2453 fulgebant
418 2390 440 2435 in
449 2407 519 2448 carne,
527 2391 580 2454 quia
588 2391 647 2438 intus
655 2393 718 2439 radix
726 2394 831 2442 altissima

69 2455 204 2503 excrescebat
215 2456 238 2500 in
250 2465 331 2501 mente.

114 2550 167 2633 Ita
178 2600 205 2628 ex
212 2583 274 2628 omni
285 2592 345 2644 parte
354 2582 487 2628 cruciatibus
495 2583 554 2629 fesso
562 2584 651 2642 mirum,
661 2587 724 2649 quod
733 2589 898 2642 sufficere[oe-J]

69 2647 127 2693 vires
138 2649 165 2694 ad
177 2648 316 2694 tolerantiam
327 2656 435 2708 poterant.
470 2649 520 2695 Has
532 2665 586 2695 vero
597 2666 646 2696 suas
663 2654 775 2715 angustias
786 2670 831 2700 non

69 2729 177 2773 penarum
199 2713 300 2759 censebat
322 2712 418 2768 nomine,
441 2713 479 2759 sed
502 2731 610 2771 sororum,
633 2733 687 2777 quas
707 2719 784 2764 multis
805 2736 832 2764 ex

69 2776 140 2823 causis
167 2778 294 2838 provenisse
322 2793 367 2822 non
395 2777 489 2823 dubium
518 2789 557 2824 est.
607 2779 661 2826 Sane
695 2793 721 2828 ut
754 2785 832 2829 clarior

70 2840 133 2885 fieret
157 2858 183 2886 ex
207 2842 333 2904 triumphis,
364 2859 410 2886 non
435 2843 509 2887 solum
534 2844 642 2904 tyrocinio
666 2862 707 2891 suo
735 2848 833 2894 difficilia
