1919 3169
150 116 178 161 ¹4
337 97 537 145 TRACTATUS
554 97 729 145 SECUNDUS

112 230 114 235 ·
146 199 216 259 Surge
232 198 276 243 iam
292 196 387 260 impiger
403 207 426 243 et
440 196 554 243 hostiatim
566 196 702 258 plurimenta
712 196 792 243 cibaria
803 196 911 243 mendica.

148 261 209 307 Petit
233 270 352 324 propterea
375 275 415 322 per
439 261 532 306 Asisum
557 270 618 306 cocta
643 260 730 305 cibaria.
764 261 795 306 Et
820 262 912 307 diversis

147 326 238 374 ferculis
259 341 349 372 cernens
371 324 511 387 parapsidem
533 325 628 388 plenam,
650 324 743 371 horrore
764 324 838 387 primo
862 339 912 387 per-

147 392 240 448 cutitur,
259 392 298 437 sed
320 391 356 437 dei
378 405 464 436 memor
483 400 506 436 et
525 392 559 436 sui
577 391 654 446 victor,
674 389 730 436 illud
750 407 802 437 cum
821 390 912 452 spiritus

147 457 293 502 delectatione
309 454 436 501 manducat.
465 456 549 500 Omnia
565 455 619 500 lenit
638 471 701 500 amor
719 466 742 501 et
760 471 827 501 omne
846 454 912 500 dulce

147 518 199 566 facit
215 533 323 566 amarum.

81 684 143 727 tri-x]
308 675 343 717 De
351 676 537 728 expropriatione
546 673 623 717 fratris
633 674 750 717 Bernardi.

156 813 157 817 ¹
193 761 352 846 Bernartius
363 790 455 851 quidam
466 791 494 834 de
512 790 602 836 civitate
618 791 694 845 assisii,
704 792 745 852 qui
761 801 838 851 postea
854 792 913 837 filius

146 854 190 901 fuit
204 854 357 917 perfectionis,
369 870 421 900 cum
438 854 480 901 viri
497 853 533 899 dei
548 853 651 916 exemplo
667 854 796 916 disponeret
812 854 913 901 seculum

146 919 248 983 perfecte
255 929 420 981 contempnere,
429 918 547 965 consilium
558 919 605 965 eius
614 919 709 983 supplex
717 920 824 982 exposcit.
853 921 913 966 Con-

146 985 231 1032 sultans
239 986 308 1047 igitur
315 1000 367 1031 eum
375 985 405 1030 sic
413 985 444 1029 ait
454 1003 459 1029 ι
477 984 498 1028 Si
506 985 564 1046 quis,
572 1001 585 1029 o
592 995 662 1045 pater,
669 985 727 1030 bona
736 985 868 1048 cuiusquam
877 986 913 1032 dei

145 1050 215 1114 longo
226 1062 326 1112 ternpore
338 1050 471 1112 possedisset
482 1059 504 1095 et
516 1048 586 1095 nollet
597 1048 634 1095 illa
645 1050 740 1096 retinere
751 1050 794 1096 iam
809 1049 911 1113 amplius,

69 1117 202 1179 Fol4¹⁹quid
221 1116 250 1161 de
268 1115 311 1159 illis
329 1114 451 1176 perfectius
469 1113 528 1158 foret
546 1115 674 1175 agendum?
705 1115 846 1177 Resignanda
867 1132 913 1161 esse

147 1190 225 1225 cuncta
248 1178 341 1224 domino
365 1194 414 1234 suo,
438 1194 450 1223 a
474 1193 521 1239 quo
543 1176 579 1221 illa
601 1188 719 1240 receperat,
741 1180 856 1240 respondit
878 1181 913 1224 vir

146 1245 190 1291 dei.
222 1244 254 1290 Et
271 1242 396 1289 Bernardus
415 1241 444 1288 ad
460 1259 530 1287 eum:
549 1241 669 1300 Universa,
683 1259 728 1306 quc
745 1244 822 1301 habeo,
841 1260 853 1290 a
871 1245 913 1290 deo

145 1309 200 1354 mihi
213 1309 265 1354 data
282 1323 400 1369 cognosco,
412 1322 457 1368 que
474 1307 501 1352 ad
520 1306 639 1352 consilium
657 1318 723 1353 tuum
740 1308 851 1370 resignare
868 1308 912 1353 iam

144 1372 186 1417 sibi
197 1373 275 1416 assisto
288 1380 383 1433 paratus.
419 1370 441 1415 Si
457 1370 523 1426 dicta,
535 1371 615 1430 inquid
632 1381 727 1426 sanctus,
739 1371 802 1417 factis
819 1371 913 1434 probare

144 1436 249 1493 volueris,
261 1450 351 1481 summo
362 1449 426 1479 mane
437 1433 547 1480 intremus
558 1433 670 1481 ecclesiam
682 1445 704 1481 et
716 1436 825 1498 evangelii
837 1436 912 1482 codice

146 1511 244 1561 sumpto,
256 1516 268 1545 a
280 1498 364 1544 christo
375 1514 495 1560 queramus
507 1497 634 1543 consilium.

192 1564 282 1612 lntrant
301 1564 377 1626 itaque
396 1561 517 1620 ecclesiam,
535 1578 599 1607 mane
621 1563 665 1608 iam
687 1562 746 1609 facto
767 1574 790 1609 et
812 1565 913 1610 oratione

143 1631 225 1678 devote
241 1630 355 1692 premissa,
371 1628 481 1689 evangelii
498 1627 581 1673 librum
599 1629 709 1689 aperiunt,
728 1629 871 1691 disponentes
889 1629 913 1676 id

144 1694 220 1749 facere,
232 1695 295 1754 quod
313 1692 399 1738 consilii
416 1693 515 1753 primum
533 1702 639 1740 occurrat.
673 1693 771 1753 Aperuit
787 1694 871 1739 librum
890 1704 912 1740 et

144 1758 343 1819 consilium{suum
357 1756 380 1800 in
392 1770 420 1800 eo
430 1755 501 1816 aperit
513 1755 617 1800 Christus
629 1772 633 1801 :
652 1756 674 1800 Si
685 1757 720 1802 vis
732 1756 844 1817 perfectus
860 1774 913 1813 esse,

145 1823 201 1871 vade
212 1832 234 1869 et
245 1821 318 1868 vende
329 1820 412 1878 omnia,
423 1835 468 1882 que
480 1818 545 1864 habes
556 1830 579 1864 et
592 1820 620 1866 da
636 1819 778 1882 pauperibus.
812 1820 913 1867 Secundo

145 1888 169 1935 id
190 1887 298 1951 replicant
320 1895 342 1931 et
364 1884 433 1930 nichil
454 1884 549 1929 tuleritis
571 1885 654 1940 invia,
672 1886 775 1932 occurrit.
816 1886 913 1933 Addunt

145 1953 188 1999 hoc
208 1962 230 2012 3⁰
249 1961 271 1997 et
290 1951 330 2014 qui
349 1949 401 1996 vult
420 1950 496 1995 venire
514 1959 566 2011 post
585 1965 627 2007 me,
647 1949 742 2012 abneget
759 1951 912 2013 semetipsum,

145 2017 271 2062 inveniunt.
320 2013 417 2074 Absque
449 2014 590 2058 cunctatione
618 2015 658 2058 hec
689 2016 763 2059 omnia
791 2016 914 2061 bernardus

145 2080 259 2144 adimplet,
278 2096 317 2124 nec
336 2076 422 2124 consilii
441 2077 508 2123 huius
527 2077 564 2124 vel
583 2093 655 2124 unum
674 2078 720 2125 iota
742 2079 913 2141 transgreditur.

147 2147 316 2194 Cbnvertuntur
327 2161 340 2191 a
351 2142 523 2190 mordacissimis
534 2142 591 2189 curis
603 2143 722 2190 mundanis
733 2154 834 2208 tempore
852 2144 914 2192 brevi

148 2211 293 2274 quamplures
306 2219 329 2254 et
344 2208 372 2253 ad
388 2207 503 2252 infinitum
519 2206 612 2266 bonum,
624 2208 681 2254 duce
697 2208 829 2266 franrischo,
840 2227 912 2258 rever-

147 2284 226 2322 tuntur
248 2274 272 2318 in
292 2272 395 2334 patriam.
431 2271 537 2334 Longum
559 2282 616 2316 esset
638 2273 667 2317 de
688 2274 781 2334 singulis
803 2277 913 2337 persequi,

147 2340 243 2404 qualiter
258 2337 362 2383 bravium
380 2350 474 2396 superne
486 2335 609 2382 vocationis
625 2336 764 2399 attingerint.

82 2503 144 2547 [nxJ]
187 2499 222 2540 De
235 2495 382 2539 similitudine
396 2505 464 2545 quarn
478 2506 554 2538 coram
568 2495 660 2538 domino
674 2507 734 2548 papa
748 2500 872 2550 proposuit.

194 2596 338 2691 &empore³
347 2643 395 2691 quo
406 2626 434 2673 ad
449 2627 568 2690 petendam
585 2628 632 2674 vite
649 2645 689 2674 sue
706 2629 813 2693 regulam,
825 2647 848 2676 se
863 2647 913 2677 curn

150 2697 289 2756 suis,coram
300 2711 357 2757 papa
367 2693 496 2739 innocentio
504 2694 648 2756 presentavit,
657 2710 709 2741 cum
720 2695 768 2742 eius
778 2712 845 2758 supra
854 2698 915 2745 vires

150 2761 292 2824 propositum
311 2758 485 2806 conversationis
506 2775 563 2820 papa
584 2759 677 2816 videret,
699 2759 757 2806 sicut
777 2761 852 2807 homo·
869 2762 914 2808 dis-

149 2826 248 2873 cretione
266 2823 363 2869 maxima
379 2822 500 2883 predictus,
519 2823 575 2867 dixit
596 2823 713 2869 adeum:
755 2826 810 2881 Ora,
828 2826 867 2880 fili,
886 2828 914 2873 ad
