1919 3169
127 35 139 80 6
459 35 563 82 INDEX

90 146 119 188 [U]
218 149 253 191 De
266 149 400 191 obedientia
425 148 462 184 Sub
479 149 513 185 hoe
527 150 577 187 titulo
591 151 686 186 continetur
699 150 746 199 quod
759 157 827 185 sanctus

395 200 495 243 franciscus,
510 201 551 235 dum
567 202 618 243 vixit,
636 214 701 248 semper
717 201 827 247 guardianum

396 250 479 301 prelatum
489 251 548 288 habuit
588 276 826 288 .....

128 304 253 341 Paraenarao
271 306 288 352 J.
373 303 451 351 Qualiter
466 315 524 340 rerum
539 305 647 341 obedientem
658 304 760 353 descripsit;
775 312 793 338 et
806 278 828 338 de

395 356 448 392 tribus
457 356 558 393 obedientiis
590 382 826 392 .....

200 437 205 453 ,
270 408 297 457 IJ.
370 408 424 456 Quod
433 421 467 444 non
477 419 502 444 est
515 409 537 446 de
550 409 584 446 levi
597 421 626 458 per
640 408 756 445 obedientiam
770 409 827 457 preci-

396 461 477 508 piendum

193 539 205 554 ‚‚
271 510 309 558 HJ.
372 510 403 547 De
412 511 470 553 fratre,
481 512 528 546 cuius
537 513 609 560 proiecit
618 512 635 546 in
645 512 684 557 igne
694 512 779 559 caputium
823 537 826 545 ι

92 562 122 604 lV]
221 561 827 612 Dehiis‚quibonnm,velmalumexemplurnponunt.

65 606 103 643 F0l·
113 604 124 641 6
398 614 435 651 Sub
440 615 474 651 hoc
480 614 529 651 titulo
535 616 602 665 ponitur
609 615 696 651 cuiusdam
702 614 759 652 fratris
765 615 829 651 bonum

397 667 497 715 exemplum
506 667 568 711 dantis,
577 668 599 704 de
609 680 656 703 more
664 667 735 703 fratrum
749 667 828 716 antiquo-

397 733 434 754 rum
443 720 460 754 in
469 720 503 754 hoc
513 720 566 768 ipsum
574 735 578 763 ς
594 729 611 755 et
619 719 766 755 benedictionibus
775 720 829 755 sancti

193 800 204 816 ‚‚
269 772 285 818 J
373 770 403 806 De
417 771 518 818 quibusdam
533 771 596 807 malurn
609 770 708 819 exemplum
721 771 800 808 dantibus
812 780 828 806 et

397 820 518 857 maledictione
525 823 579 857 sancti
588 822 605 857 in
612 823 657 870 ipsos
664 837 669 866 ς
684 831 702 858 et
711 822 758 871 quod
763 822 828 869 gravis-

398 874 440 909 sime
449 874 481 909 ista
490 884 558 911 sanctus
567 873 653 910 ferebat.
707 902 710 909 .
765 900 769 909 .
824 901 827 909 .

193 957 205 976 ‚,
271 926 298 976 IJ.
369 925 399 962 De
406 925 509 963 revelatione
517 928 570 964 sancti
577 940 587 963 a
593 927 627 964 deo
633 926 679 963 facta
686 927 709 963 de
715 936 759 964 statu
766 927 830 964 ordinis

219 979 304 1021 Contra
311 978 383 1019 Otium
391 982 414 1019 el:
421 978 515 1019 otiosos.
535 978 571 1015 Sub
576 980 610 1015 hoc
617 979 667 1016 titulo
674 981 741 1028 ponitur
748 978 829 1017 revelatio

396 1030 419 1065 ad
434 1040 511 1066 sanctum
525 1030 577 1074 facta,
587 1031 656 1079 quando
671 1041 716 1067 esset
730 1044 787 1067 servus
801 1031 829 1066 dei

397 1082 468 1118 velnon
474 1108 828 1118 .......

194 1162 205 1180 ‚‚
270 1135 286 1182 J.
370 1132 436 1169 Contra
445 1134 500 1169 otiosa
508 1132 597 1183 loquentes
650 1161 653 1169 .
708 1162 711 1169 .
767 1161 770 1169 .

194 1214 206 1232 „
272 1185 298 1234 IJ.
371 1185 451 1233 Qualiter
460 1187 495 1234 ipse
505 1184 582 1222 laborans
592 1187 656 1222 otiosos
665 1186 769 1223 odiebat.
825 1212 828 1221 .

195 1266 207 1283 „
272 1236 309 1287 IIJ.
372 1238 477 1274 Lamenturn
487 1236 508 1274 ad
518 1236 607 1274 Deumde
616 1238 674 1274 otiosis
683 1247 700 1274 et
708 1237 772 1287 gulosis
825 1265 829 1273 .

221 1291 255 1331 De
264 1290 374 1330 ministris
383 1289 445 1330 verbi
453 1289 500 1330 Dei.
524 1289 560 1326 Sub
569 1291 603 1326 hoe
612 1289 662 1327 titulo
671 1292 767 1327 continetur
776 1290 830 1339 qualis

398 1342 460 1377 debeat
468 1354 505 1376 esse
513 1342 610 1388 predicator
622 1351 640 1377 et
648 1342 670 1377 de
683 1342 766 1389 dignitate
779 1343 831 1390 ipsius

195 1420 206 1439 ‚‚
272 1394 288 1441 J.
376 1390 441 1426 Contra
454 1405 496 1427 vana
509 1391 564 1438 glorie
573 1402 687 1441 appetitores
702 1394 749 1428 etde
758 1393 829 1442 exposi

399 1444 605 1492 tionepropheticiverbi
650 1471 654 1480 .
708 1472 711 1479 .

222 1496 256 1539 De
267 1495 459 1547 contemplatione
466 1498 528 1538 crea
530 1496 575 1538 oris
583 1495 605 1537 in
615 1496 732 1539 creaturis.
754 1471 829 1534 sithoc

399 1548 449 1585 titulo
463 1550 559 1585 continetur
575 1550 628 1585 sancti
643 1562 691 1585 amor
706 1550 728 1586 ad
744 1548 830 1586 sensibiles

399 1610 416 1636 et
425 1599 530 1637 insensibiles
539 1610 585 1637 crea
586 1614 654 1637 uras.
709 1630 712 1638 .
766 1630 770 1637 .

377 1651 491 1712 Quomodo
486 1666 522 1702 ipse
535 1662 611 1689 creature
626 1654 658 1689 sibi
673 1655 735 1690 amoris
746 1654 829 1703 repende-

399 1705 463 1738 bant
448 1717 515 1746 vrcem;
529 1714 546 1739 et
555 1706 590 1739 de
586 1718 625 1751 igne
635 1707 664 1753 qui
672 1718 711 1740 eum
720 1718 754 1740 non
763 1705 829 1740 lesit.

372 1753 403 1790 De
412 1753 478 1790 avicula
486 1768 520 1804 que
528 1768 546 1792 ιιι
554 1756 655 1792 manrbus
640 1768 674 1791 erus
684 1756 747 1792 resedrt
766 1783 770 1792 .
825 1782 828 1791 .

372 1805 403 1842 De
412 1805 479 1843 falcone

370 1857 401 1895 De
410 1859 468 1908 apibus

369 1910 400 1946 De
409 1910 485 1947 fascrano

196 1991 201 2007 ,
295 1963 311 2011 J
369 1962 401 1998 De
410 1962 470 1998 creada

222 2015 256 2055 De
269 2014 341 2054 charit
332 2016 386 2055 tate
420 2013 456 2049 Sub
465 2014 519 2049 hoc
508 2022 528 2049 ιιι
522 2013 558 2049 tulo
567 2023 607 2050 cont
609 2015 663 2050 inetur
672 2015 743 2063 qualiter
750 2028 768 2051 se
776 2016 831 2063 iprum

396 2080 427 2116 pro
447 2066 538 2102 animarum
558 2064 611 2102 salute
631 2065 740 2115 perfectionis
758 2067 831 2116 ponebat

399 2117 499 2168 exemplum

273 2173 289 2220 J.
374 2172 404 2208 De
414 2170 529 2208 sollicitudine
538 2171 644 2207 subditorum
708 2200 711 2207 .

206 2219 214 2267 ‚‘
277 2223 304 2269 IJ.
374 2224 405 2258 De
415 2223 533 2269 compassione
542 2222 647 2257 infirmorum
709 2251 713 2257 .
767 2250 771 2258 .
826 2251 829 2258 .

206 2302 211 2318 ‚
277 2273 316 2322 HJ.
376 2273 406 2309 De
417 2274 533 2322 compassione
542 2286 592 2323 quam
601 2272 672 2309 infirmis
681 2274 740 2322 spiritu
749 2275 818 2322 gerebat
826 2289 830 2318 ;

402 2336 419 2363 et
428 2326 449 2361 de
459 2327 498 2369 hiis,
508 2328 536 2375 qui
545 2334 604 2361 eontra
613 2327 647 2361 hoc
657 2325 721 2362 faciunt
768 2352 771 2361 .
826 2352 830 2361 .

320 2406 324 2414 .
372 2378 403 2415 De
412 2378 491 2414 fratribus
500 2379 570 2427 yspanie
584 2377 655 2427 qualiter
670 2388 727 2414 sancte
741 2392 831 2415 conversa-

403 2432 475 2475 bantur3
490 2438 507 2465 et
516 2430 538 2466 de
547 2430 647 2480 quibusdam
655 2431 707 2475 miris,
714 2444 747 2480 que
753 2430 775 2466 de
780 2430 832 2467 fratre

403 2491 462 2519 orante
476 2483 511 2519 uisa
525 2492 575 2528 sunt;
590 2491 607 2518 et
621 2482 643 2518 de
657 2482 720 2530 gaudio
729 2492 747 2519 et
756 2484 832 2520 oratione

403 2535 456 2570 sancti

196 2613 208 2632 ‚‚
274 2586 298 2623 V.
363 2587 428 2623 Contra
443 2585 486 2621 male
501 2586 518 2620 in
532 2586 647 2622 heremitoriis
661 2586 738 2621 viventes
754 2595 771 2621 et
785 2587 832 2635 quod

401 2637 469 2675 volebat
479 2649 518 2673 sanc
520 2646 545 2674 tus
555 2638 613 2675 omnia
621 2649 658 2673 esse
668 2638 765 2674 communia
827 2666 830 2675 .

195 2719 207 2736 „
272 2691 307 2741 VJ.
373 2691 404 2728 De
414 2691 479 2727 duobus
488 2690 521 2726 fra
522 2692 567 2728 rrbus
577 2689 644 2740 galhers
709 2718 713 2725 .

221 2743 255 2783 De
265 2743 302 2785 det
293 2744 410 2785 tractione,
440 2742 476 2778 Sub
485 2743 519 2778 hoc
528 2743 578 2780 titulo
588 2743 685 2780 continetur
695 2742 744 2778 huius
754 2743 791 2779 vitii
800 2743 832 2779 de-

399 2795 467 2830 testatio
482 2803 499 2829 et
513 2807 562 2843 pena,
579 2808 612 2845 qua
630 2792 699 2830 volebat
717 2808 746 2830 eos
764 2805 832 2831 sanctus

398 2848 464 2896 puniri;
479 2855 496 2881 et
505 2847 526 2880 de
536 2847 625 2882 affectibus
634 2846 750 2882 detractorum
769 2874 773 2882 .
