1919 3169
344 75 519 125 MIRACULA
767 90 809 139 125

49 186 152 223 nostrum
169 175 254 221 direxit
265 175 293 221 ad
310 190 357 219 nos.
390 173 490 235 Aperite,
506 172 541 227 ait,
560 180 635 232 portas
651 180 673 215 et
690 172 810 218 intrantem

49 258 98 289 eam
109 242 232 298 conducite,
245 241 298 304 quia
314 255 359 286 non
371 249 404 284 est
420 255 461 301 pro
472 237 541 285 fratre
560 235 641 284 lacoba
652 235 766 285 decretum
783 237 811 285 de

51 307 182 353 mulieribus
192 304 362 352 observandum.
706 324 708 328 .

100 372 136 415 Fit
147 372 204 415 inter
216 369 300 415 nobiles
313 366 412 427 hospites
423 366 530 417 exultatio
547 381 634 428 magna,
645 374 668 409 et
679 366 739 410 inter
750 366 812 410 blan-

52 435 117 482 ditias
127 434 217 495 spiritus
228 430 328 494 profusio
338 429 485 476 lacrimarum.
508 430 539 475 Et
551 440 577 475 ut
588 428 618 475 nil
630 428 687 475 desit
698 429 812 487 miraculo,

52 499 165 546 invenitur
174 497 254 544 mulier
261 506 336 542 sancta
342 505 441 557 portasse
449 494 558 558 quicquid
565 495 593 541 ad
600 493 669 557 patris
675 494 812 557 portandum

53 564 156 626 exequias
172 562 230 608 facta
245 561 308 623 prius
323 560 397 605 littera
416 560 549 605 continebat.
582 561 644 607 Nam
663 561 745 606 cinerei
764 561 814 605 colo

54 629 85 673 ris
101 642 207 687 pannum,
224 642 270 688 quo
287 625 409 670 recedentis
425 626 582 685 corpusculum
602 634 723 686 tegeretur,
740 634 905 683 cereosF01.49¹⁶

55 707 145 755 quoque
164 689 281 751 plurimos,
292 688 416 749 syndonem
427 704 469 750 pro
483 687 546 743 facie,
556 687 677 749 pulvillum
689 705 731 751 pro
742 688 814 751 capite

54 767 78 802 et
94 753 204 801 ferculum
221 753 335 818 quoddam
353 753 413 817 quod
429 762 517 799 sanctus
533 753 656 815 appetierat
674 754 774 812 detulit;
792 763 815 800 et

56 821 131 867 omnia
146 836 190 882 que
201 820 244 866 viri
260 820 328 865 huius
344 828 460 881 optaverat
476 819 574 881 spiritus,
585 830 725 881 suggesserat
742 821 814 867 Deus.

56 887 181 945 Prosequar
203 893 262 927 certe
283 883 351 926 huius
375 883 560 943 peregrinationis
581 894 696 939 eventum,
718 901 746 929 ne
766 885 815 929 sine

57 946 207 995 consolatione
240 946 355 990 dimictam
383 945 481 991 nobilem
508 946 655 1008 peregrinam.
704 947 815 1009 Expectat

57 1012 158 1074 gentium
175 1011 306 1067 multituda,
323 1010 441 1072 presertim
463 1009 526 1055 urbis
547 1011 657 1071 populosa
675 1011 775 1069 devotis,
791 1012 816 1058 in

58 1076 120 1122 brevi
142 1075 246 1121 futurum
271 1075 341 1120 sancti
365 1074 393 1120 de
417 1084 490 1121 morte
514 1074 616 1122 natalem.
650 1076 694 1122 Sed
715 1077 817 1123 Romane

58 1141 186 1187 devotionis
217 1141 317 1185 adventu
348 1149 438 1184 sanctus
469 1139 551 1184 fortior
578 1139 660 1194 factus,
688 1141 818 1202 plusculum

59 1205 183 1266 auspicatur
199 1202 248 1249 fore
263 1203 371 1249 victurus.
409 1201 479 1248 Unde
498 1213 521 1248 et
540 1202 632 1249 domina
650 1201 688 1249 illa
705 1204 819 1251 licentiare

59 1267 158 1315 decrevit
175 1267 283 1331 reliquam
301 1266 438 1323 comitivam,
451 1266 497 1312 sola
507 1267 554 1330 ipsa
572 1283 623 1313 curn
642 1267 692 1314 filiis
709 1279 732 1315 et
744 1270 820 1333 paucis

60 1333 169 1382 scutiferis
186 1349 320 1380 remansura.
354 1332 397 1378 Cui
414 1342 516 1378 sanctus:
534 1333 598 1391 Noli,
616 1333 702 1397 inquid,
721 1335 760 1381 sed
776 1351 819 1399 ego

60 1399 151 1445 sabbato
173 1399 293 1454 recedam;
321 1407 347 1443 tu
369 1397 406 1443 die
427 1397 486 1443 dicta
507 1413 558 1442 cum
580 1398 684 1445 omnibus
705 1401 819 1448 remeabis.

61 1464 139 1525 Sicque
151 1462 237 1508 factum
255 1471 304 1506 est:
326 1462 381 1505 hora
399 1461 501 1505 condicta
521 1462 699 1522 triumphantem
719 1464 821 1510 introivit

62 1526 191 1584 Ecclesiam,
213 1526 252 1589 qui
273 1525 297 1570 in
321 1524 426 1570 militanti
453 1523 544 1570 fortiter
565 1524 678 1571 militarat.
722 1526 823 1573 Transeo

61 1592 198 1653 populorum
216 1605 343 1645 concursus,
358 1587 500 1634 iubilantium
518 1605 591 1647 voces,
603 1606 760 1652 campanarum
779 1594 822 1639 sol-

61 1656 165 1718 lempnia
187 1654 297 1716 profluvia
323 1654 480 1710 lacrimarum;
514 1663 601 1700 transeo
628 1655 726 1702 filiorum
748 1658 821 1714 fletus,

63 1736 165 1766 carorum
175 1719 296 1781 singultus,
304 1718 390 1778 suspira
401 1718 521 1764 sotiorum.
552 1719 590 1764 Ad
598 1718 654 1766 illud
662 1722 749 1767 veniam
761 1724 822 1786 quod

63 1783 201 1846 peregrinam
212 1783 282 1846 patris
291 1781 370 1827 solatio
381 1781 511 1827 destitutam
522 1780 593 1827 valeat
604 1782 720 1833 consolari.

111 1850 217 1897 Seorsum
238 1848 309 1912 igitur
338 1847 384 1904 illa,
405 1856 453 1893 tota
480 1846 570 1894 madida
597 1846 699 1907 lacrimis,
721 1850 823 1899 clanculo

64 1915 154 1961 ducitur
166 1930 172 1970 ;
188 1926 211 1960 et
222 1914 321 1976 proiecto
332 1913 390 1958 inter
401 1911 489 1958 brachia
505 1912 569 1958 amici
587 1930 694 1975 corpore:
713 1917 822 1974 Heccine,

65 1979 95 2023 ait
111 1979 213 2036 vicarius,
231 1994 300 2040 quem
318 1976 421 2022 dilexistiv
434 1976 522 2030 vivum,
541 1987 615 2021 teneas
636 1988 659 2022 et
681 1980 821 2028 defunctum.

66 2042 216 2090 Calidioribus
227 2043 265 2088 illa
276 2057 342 2103 super
354 2056 434 2102 corpus
445 2040 540 2086 lacrimis
551 2040 650 2102 irrigata,
662 2042 746 2091 flebiles
756 2062 823 2093 voces

65 2116 87 2153 et
95 2107 208 2170 singultus
225 2106 363 2169 ingeminat3
387 2115 410 2152 et
430 2104 548 2168 languidos
569 2105 651 2152 iterans
668 2108 783 2171 amplexus
800 2122 823 2158 et

67 2172 145 2229 oscula,
158 2173 226 2218 solvit
240 2171 342 2219 velamen
360 2181 386 2217 ut
403 2170 478 2216 videat
496 2169 626 2218 revelatum.
661 2172 724 2233 Quid
740 2176 824 2238 plura?

67 2238 238 2298 Contemplatur
259 2238 383 2298 pretiosum
404 2236 462 2281 illud
484 2252 529 2290 vas,
551 2236 574 2280 in
596 2253 641 2297 quo
662 2249 685 2283 et
707 2241 824 2287 thesaurus

64 2300 159 2345 latuerat
170 2301 287 2363 pretiosus,
300 2299 400 2363 quinque
411 2298 536 2362 margaritis
547 2309 657 2345 ornatum.
686 2302 765 2348 Cernit
776 2304 824 2349 illas

65 2381 119 2428 quas
130 2365 176 2412 sola
188 2365 359 2428 Omnipotentis
377 2379 457 2410 manus
475 2374 525 2410 toto
542 2363 596 2409 orbe
614 2364 725 2413 mirandas
742 2367 824 2416 fecerat

65 2431 190 2488 celaturas3
206 2443 273 2495 atque
284 2430 377 2476 insuetis
388 2429 453 2491 plena
468 2429 544 2474 letitiis
555 2430 577 2474 in
593 2430 664 2475 amico
680 2443 774 2481 mortuo
790 2453 824 2482 re-

65 2495 161 2542 viviscit.
196 2496 259 2542 Illico
270 2513 317 2541 non
328 2494 516 2541 dissimulandum
527 2493 624 2540 consulit
634 2511 674 2542 nec
685 2496 824 2560 aliquatenus

65 2558 218 2621 obtegendum
226 2560 353 2605 inauditum
361 2558 502 2614 miraculum,
510 2558 548 2602 sed
555 2559 650 2619 provido
657 2560 723 2607 nimis
732 2565 824 2610 consilio

32 2679 33 2682 Ἰ
66 2624 149 2669 cunctis
160 2625 226 2670 oculo
233 2625 261 2671 ad
271 2623 361 2679 oculum
373 2622 578 2669 demonstrandum.
608 2622 717 2671 Certatim
728 2629 824 2688 proinde

66 2705 142 2735 omnes
153 2689 181 2736 ad
192 2690 342 2753 spectaculum
353 2698 447 2734 currunt
458 2705 464 2746 3
482 2687 589 2751 quodque
605 2704 650 2734 non
661 2687 744 2739 fecerat
759 2695 824 2742 Deus

65 2754 139 2800 taliter
161 2756 223 2802 omni
242 2755 333 2812 nationi,
353 2754 377 2799 in
401 2752 496 2800 veritate
520 2753 667 2815 comperiunt,
686 2756 710 2803 in
733 2768 824 2823 stupore

66 2820 180 2867 mirantur.
215 2820 332 2882 Suspendo
340 2818 426 2874 stilum,
435 2817 512 2864 nolens
523 2817 631 2864 balbutire
642 2821 705 2880 quod
716 2825 824 2884 explicare
