1919 3169
127 105 170 168 156
308 104 508 151 TRACTATUS
525 103 699 152 SECUNDUS

123 201 239 247 sinistrum
253 201 300 248 eius
314 200 406 249 oculum
419 201 536 250 excecavit.
572 201 621 254 Qui
636 201 700 248 humi
715 202 821 260 deiectus,
833 201 891 263 cepit

124 267 168 311 alta
189 282 244 312 voce
265 277 367 312 sanctum
389 266 532 312 Franciscum
554 268 656 312 luctuose
675 266 777 321 clamare,
798 266 891 312 dicens:

126 331 240 386 Succurre,
253 340 315 392 pater
332 330 476 387 sanctissime,
488 341 514 376 ut
531 330 559 376 ad
575 329 658 376 festum
669 340 736 377 tuum
750 330 781 376 ire
797 330 890 384 valeam,

125 395 182 441 sicut
199 394 307 441 fratribus
324 394 369 441 tuis
386 395 418 440 ire
434 395 536 457 promisi.
570 395 626 441 Erat
642 396 703 441 enim
719 396 797 458 vigilia
814 395 889 443 sancti.

126 460 174 512 Qui
185 462 261 507 statim
272 475 388 522 exurgens,
400 460 526 522 peroptime
537 460 650 517 liberatus,
661 461 685 506 in
696 477 775 506 vocem
787 460 891 522 prorupit

124 525 197 570 laudis
214 536 237 569 et
254 524 338 586 gaudii,
355 534 377 570 et
395 526 565 571 circumstantes
581 542 665 581 omnes,
681 526 719 587 qui
736 526 783 571 eius
800 525 891 570 misera-

125 587 208 634 bantur
219 597 333 645 eventum,
346 589 368 633 in
383 598 498 650 stuporem
510 589 622 635 convertit
633 599 656 634 et
667 588 769 635 iubilum.
806 589 852 634 lvit
863 589 891 634 ad

125 653 208 700 festum
225 671 315 699 narrans
332 653 437 700 omnibus
453 671 522 717 quam
533 656 556 700 in
573 672 596 701 se
612 654 685 700 fuerat
701 665 805 716 expertus
821 654 891 700 sancti

125 719 266 764 clementiam
282 729 304 763 et
320 719 436 765 virtutem.
469 721 562 765 Discunt
573 720 643 782 igitur
654 736 732 765 omnes
743 737 795 765 eum
810 719 891 765 devote

126 784 204 839 colere,
218 799 285 847 quem
297 783 367 827 sciant
378 800 401 827 se
412 784 537 829 colentibus
548 793 594 829 tam
605 783 670 829 facile
681 784 805 830 subvenire.

173 848 271 894 Vivente
280 847 353 894 adhuc
361 847 426 893 beato
434 849 559 905 Francisco,
567 849 648 894 mulier
656 849 753 912 quedam
760 850 788 895 de
797 849 893 903 Narnio,

125 913 243 960 oculorum
259 912 350 959 cecitate
367 930 476 976 percussa,
488 915 553 975 signo
565 914 636 960 crucis
647 930 686 976 per
702 913 800 960 eundem
816 913 892 960 virum

125 979 170 1025 Dei
197 994 264 1041 super
290 976 368 1023 oculos
394 994 446 1024 suos
472 977 540 1036 facto,
567 979 643 1025 statim
673 979 749 1025 lumen
778 978 892 1040 perditum

125 1043 264 1088 miraculose!
272 1042 361 1102 recepit.

173 1107 214 1152 Vir
222 1105 314 1181 quidam
326 1105 354 1151 de
366 1106 437 1152 Mont
429 1115 449 1152 te
461 1107 573 1169 Gargano,
582 1107 624 1154 Pet
616 1117 663 1154 rus
670 1107 786 1153 Romanus
793 1122 892 1162 nomme,

126 1174 199 1220 dum
194 1190 217 1218 rn
224 1172 288 1219 vinea
299 1187 339 1218 sua
350 1170 453 1218 laborans
464 1171 552 1235 lignum
563 1172 679 1246 quoddam
687 1170 749 1218 ferro
761 1171 891 1226 succideret

125 1238 244 1299 proprium
251 1237 360 1299 percussit
367 1237 458 1282 oculum
465 1248 487 1282 et
494 1254 534 1299 per
540 1239 665 1284 medium
649 1254 680 1283 sic
687 1238 772 1293 divisit
777 1247 802 1283 ut
810 1237 894 1299 pupilla

115 1327 117 1330 ·
125 1303 208 1363 partita
215 1301 312 1347 exterius
319 1302 461 1362 dependeret.
479 1302 594 1364 Cumque
590 1320 612 1347 m
620 1313 666 1347 tam
673 1303 789 1363 desperato
795 1301 893 1362 periculo

38 1380 77 1417 Fol.
85 1369 254 1430 65¹⁰desperaret
265 1381 329 1426 posse
340 1365 382 1411 sibi
394 1381 433 1426 per
445 1366 560 1413 hominem
572 1366 693 1422 subveniri,
706 1367 762 1413 nihil
773 1382 795 1411 se
806 1382 893 1412 comes-

127 1444 205 1479 turum
217 1433 240 1477 in
256 1430 315 1476 festo
326 1430 396 1476 sancti
408 1430 526 1489 Francisci,
538 1431 556 1477 si
568 1431 587 1476 ei
599 1443 744 1490 succurreret,
757 1431 891 1494 repromisit.

127 1496 208 1543 Statim
225 1497 249 1542 in
268 1494 318 1541 loco
333 1495 410 1541 debito
429 1496 472 1542 viri
489 1497 581 1542 oculum
597 1507 693 1543 sanctus.
727 1497 770 1543 Dei
787 1497 893 1551 restituit,

126 1562 225 1607 divisum
242 1560 347 1617 reiunxst,
364 1559 449 1604 lumine
466 1562 561 1621 pristino
577 1562 698 1608 decoravit.

175 1624 246 1671 Filius
265 1623 382 1670 cuiusdam
402 1624 482 1669 nobilis
502 1625 543 1670 viri
560 1642 572 1670 a
589 1626 705 1671 nativitate
724 1641 789 1671 cecus
808 1625 892 1670 meritis

127 1691 185 1737 beati
208 1690 319 1736 Francisci
341 1687 418 1735 lumen
440 1691 523 1752 accepit
545 1700 656 1752 optatum.
690 1689 739 1744 Qui
761 1706 844 1736 nomen
866 1688 892 1735 ab

128 1765 212 1801 eventu
230 1754 324 1800 sortitus
341 1753 485 1801 llluminatus
503 1765 536 1800 est
552 1756 634 1801 dictus.
667 1757 798 1816 Assumpsit
809 1764 894 1816 postea,

129 1835 182 1865 cum
204 1818 226 1863 in
248 1827 306 1863 etate
328 1827 392 1872 esset,
412 1817 516 1863 ordinem
536 1819 604 1864 sancti
624 1819 743 1874 Francisci
762 1829 784 1864 et
801 1819 892 1864 tandem

130 1893 233 1932 sanctum
245 1883 336 1929 initium
348 1882 391 1927 fine
403 1884 507 1928 sanctiori
519 1883 637 1930 conclusit.

177 1951 309 2003 Bevanium,
327 1948 444 2010 quoddam
460 1949 534 1995 nobile
551 1961 656 2007 castrum,
668 1951 690 1995 in
701 1949 758 1995 valle
746 1949 894 2011 eSpoletana

130 2015 230 2087 positum
242 2023 282 2057 est.
316 2013 343 2056 In
360 2013 403 2057 hoc
419 2013 532 2059 habitabat
548 2014 629 2060 mulier
646 2015 743 2076 quedam
754 2024 829 2059 sancta
840 2030 892 2059 cum

130 2078 217 2139 virgine
229 2076 273 2122 filia
284 2075 389 2121 sanctiori
398 2086 420 2121 et
429 2086 495 2138 nepte
504 2077 569 2122 valde
580 2078 663 2124 devota
674 2078 772 2123 Christo.
801 2077 894 2122 Harum

131 2158 186 2190 vero
207 2141 331 2203 hospitium
353 2150 442 2186 sanctus
465 2142 594 2188 Franciscus
615 2143 731 2204 hospitato
751 2158 793 2188 suo
811 2142 895 2203 pluries

132 2206 262 2254 honorabat,
295 2205 356 2251 Nam
375 2215 398 2251 et
418 2205 492 2252 filium
511 2206 618 2253 habuerat
637 2207 718 2253 hocin
737 2207 822 2263 ordine,
840 2222 894 2252 con-

131 2283 242 2318 summate
263 2269 407 2330 perfectionis
428 2272 509 2319 virum.
544 2273 706 2318 Verumtamen
729 2289 773 2318 una
792 2272 894 2327 istarum,

133 2336 205 2399 neptis
226 2333 316 2388 scilicet,
338 2333 424 2396 privata
443 2344 489 2380 erat
507 2336 645 2381 exteriorum
664 2336 750 2382 lumine
766 2336 894 2391 oculorum,

133 2418 185 2448 cum
196 2411 271 2448 tamen
282 2399 398 2445 interiores
415 2400 469 2456 eius,
481 2401 562 2463 quibus
579 2402 643 2448 Deus
660 2400 757 2458 videtur,
769 2400 824 2446 mira
841 2417 894 2445 con*

132 2468 250 2529 spicuitate
267 2464 416 2510 clarescerent.
451 2465 551 2527 Rogatus
567 2477 657 2513 sanctus
676 2467 806 2513 Franciscus
823 2481 895 2529 quan-

133 2533 209 2593 doque
220 2541 246 2577 ut
258 2529 318 2574 illius
328 2530 445 2592 langorem
461 2532 619 2577 commiserans
630 2532 719 2577 illarum
731 2532 798 2577 etiam
810 2530 896 2577 labores

133 2596 267 2646 attenderet,
280 2608 329 2638 cece
340 2593 418 2638 oculos
429 2605 497 2654 sputo
507 2611 549 2640 suo
560 2597 583 2640 in
595 2597 686 2641 nomine
694 2595 812 2641 Trinitatis
823 2594 896 2640 tribus

134 2659 221 2709 vicibus
231 2657 341 2715 delinivit,
353 2666 375 2702 et
386 2656 464 2703 lumen
475 2658 495 2704 ei
506 2659 605 2706 restituit
616 2660 768 2721 concupitum.

183 2724 254 2787 Apud
265 2731 362 2768 castrum
378 2722 473 2768 Plebis
469 2726 556 2771 iuvenis
572 2725 665 2787 quidam
681 2725 797 2771 mendicus
814 2724 897 2771 surdus

135 2800 182 2836 erat
193 2801 215 2835 et
226 2798 306 2834 mutus
319 2804 331 2831 a
342 2788 459 2833 nativitate
475 2806 521 2835 sua.
555 2789 604 2841 Qui
621 2790 725 2863 linguam
737 2790 793 2836 adeo
810 2799 896 2835 curtam

135 2864 157 2899 et
176 2853 268 2899 brevem
288 2851 389 2904 habebat,
409 2853 472 2913 quod
491 2853 622 2900 multotiens
640 2855 750 2917 exquisita
768 2871 780 2899 a
796 2853 897 2915 pluribus
