1919 3169
236 50 436 99 TRACTATUS
454 51 628 100 SECUNDUS
779 65 808 115 95

46 150 145 195 fortassis
175 166 214 196 nec
240 148 328 204 inutile,
356 164 396 193 nec
423 149 543 210 indignum
569 148 619 194 erit.
663 148 723 196 Cum
749 150 810 195 enim

46 214 82 260 vir
101 214 142 259 iste
163 213 260 259 devotus
280 221 337 258 esset
353 212 377 257 in
396 212 506 268 omnibus,
531 220 611 274 utpote
633 212 673 274 qui
694 211 811 258 fruebatur

47 278 139 340 spiritus
159 279 272 335 unctione,
294 276 381 339 speciali
403 286 478 323 tamen
499 277 581 324 affectu
600 275 733 323 movebatur
755 276 811 323 circa

46 343 147 406 specialia
155 344 259 407 quedam.
283 343 345 388 Inter
353 341 395 387 alia
401 341 474 399 verba,
482 358 582 405 quorum
591 358 645 388 usus
654 352 711 389 esset
718 342 742 388 in
751 358 812 389 com-

47 410 112 455 muni
129 425 238 462 sermone,
257 423 356 453 amorem
375 405 475 452 deinon
491 407 538 453 sine
557 407 655 469 quadam
672 407 707 454 sui
729 406 812 454 immu-

48 471 131 518 tatione
141 470 229 518 valebat
243 471 336 526 audite·,
352 468 428 515 subito
446 486 543 533 namque
560 471 588 516 ad
610 471 714 517 auditum
731 471 813 516 amoris

48 537 92 584 Dei
111 536 255 593 excitabatur,
274 534 418 591 afficiebatur,
435 534 623 592 inflammabatur,
645 537 708 600 quasi
730 534 813 598 plectio

47 602 109 649 vocis
127 602 248 646 extrinsece
267 601 335 658 corda
354 599 426 645 cordis
447 599 540 646 interior
556 611 692 664 tangeretur.
731 601 811 648 Talem
863 641 864 645 ,

47 681 89 725 pro
113 665 275 725 heleemosynis
295 680 387 710 censum
408 664 488 710 offerre
509 665 607 711 nobilem
631 665 812 728 prodigalitatem

48 726 135 773 dicebat
167 737 190 773 et
225 742 270 784 eos,
303 727 343 790 qui
377 728 452 773 minus
486 728 567 789 ipsum,
603 744 672 790 quam
709 730 812 774 denarios

48 802 185 855 reputarent,
216 808 262 839 esse
291 790 441 839 stultissimos.
495 792 545 854 lpse
577 810 631 839 vero
662 794 811 857 propositum,

48 858 111 921 quod
139 857 259 904 mundanis
285 857 358 902 adhuc
385 856 502 903 immixtus
530 857 612 903 fecerat
637 858 665 904 de
686 875 732 904 non
759 858 812 905 faci-

48 922 107 967 endo
127 922 240 982 repulsam
262 921 302 966 ulli
322 922 413 983 pauperi
431 922 515 982 petenti
537 933 629 983 propter
650 939 750 969 amorem
769 924 813 979 dei,

50 1001 121 1048 usque
142 985 170 1031 ad
192 995 290 1030 mortem
312 984 458 1030 infallibiliter
480 985 610 1033 observavit.
646 986 706 1032 Nam
728 987 814 1048 petenti

49 1049 117 1097 semel
128 1050 219 1113 pauperi
236 1058 328 1112 propter
341 1064 439 1096 amorem
451 1050 493 1107 dei,
506 1066 558 1097 curn
576 1050 622 1112 ipse
638 1050 706 1097 nichil
716 1051 814 1108 haberet,

48 1114 164 1162 forficibus
193 1114 293 1162 clanculo
327 1115 430 1177 sumptis,
458 1114 583 1163 tuniculam
609 1116 687 1178 partiri
717 1116 813 1164 festinat.

49 1180 146 1224 Fecisset
162 1180 204 1224 hoc
220 1180 303 1240 ipsum,
315 1180 357 1224 nisi
373 1180 524 1240 deprehensus
539 1197 551 1224 a
568 1180 683 1238 fratribus,
695 1181 736 1226 alia
752 1198 813 1227 com-

50 1242 179 1304 pensatione
190 1242 276 1289 fecisset
287 1243 379 1304 pauperi
393 1243 514 1305 provideri.
547 1242 610 1301 Eius,
622 1243 710 1307 inquid,
722 1244 762 1308 qui
774 1261 814 1290 nos

50 1308 151 1354 multum
162 1308 250 1364 amavit,
263 1306 362 1354 multum
373 1318 406 1354 est
417 1325 479 1354 amor
490 1308 605 1354 amandus.

90 1435 124 1475 De
144 1435 263 1476 devotione
284 1436 334 1476 eius
354 1434 384 1476 ad
404 1435 500 1485 angelos
522 1439 545 1478 et
567 1436 621 1485 quid
643 1448 720 1479 amore
741 1440 928 1487 sanctim-caan]

52 1486 173 1527 Michaelis
186 1487 289 1528 faciebat.

96 1560 241 1658 nHngelos³
260 1595 300 1658 qui
318 1594 435 1642 nobiscum
451 1594 474 1641 in
486 1595 531 1641 acie
542 1604 602 1653 sunt,
614 1596 683 1658 quive
699 1596 815 1644 nobiscum

50 1659 167 1708 ambulant
188 1660 212 1706 in
234 1661 310 1706 medio
335 1659 414 1706 umbre
441 1661 527 1717 mortis,
550 1661 647 1706 maximo
668 1660 817 1708 venerabatur

50 1724 139 1771 affectu.
172 1724 240 1768 Tales
257 1723 340 1785 ubique
358 1724 427 1768 sotios
444 1725 577 1769 reverendos
594 1741 640 1769 esse
657 1726 751 1781 dicebat,
762 1727 816 1771 tales

50 1788 210 1841 nichilominus
228 1787 365 1835 invocandos
387 1787 496 1835 custodes.
536 1787 661 1834 inoffensos
681 1804 760 1835 eorum
782 1806 816 1836 as-

49 1863 127 1915 pectus
141 1869 228 1901 servare
240 1852 341 1910 docebat,
352 1869 391 1899 nec
404 1868 532 1914 presumere
549 1869 624 1899 coram
642 1852 673 1899 eis
690 1855 753 1917 quod
770 1871 815 1901 non

50 1934 126 1965 coram
136 1916 265 1965 hominibus
275 1918 344 1963 fieret.
377 1917 423 1963 Pro
437 1933 464 1962 eo
481 1917 544 1980 quod
562 1918 584 1962 in
602 1927 723 1979 conspectu
741 1918 816 1982 angel-

50 1998 117 2029 orum
132 1981 266 2044 psallebatur
278 1983 301 2027 in
318 1996 371 2028 coro
388 1997 473 2038 omnes,
485 1981 524 2044 qui
542 1991 639 2043 possent,
651 1982 674 2027 in
691 1984 815 2029 oratorium

51 2048 169 2093 convenire
180 2046 268 2093 volebat
278 2055 301 2092 et
312 2046 405 2109 quidem
416 2045 507 2107 psallere
517 2045 635 2107 sapienter.
665 2092 668 2094 .

98 2112 193 2158 Beatum
210 2126 264 2158 vero
280 2109 421 2166 Michaelem,
438 2126 465 2156 eo
482 2110 544 2172 quod
557 2109 681 2155 animarum
693 2115 859 2173 represent-Fol.
869 2119 907 2164 35¹⁰

51 2177 160 2223 andarum
176 2175 267 2223 haberet
284 2175 388 2230 offitium,
403 2192 454 2236 sepe
471 2173 557 2221 dicebat
573 2174 716 2221 excellentius
732 2175 815 2222 honor-

52 2241 153 2298 andum;
178 2256 230 2286 nam
251 2240 279 2285 ad
300 2240 409 2285 honorem
430 2240 500 2284 sancti
524 2238 629 2284 Michelis
650 2240 708 2284 inter
730 2239 815 2286 festum

51 2304 210 2366 assumptionis
221 2313 243 2349 et
251 2303 335 2349 festum
344 2303 391 2348 eius
402 2303 568 2364 quadragenam
576 2302 665 2351 dierum
673 2300 816 2350 devotissime

52 2369 163 2416 ieiunabat
174 2386 180 2426 ;
197 2369 284 2415 dicebat
294 2368 353 2414 enirn
364 2385 369 2414 :
388 2366 492 2419 Quilibet
500 2383 541 2430 pro
549 2367 606 2413 tanti
617 2367 702 2413 honore
710 2368 816 2431 principis

52 2433 137 2496 aliquid
147 2434 228 2490 laudis,
239 2433 275 2479 vel
286 2432 385 2479 muneris
395 2432 518 2494 specialiter
529 2432 572 2478 deo
583 2431 674 2478 deberet
685 2433 771 2479 offerre.
837 2456 839 2458 ·
856 2443 861 2454 ²

79 2562 126 2657 dile
132 2562 251 2604 devotione
256 2562 286 2603 ad
293 2560 406 2603 dominam
416 2563 517 2603 nostram
524 2560 560 2602 cui
569 2558 681 2602 commisit
688 2560 817 2612 specialiter
822 2573 909 2617 [rs-cmx]

52 2626 78 2656 or
94 2626 160 2658 mern.

101 2687 224 2767 matrem
234 2717 289 2776 Jesu
299 2712 407 2760 indicibili
420 2712 609 2775 complectebatur
622 2728 702 2768 amore,
715 2716 815 2776 eoquod

52 2784 172 2833 dominum
191 2781 310 2828 maiestatis
329 2777 422 2825 fratrem
440 2777 504 2823 nobis
521 2776 626 2832 effecerit,
644 2779 765 2839 peculiares
782 2779 815 2826 illi
