1919 3169
280 65 440 112 arcuum
456 64 611 125 aurroun
802 82 831 128 45

63 159 175 206 convenit.
218 159 278 207 Dico
296 159 367 216 vobis,
385 158 469 205 multos
485 158 572 206 nobiles
590 169 612 205 et
632 160 741 222 sapientes
757 172 832 208 nostre

62 224 231 288 congregationi
242 226 367 289 iungendos
379 225 417 288 qui
429 241 470 287 pro
481 224 567 271 honore
575 225 657 272 ducent
667 225 832 290 heleemosynas

63 291 193 337 mendicare.
226 291 274 338 Vos
285 291 362 352 igitur,
374 291 412 352 qui
429 291 481 335 estis
498 291 590 337 illorum
607 291 711 352 primitie,
724 293 830 347 letamini,

62 365 85 400 et
107 354 209 415 gaudete,
230 372 270 400 nec
292 354 392 400 renuatis
411 353 482 400 facere
503 371 547 416 que
570 355 651 400 sanctis
669 354 713 400 illis
732 355 832 402 facienda

63 428 223 464 transmrctltrs.

109 520 230 609 Dicebat
251 570 302 616 sepe
321 552 399 599 beatus
420 552 575 608 Francischus,
595 553 657 616 quod
680 569 745 600 verus
764 553 908 602 statute-1¹11]

64 619 139 663 minor
150 635 196 664 non
212 619 310 664 multum
327 628 385 663 stare
401 617 492 662 deberet
509 618 599 679 quando
614 634 656 678 pro
671 618 832 681 heleemosynis

64 682 114 726 iret.
137 682 168 727 Et
179 691 265 743 quanto
276 681 380 737 nobilior,
387 682 425 736 ait,
433 681 492 725 filius
502 696 566 725 meus
577 690 617 735 est,
624 691 687 726 tanto
699 682 727 726 sit
738 698 832 743 promp-

63 746 109 792 tior
129 746 156 792 ad
175 745 292 793 eundum:
317 744 423 810 quoniam
445 744 519 791 taliter
539 745 559 791 ei
582 745 660 791 merita
682 747 830 794 cumulantur.

64 811 150 857 Aderat
168 811 191 857 in
211 812 309 874 quodam
330 811 380 856 loco
401 809 469 857 frater
490 811 582 873 quidam
603 811 631 857 ad
653 811 831 874 heleemosynam

64 876 140 922 nullus
167 876 195 922 ad
221 891 321 922 mensam
347 876 430 937 plures.
479 875 556 926 Quem
589 886 678 922 sanctus
709 877 831 934 attendens,

65 941 148 985 ventris
169 940 273 995 amicum,
295 940 388 994 fructus,
404 939 535 1000 participem
557 939 638 985 laboris
662 952 782 1001 expertem,
800 943 831 987 sic

64 1004 141 1050 semeli
160 1003 238 1049 intulit
257 1005 292 1049 ei:
315 1003 372 1049 vade
391 1004 450 1048 viam
467 1013 529 1048 tuam
545 1002 614 1048 frater
630 1020 713 1060 musca,
725 1006 831 1068 quoniam

65 1068 99 1117 vis
121 1067 236 1114 comedere
257 1067 363 1115 sudorem
388 1066 484 1114 fratrum
507 1077 601 1114 tuorum
626 1077 648 1114 et
672 1084 719 1115 esse
746 1070 832 1116 otiosus

65 1134 88 1179 in
120 1149 187 1196 opere
219 1133 262 1190 dei,
292 1132 370 1178 similis
402 1149 426 1178 es
457 1131 520 1177 fratri
552 1133 626 1195 aponi,
660 1133 700 1196 qui
731 1133 831 1181 laborem

64 1215 132 1259 apum
144 1215 191 1244 non
202 1197 327 1243 substinens
343 1196 408 1243 mella
423 1197 473 1243 vult
489 1198 604 1243 comedere
620 1197 713 1257 primus.
746 1201 905 1260 Depre-Fol.43

65 1262 164 1319 hensam,
175 1261 268 1308 carnalis
289 1262 365 1317 homo,
377 1276 440 1306 suam
462 1260 587 1323 ingluviem
609 1277 708 1321 noscens,
721 1263 832 1309 mundum

66 1343 133 1392 quem
151 1327 253 1373 nondum
271 1326 426 1390 dereliquerat,
437 1326 525 1387 repetit.
570 1326 649 1372 Exivit
666 1342 762 1392 namque
781 1329 832 1374 reli-

65 1393 156 1455 gionem
167 1402 190 1438 et
201 1392 239 1455 qui
259 1391 335 1437 nullus
351 1392 379 1437 ad
395 1391 575 1453 heleemosynam
591 1390 677 1438 fuerat:
696 1393 771 1439 nullus
788 1394 832 1441 iam

65 1458 149 1512 frater;
167 1466 189 1502 et
200 1457 239 1517 qui
250 1457 326 1518 plures
336 1456 364 1502 ad
376 1472 474 1501 mensam
485 1455 588 1517 pluribus
599 1456 681 1502 demon
693 1457 791 1507 efficitur.

111 1599 201 1695 filio
213 1642 321 1694 tempore,
333 1632 392 1693 apud
409 1630 582 1692 portiunculam,
596 1647 647 1676 curn
658 1630 727 1678 frater
743 1634 891 1697 quidamto-VJ

65 1698 148 1744 rediret
165 1698 193 1743 de
212 1697 298 1743 Assisio
314 1713 366 1743 curn
382 1697 543 1758 hdeemosyna
559 1696 699 1759 propinquus
715 1698 759 1744 iam
775 1699 833 1755 loco,

66 1762 124 1823 cepit
135 1761 158 1805 in
170 1769 261 1806 cantum
272 1775 417 1821 prorumpere
431 1769 453 1803 et
464 1759 591 1814 dominum,
603 1760 647 1805 alta
662 1776 724 1818 voce,
736 1762 832 1810 laudare.

67 1826 123 1878 Quo
134 1825 217 1881 audito,
230 1835 321 1887 repente
332 1824 393 1870 exilit
405 1833 501 1880 sanctus,
513 1824 607 1870 accurrit
623 1823 682 1871 foras
699 1836 721 1871 et
735 1827 834 1874 osculato

66 1891 140 1938 fratris
147 1892 248 1946 humero,
260 1890 371 1936 sacculum
380 1889 536 1951 suoimponit:
555 1890 696 1948 Benedictus,
708 1891 793 1955 inquid,
806 1893 834 1938 sit

66 1957 134 2002 frater
151 1972 221 2013 meus,
240 1955 278 2019 qui
296 1964 415 2016 promptus
434 1954 503 2009 vadit,
522 1954 613 1999 humilis
635 1956 715 2017 querit,
734 1959 834 2019 gaudens

67 2030 191 2066 revertitur.

115 2131 241 2227 Gontigit
255 2163 344 2210 beatum
359 2162 523 2219 Francischum,
535 2162 701 2209 infirmitatibus
710 2166 801 2226 plenum
813 2176 901 2218 ettss-VJ]

68 2234 112 2279 iarn
130 2231 175 2277 fere
192 2230 222 2276 ad
239 2238 338 2274 extrema
354 2238 493 2290 vergentem,
505 2228 528 2272 in
546 2226 597 2273 loco
616 2229 710 2284 nocerie‚
722 2232 804 2294 requiri
823 2248 835 2276 a

68 2297 153 2360 populo
164 2294 240 2350 assisii,
252 2293 337 2339 nunciis
348 2293 394 2337 suis
405 2291 557 2355 solempnibus
568 2292 690 2349 destinatis,
702 2311 730 2339 ne
740 2297 835 2358 gloriam

69 2378 132 2406 suam
153 2360 216 2405 alteri
238 2358 315 2403 darent
333 2357 361 2401 de
380 2372 473 2417 corpore
491 2357 534 2401 viri
553 2357 595 2402 dei.
631 2358 734 2420 Cumque
753 2361 836 2404 milites

69 2433 202 2480 reverenter,
220 2423 243 2468 in
267 2420 329 2486 equis
353 2420 426 2482 ipsum
450 2421 625 2477 transveherent,
645 2421 784 2470 devenerunt
808 2424 836 2471 ad

69 2490 145 2539 villam
163 2487 282 2553 quamdam
300 2486 468 2548 pauperrimam,
481 2486 572 2532 nomine
589 2486 721 2544 Satrianum,
734 2488 773 2535 ubi
785 2506 836 2535 curn

69 2556 139 2602 fames
165 2564 188 2599 et
215 2554 270 2598 hora
297 2551 339 2596 cibi
366 2560 500 2611 expeterent,
524 2560 603 2596 euntes
624 2561 646 2596 et
670 2552 738 2598 nichil
759 2554 836 2601 venale

70 2619 215 2671 invenientes
239 2615 322 2661 milites
353 2615 467 2659 redierunt
498 2615 526 2660 ad
558 2614 648 2660 beatum
678 2616 836 2664 Francischum

71 2685 181 2731 dicentes:
207 2682 312 2742 Oportet,
335 2687 360 2724 ut
384 2677 423 2723 des
446 2676 511 2723 nobis
530 2677 558 2724 de
579 2677 765 2743 heleemosmynis
783 2683 835 2740 tuis,

71 2748 177 2814 quoniam
193 2745 261 2792 nichil
277 2745 355 2791 habere
371 2759 490 2804 possumus
506 2744 534 2790 ad
551 2744 676 2792 emendum.
711 2746 837 2810 Respondit

71 2823 160 2860 sanctus
170 2821 193 2857 et
204 2811 273 2857 dixit:
294 2810 350 2857 Ideo
366 2824 412 2854 non
428 2809 542 2865 invenitis,
553 2810 606 2871 quia
622 2810 645 2854 in
661 2812 740 2856 vestris
756 2814 837 2858 muscis
