1919 3169
334 125 513 172 urracuta
757 135 799 187 137

39 223 96 272 sicut
108 241 135 270 ex
146 242 203 271 vena
219 224 303 270 brachii
319 223 399 269 assolet
416 223 516 279 ebullire,
534 223 657 284 ceterisque
673 225 800 286 propinque

40 290 119 337 mortis
135 290 193 335 veris
209 289 295 335 inditiis
311 289 334 333 in
350 288 439 350 reliquo
454 302 547 348 corpore
563 285 728 348 apparentibus,
739 288 801 334 visus

41 364 74 401 est
85 353 211 417 emigrasse.
239 351 388 415 Congregatis
400 369 426 397 ex
437 369 500 397 more
509 353 536 399 ad
545 353 661 415 planctum
673 353 800 414 parentibus

41 431 63 467 et
74 419 156 474 amicis
170 419 273 465 ordinato
284 417 369 472 funere,
384 417 411 462 de
423 417 469 462 sola
480 418 554 479 agitur
565 417 686 478 sepultura.
715 418 801 463 Interea

41 494 111 546 pater,
122 483 251 544 lugentium
268 482 334 527 turba
350 481 507 537 circumdatus,
520 482 636 528 cuiusdam
653 480 716 542 prius
727 481 801 527 audite

41 547 171 593 recordatus
179 556 212 590 est
220 546 319 592 visionis.
342 544 374 590 Et
383 560 472 590 currens
480 546 552 590 veloci
560 561 638 606 gressu
649 546 676 591 ad
688 545 802 591 ecelesiam

42 611 112 658 sancti
119 610 244 666 ,Francisci
251 625 295 673 que
303 610 326 654 in
338 608 417 655 eodem
429 618 502 655 castro
512 619 638 656 constructa
647 619 701 669 erat,
710 610 802 671 cingulo

43 691 151 738 suspenso
169 676 197 721 ad
215 685 302 738 guttur,
313 689 365 720 cum
383 675 444 720 omni
463 674 589 721 humilitate
607 691 681 721 coram
699 674 762 720 altari
779 690 802 720 se

42 740 164 804 prostravit
182 740 206 785 in
223 750 312 785 terram.
347 739 425 801 Sicque
442 749 496 786 vota
512 756 597 785 vovens
613 751 635 785 et
650 739 803 800 multiplicans

43 821 125 868 preces,
136 804 235 866 suspiriis
243 813 266 848 ct
273 803 394 865 gemitibus
406 804 489 849 meruit
500 804 560 864 apud
571 804 689 850 Christum
700 814 803 850 sanctum

46 869 187 915 Franciscum
209 868 289 914 habere
310 879 438 930 patronum.
473 868 586 914 Reversus
605 869 680 915 statim
697 879 759 931 pater
775 869 803 915 ad

45 935 117 981 filium
129 944 151 980 et
163 934 251 979 sanitati
268 934 399 978 restitutum
417 933 539 988 inveniens
549 934 638 979 luctum
655 934 678 979 in
694 933 803 997 gaudium

45 1009 199 1046 commutant.

96 1064 123 1111 ln
134 1062 206 1108 Sicilia
217 1062 245 1108 de
256 1061 307 1107 vico
317 1060 389 1106 Platie
404 1061 518 1106 cuiusdam
535 1061 622 1107 iuvenis
633 1062 706 1107 anima
716 1061 805 1107 ecclesi-

45 1127 119 1174 asticis
129 1126 210 1173 debitis
221 1124 381 1181 commendata,
393 1139 431 1185 per
442 1124 511 1170 sancti
522 1125 590 1186 patris
600 1124 736 1189 suffragium,
749 1126 804 1171 dum

46 1193 66 1238 ei
77 1209 89 1237 a
100 1190 198 1255 quodam
209 1206 251 1237 suo
261 1189 374 1236 avunculo
384 1198 513 1245 voveretur‚
522 1188 549 1236 ab
560 1190 609 1253 ipso
620 1191 699 1236 mortis
710 1190 806 1237 introitu

46 1267 170 1305 revocatur.

96 1323 124 1367 In
134 1323 213 1366 eodem
225 1320 304 1381 burgo,
316 1335 369 1363 cum
380 1318 473 1380 quidam
483 1320 577 1375 iuvenis,
589 1320 715 1365 Alexander
726 1320 806 1376 dictus,

47 1401 113 1446 super
139 1385 208 1430 altam
234 1398 315 1444 rupem
346 1385 397 1427 cum
422 1382 484 1427 sotiis
510 1382 587 1428 funem
611 1383 714 1440 traheret,
739 1393 807 1446 rupto

47 1450 110 1506 fune,
127 1450 155 1496 de
166 1465 221 1511 rupe
232 1448 384 1511 precipitatus,
397 1458 509 1503 mortuus,
522 1458 548 1494 ut
563 1447 692 1511 putabatur,
705 1449 805 1498 effertur.

49 1516 126 1567 Quem
152 1531 203 1560 curn
227 1523 289 1574 pater
313 1514 383 1573 ipsius
405 1512 500 1557 lacrimis
524 1523 547 1558 et
570 1513 706 1574 singultibus
728 1514 807 1576 plenus

48 1589 125 1625 sancto
137 1578 223 1626 Christi
235 1577 352 1622 Francisco
364 1587 463 1632 voveret,
478 1592 558 1623 sanum
571 1587 593 1622 et
605 1577 741 1624 incolumem
754 1595 807 1625 eum

49 1644 137 1704 recepit.

98 1706 208 1754 Eiusdem
225 1703 302 1768 oppidi
319 1703 407 1760 mulier,
418 1703 496 1749 ethicis
509 1704 648 1766 passionibus
658 1704 768 1763 laborans
780 1709 808 1753 ad

50 1784 175 1818 extremum
192 1773 306 1833 perducta,
323 1769 524 1815 commendationis
543 1769 615 1815 anime
633 1770 738 1817 benefitio
757 1771 809 1817 lun-

50 1838 129 1900 gitur3
150 1836 217 1883 seda
236 1834 430 1881 circumstantibus
446 1844 509 1894 pater
526 1834 676 1881 sanctissimus
692 1836 809 1882 invocatur

51 1911 74 1947 et
84 1901 194 1947 continuo
204 1898 331 1945 restituitur
341 1897 436 1944 sanitati.

99 1965 169 2028 Apud
189 1965 252 2022 Rete‚
272 1961 373 2025 dyocesis
392 1961 523 2019 Cusentine‚
537 1964 633 2026 contigit
652 1965 709 2010 duos
728 1980 810 2027 pueros

52 2032 117 2077 castri
128 2030 230 2076 eiusdem
241 2030 264 2074 in
275 2028 340 2073 scolis
357 2038 468 2073 morantes
484 2028 551 2072 rixari
562 2038 584 2078 et
595 2029 691 2074 alterum
702 2028 729 2074 ab
740 2030 811 2074 altero

52 2096 75 2141 in
87 2105 177 2157 pectore
188 2092 300 2140 vulnerari
311 2102 357 2138 tarn
369 2091 473 2153 gravitcrj
486 2092 549 2153 quod
564 2093 679 2139 stomacho
689 2092 754 2140 valde
765 2094 811 2140 leso

53 2159 115 2206 cibus
128 2159 254 2218 indigestus
270 2172 309 2216 per
325 2155 408 2200 vulnus
424 2156 500 2211 exiret,
518 2165 540 2200 et
557 2157 645 2201 nullum
661 2168 736 2218 posset
751 2157 810 2203 idem

53 2240 110 2286 puer
120 2223 287 2268 nutrimentum
303 2230 385 2266 tenere.
418 2219 479 2265 Nam
496 2235 567 2284 neque
583 2221 725 2283 digerebatur
741 2221 810 2280 cibuS,

54 2304 129 2353 neque
138 2287 214 2351 aliquo
225 2285 364 2348 receptaculo
379 2283 504 2343 tenebatur,
515 2285 554 2331 sed
571 2301 610 2348 per
627 2285 711 2333 dictum
728 2288 812 2339 vulnus

53 2354 179 2416 indigestus
199 2352 280 2398 exibat.
323 2349 395 2396 Nullo
417 2361 492 2396 autem
519 2350 560 2396 sibi
587 2351 674 2398 medico
696 2354 813 2416 suffragari

54 2419 150 2473 valente,
161 2427 264 2479 parentes
281 2431 325 2459 una
343 2430 393 2458 curn
411 2414 467 2475 ipso,
485 2416 513 2459 ad
530 2416 679 2460 monitionem
697 2418 812 2463 cuiusdam

53 2481 136 2539 fratris,
147 2483 167 2527 ei
176 2481 215 2545 qui
223 2479 307 2527 vulnus
315 2479 421 2525 intulerat
429 2488 582 2541 pepercerunt,
591 2490 615 2527 et
623 2480 688 2527 beato
696 2482 814 2529 Francisco

54 2557 167 2594 voverunt
178 2546 251 2610 quod,v
259 2546 276 2589 si
288 2559 384 2606 puerum
401 2543 543 2590 vulneratum
559 2544 654 2591 letaliter
665 2556 687 2592 et
698 2564 710 2592 a
721 2547 813 2594 medicis

55 2613 196 2675 desperatum
208 2627 220 2658 a
231 2611 294 2657 fauce
311 2609 390 2655 mortis
406 2608 507 2670 eriperet,
520 2626 571 2654 eum
582 2610 610 2655 ad
621 2626 683 2656 suam
700 2612 812 2658 ecclesiam

56 2677 173 2729 micterent
192 2686 215 2720 ct
233 2675 303 2736 ipsam
322 2671 412 2716 candela
431 2673 455 2717 in
474 2674 571 2719 circuitu
590 2674 711 2735 cingerent.
745 2676 813 2721 Facto

55 2750 131 2786 autem
142 2748 205 2795 voto,
217 2753 272 2798 puer
283 2737 314 2781 ita
325 2735 423 2780 totaliter
435 2746 457 2780 et
468 2736 561 2782 mirifice
577 2735 683 2783 liberatus
699 2749 739 2795 est,
751 2740 813 2801 quod

56 2803 181 2852 iudicatum
191 2802 237 2850 fuit
248 2819 261 2848 a
271 2799 363 2848 medicis
374 2799 402 2846 de
412 2799 502 2848 Salerno
518 2818 563 2848 non
581 2801 655 2849 minus
672 2804 813 2861 miraculum,

57 2886 123 2936 quam
136 2871 153 2914 si
164 2879 220 2917 esset
232 2886 243 2915 a
255 2866 351 2915 mortuis
362 2865 486 2914 suscitatus.
