1919 3169
308 135 310 137 ·
351 125 530 173 Mrancuta
774 134 817 181 117

103 225 223 273 Galianum
239 233 336 271 castrum
352 231 386 269 est
402 222 539 286 populosum
555 231 577 268 et
593 220 668 266 nobile
679 220 702 265 in
712 217 819 275 Valvensi

56 291 145 349 diocesi,
163 291 186 339 in
203 308 248 354 quo
270 300 316 336 erat
339 288 420 335 mulier
441 290 545 351 quedam,
563 288 639 334 Maria
660 288 759 343 nomine,
775 300 819 346 que

56 368 108 420 post
126 356 226 403 difficiles
245 355 313 402 huius
329 353 397 399 seculi
413 352 460 401 vias
476 354 503 400 ad
520 355 597 400 Deum
614 367 727 409 conversa,
743 359 820 395 sancto

57 422 175 469 Francisco
191 420 253 467 omni
264 436 287 465 se
298 418 420 464 subiecerat
430 417 546 465 famulatu.
580 417 634 464 Her
645 432 697 462 cum
708 416 732 461 in
743 423 820 460 monte

57 488 156 549 quodam
177 485 240 530 omni
261 497 370 545 aquarum
392 483 494 527 ariditate
521 483 643 543 dampnato
664 496 710 526 una
731 479 820 525 dierum

57 549 189 604 accessisset,
208 562 269 592 acera
287 545 382 592 virentia
400 555 530 608 purgatura,
553 545 622 592 oblita
643 560 718 591 secum
740 556 821 607 aquam

59 614 152 672 deferre,
169 613 269 659 fervente
286 610 381 657 nimium
397 620 454 669 estu,
465 612 512 658 sitis
523 611 616 658 deficere
627 611 685 673 cepit
696 606 819 657 ardoribus.

58 681 110 740 Que
129 694 180 724 cum
199 678 243 723 iam
260 675 346 737 operari
363 674 394 721 nil
410 685 491 737 posset,
508 677 570 737 quasi
587 676 696 723 exanimis
712 676 735 721 in
752 675 822 719 humo

59 744 139 798 iacens,
157 750 280 802 patronum
299 754 367 785 suum
386 748 486 784 sanctum
505 739 649 785 Franciscum
669 738 728 801 cepit
747 737 822 783 animo

58 807 169 853 invocare.
210 804 245 850 Sic
265 803 336 866 igitur
355 802 447 867 fatigata
465 805 581 866 paululum
600 804 747 852 obdormivit.
789 801 822 848 Et

58 888 108 918 ecce
124 880 212 915 sanctus
228 868 360 914 Franciscus
375 869 495 916 adveniens
511 887 559 915 eam
574 870 662 917 vocavit
673 886 700 915 ex
711 867 820 914 nomine:

59 937 136 998 Surge,
154 933 233 997 inquid
253 942 275 978 et
296 931 346 978 bibe
365 950 452 995 aquam,
471 950 513 996 que
532 933 572 980 tibi
590 934 668 980 divino
686 948 779 979 munere
798 941 820 977 et

60 999 162 1063 pluribus
187 997 312 1044 exhibetur.
360 997 473 1045 Oscitavit
499 999 579 1045 mulier
606 999 633 1045 ad
657 999 715 1044 hanc
741 1012 820 1044 vocem

60 1074 83 1110 et
114 1078 209 1123 sompno
240 1077 340 1122 repressa
371 1062 464 1122 quievit.
514 1062 598 1108 Adhuc
630 1062 698 1107 semel
734 1070 821 1114 vocata,

60 1136 151 1190 gravata
183 1125 278 1171 nimium
307 1124 377 1170 humo
404 1124 517 1172 relabitur.
560 1126 640 1173 Tertio
669 1142 724 1174 vero
751 1123 821 1171 sancti

61 1191 166 1238 mandato
208 1207 254 1236 non
302 1190 416 1236 modicum
464 1189 590 1237 confortata
637 1192 747 1246 surrexit3
798 1198 839 1234 et*

59 1256 167 1318 accipiens
192 1253 277 1300 silicem
304 1254 345 1317 qui
371 1256 433 1301 iuxta
456 1272 479 1300 se
504 1255 583 1313 stabat,
609 1256 691 1302 exrasit
717 1271 766 1302 eam
793 1254 821 1301 de

60 1332 123 1368 terra.
179 1319 251 1365 Cuius
282 1319 380 1364 radicem
413 1336 464 1365 cum
498 1330 571 1365 totam
608 1320 722 1366 madidam
758 1319 822 1381 inspe

60 1386 134 1441 nisset,
153 1382 225 1445 digito
243 1393 265 1429 et
282 1384 376 1444 parvulo
392 1382 455 1445 ligno
472 1384 531 1445 cepit
547 1384 624 1429 fodere
641 1385 820 1446 circumquaque.
828 1391 866 1428 Fol.
875 1395 914 1441 45¹⁰

63 1448 141 1497 Subito
162 1445 220 1495 fossa
240 1447 325 1509 repleta
346 1457 379 1494 est
400 1464 458 1512 aqua
479 1458 502 1494 et
519 1465 587 1511 parva
609 1448 692 1495 stillula
710 1448 780 1495 crevit
798 1449 822 1493 in

62 1513 166 1570 fontem,
183 1511 240 1559 bibit
257 1512 337 1559 mulier
354 1523 376 1559 et
393 1512 469 1560 satiata
486 1513 563 1560 oculos
580 1514 642 1572 lavit,
660 1513 742 1577 quibus
755 1514 823 1576 longa

62 1578 191 1640 egritudine
208 1577 352 1630 obumbratis,
370 1577 438 1620 nichil
456 1577 512 1621 clare
531 1588 620 1638 poterat
638 1578 727 1623 intueri.
769 1577 822 1622 lll-

64 1640 142 1688 minati
161 1650 213 1687 sunt
232 1639 291 1686 oculi
309 1641 356 1686 eius
375 1649 398 1686 et
416 1640 478 1686 omni
500 1656 582 1704 rugosa
602 1650 716 1689 vetustate
735 1640 822 1696 abolita,

65 1706 131 1771 quasi·
143 1722 201 1751 nova
218 1714 271 1751 sunt
281 1704 332 1751 luce
346 1703 438 1767 perfusi.
472 1705 571 1752 Festinat
582 1706 610 1752 ad
621 1707 715 1753 domum
726 1706 807 1752 mulier
817 1722 823 1762 3

64 1783 86 1818 et
104 1782 151 1818 tam
167 1770 304 1832 stupendum
321 1770 454 1816 miraculum
471 1771 498 1816 ad
515 1771 610 1833 gloriam
626 1772 695 1817 sancti
714 1771 824 1818 Francisci

65 1835 183 1882 denuntiat
200 1836 316 1881 universis.
359 1835 414 1880 Exit
430 1834 489 1879 fama
506 1835 533 1880 de
550 1835 664 1891 miraculo,
681 1846 703 1881 et
713 1852 785 1898 usque
796 1835 824 1880 ad

65 1898 116 1945 alias
126 1898 228 1961 regiones
239 1898 310 1959 replet
321 1898 423 1944 omnium
435 1914 502 1945 aures.
533 1899 635 1945 Currunt
646 1899 747 1963 undique
757 1899 824 1946 multi

66 1964 132 2011 variis
148 1963 234 2009 detenti
250 1961 379 2026 langoribus
395 1973 418 2009 et
437 1965 543 2025 premissa
556 1964 579 2009 in
591 1963 729 2011 confessione
740 1965 824 2011 anima-

65 2046 117 2075 rum
133 2029 210 2086 salute,
228 2028 313 2075 ibidem
330 2045 342 2074 a
360 2028 405 2074 suis
422 2027 521 2075 cladibus
538 2028 667 2076 liberantur.
701 2030 761 2075 Nam
781 2030 825 2076 ceci

66 2093 178 2154 recipiunt
198 2094 283 2150 lumen,
303 2093 387 2138 claudis
405 2093 507 2138 redditur
526 2109 620 2155 gressus,
639 2093 783 2139 subtiliantur
802 2103 825 2138 et

66 2156 152 2218 turgidi
162 2165 185 2201 et
195 2157 263 2203 variis
273 2155 438 2218 egritudinibus
450 2157 511 2202 varia
527 2156 673 2202 medicamina
684 2156 824 2203 exhibentur.

66 2220 195 2266 Perseverat
212 2238 282 2284 usque
298 2219 366 2266 hodie
382 2218 433 2265 fons
449 2220 479 2265 ibi
497 2221 642 2283 perspicuus;
661 2231 684 2267 et
700 2222 723 2267 in
739 2223 826 2268 honore

67 2286 136 2333 sancti
147 2285 257 2333 Francisci
268 2285 352 2332 ibidem
364 2286 487 2332 oratorium
498 2296 532 2332 est
542 2295 704 2333 constructum.

114 2351 229 2413 Tempore
244 2366 290 2413 quo
306 2350 366 2413 apud
382 2350 499 2397 heremum
515 2351 587 2397 Sancti
599 2350 688 2397 Urbani
699 2351 827 2414 egritudine
841 2403 842 2406 Ἰ

68 2415 197 2476 gravissima
213 2414 333 2473 laborabat,
353 2432 405 2460 cum
424 2415 503 2461 vinum
522 2432 559 2461 ore
575 2416 682 2477 languido
697 2416 825 2477 postularet,

69 2477 124 2525 nihil
140 2480 168 2526 de
184 2479 239 2526 vino
256 2479 317 2542 quod
330 2478 371 2525 sibi
382 2478 475 2526 daretur
486 2479 634 2541 respondetur
645 2480 725 2528 adesse.
761 2480 828 2528 lubet

68 2542 109 2589 sibi
128 2559 208 2608 aquam
227 2543 308 2602 afferri,
327 2552 350 2590 et
371 2542 458 2591 allatam
480 2544 551 2591 crucis
572 2543 687 2606 signaculo
708 2544 827 2592 benedixit.

70 2608 128 2655 Mox
144 2610 168 2655 in
184 2609 279 2656 alterum
295 2624 362 2655 usum
378 2610 486 2655 transiens
501 2609 644 2666 elementum,
661 2626 762 2670 saporem
775 2628 829 2673 pro-

69 2673 143 2733 prium
159 2675 227 2730 exuit,
246 2674 319 2720 induit
338 2675 490 2735 peregrinum,
508 2675 585 2720 vinum
602 2673 697 2720 efficitur
716 2677 828 2736 optimum

70 2737 132 2799 quod
151 2736 224 2784 fuerat
243 2755 300 2801 aqua
319 2753 390 2800 pura3
412 2746 434 2783 et
457 2738 518 2801 quod
540 2748 656 2800 paupertas
677 2754 724 2785 non
745 2740 828 2802 potuit,

70 2802 174 2848 sanctitas
200 2802 339 2865 propinavit.
378 2802 416 2849 Ad
443 2803 490 2848 eius
516 2813 609 2865 gustum
637 2811 699 2849 tanta
725 2803 829 2850 facilitate

71 2866 184 2917 convaluit
199 2869 268 2916 homo
285 2868 337 2928 Dei,
348 2877 374 2914 ut
391 2867 446 2917 mire
457 2867 577 2917 sanationis
589 2867 644 2917 mira
660 2867 697 2916 illa
714 2870 830 2921 conversio
