1919 3169
160 63 190 108 34
349 46 550 97 rnncrnrus
565 43 739 96 securibus

160 143 183 188 in
199 142 291 188 heremo
306 143 413 200 sartriani,
433 159 484 188 cum
501 144 650 205 interrogatus
667 144 739 200 frater,
752 161 765 190 a
780 145 849 191 fratre
865 145 924 190 unde

160 207 253 265 veniret,
271 208 427 269 respondisset,
444 225 456 253 a
478 208 532 255 cella
550 207 618 254 sancti
636 208 752 265 Francisci,
771 209 814 254 hoc
835 217 924 254 sanctus

161 273 247 333 audito,
257 273 373 336 respondit
384 291 388 319 :
407 273 443 320 Ex
454 289 500 336 quo
511 273 623 321 Francisci
631 290 714 320 nomen
725 273 779 320 celle
789 273 924 337 imposuisti,

161 337 229 384 alium
240 337 281 384 sibi
293 354 371 401 queras
382 337 529 384 habitatorem
540 354 546 394 ;
564 355 615 385 nam
626 338 673 400 ipse
684 339 707 384 in
718 355 743 385 ea
757 355 803 384 non
819 338 924 386 morabor

162 403 190 448 de
201 414 281 449 cetero.
314 402 434 458 Dominus,
445 402 483 461 ait,
495 404 586 466 quando
596 403 659 449 stetit
670 403 693 449 in
701 419 793 460 carcere,
801 404 842 450 nisi
852 404 925 451 oravit

161 478 184 512 et
194 467 302 512 ieiunavit
318 467 465 529 quadraginta
475 467 560 525 diebus,
574 484 619 514 non
635 467 690 515 cella
701 468 731 514 ibi
743 469 790 515 fieri
807 468 868 525 fecit,
884 485 925 514 nec

161 529 259 594 aliquam
278 529 380 589 domum,
399 532 438 577 sed
457 531 498 577 sub
517 548 570 577 saxo
591 532 676 577 montis
696 534 825 594 permansit.
858 534 924 595 Sequi

161 611 215 642 eum
243 611 362 658 possumus
395 595 502 643 inferiora
532 596 658 660 prescripta,
686 597 754 642 nichil
783 597 926 660 proprietatis

161 660 271 716 habendo,
282 660 333 706 licet
346 670 420 722 preter
435 678 500 707 usum
511 662 631 708 domorum
642 662 719 708 vivere
735 679 781 709 non
797 662 925 725 possimus?

75 807 156 851 [namu]
373 804 406 846 De
421 807 556 855 paupertate
569 806 706 847 utensilium.

207 886 288 979 Ποῖ]
316 918 389 966 solum
417 917 539 966 domorum
566 921 714 984 arrogantiam
741 918 830 967 odiebat
856 919 926 965 homo

63 990 101 1029 Fol.
112 995 150 1028 Uva
160 988 209 1043 iste,
227 1001 313 1039 verum,
333 985 455 1030 domorum
472 985 576 1030 utensilia
592 985 662 1031 multa
678 985 714 1032 vel
730 986 839 1048 exquisita
855 985 926 1047 pluri-

161 1068 224 1097 mum
241 1048 394 1112 perhorrebat.
428 1049 505 1094 Nichil
521 1049 545 1094 in
561 1050 649 1106 mensis,
668 1050 735 1097 nichil
752 1050 775 1096 in
796 1050 861 1106 vasis,
879 1065 926 1112 quo

161 1114 240 1161 mundi
261 1114 423 1169 recordaretur,
446 1112 540 1171 amabat,
562 1124 588 1158 ut
615 1114 690 1159 omnia
717 1114 925 1176 peregrinationem,

160 1180 236 1226 omnia
252 1186 365 1224 cantarent
381 1176 480 1223 exilium.

66 1332 156 1375 [n-xivJ]
199 1322 338 1374 Exemplum
348 1321 376 1363 de
385 1332 465 1382 mensa
474 1320 510 1363 die
524 1323 608 1383 pasche
617 1321 678 1374 apud
689 1321 791 1383 grecium
805 1325 926 1384 preparata

160 1378 184 1419 et
192 1375 306 1427 quomodo
315 1386 341 1417 se
350 1375 429 1416 christ1
438 1375 544 1424 exemplo
552 1378 613 1416 srcut
622 1385 767 1426 peregrinum
776 1375 886 1417 exhibuit·

205 1459 330 1546 Eactum
346 1501 387 1548 est,
398 1491 496 1553 quodam
512 1490 548 1535 die
563 1491 650 1551 pasche,
661 1502 686 1537 ut
702 1490 781 1536 fratres
799 1490 822 1536 in
836 1491 927 1538 heremo

159 1560 227 1623 grecii
237 1572 344 1612 mensam,
355 1554 479 1601 accuratius
494 1553 569 1610 solito,
580 1553 634 1599 albis
650 1564 672 1601 et
688 1554 765 1601 vitreis
776 1565 926 1616 prepararent.

159 1622 302 1671 Descendens
313 1629 388 1666 autern
399 1629 462 1682 pater
472 1619 500 1665 de
512 1620 573 1676 cella,
584 1621 645 1665 venit
661 1621 689 1666 ad
700 1636 805 1677 mensam,
818 1620 927 1682 conspicit

160 1690 206 1736 alto
216 1690 282 1734 sitam
292 1686 397 1749 varieque
413 1694 530 1739 ornatam3
547 1684 586 1731 sed
601 1684 683 1731 ridenti
697 1701 771 1731 mense
788 1701 926 1749 nequaquam

160 1754 249 1799 arridet.
283 1750 372 1795 Furtim
389 1758 411 1794 et
427 1749 566 1811 pedetentim
582 1750 675 1794 retrahit
696 1765 802 1812 gressum,
819 1750 927 1810 capellum

160 1815 275 1863 cuiusdam
292 1812 402 1875 pauperia,
419 1813 458 1874 qui
475 1822 529 1857 tunc
548 1813 630 1867 aderat,
641 1814 707 1874 capiti
725 1829 766 1857 suo
782 1814 887 1874 imponit,
905 1825 928 1859 et

160 1880 264 1928 baculum
283 1895 350 1923 manu
367 1885 456 1940 gestans
472 1876 587 1939 egreditur
603 1876 668 1922 foras.
701 1877 812 1938 Expectat
829 1877 883 1923 foris
900 1879 928 1924 ad

160 1946 267 2001 hostium,
284 1943 356 1988 donec
369 1942 475 2003 incipiant
487 1941 585 1997 fratres3
601 1941 711 2003 siquidem
727 1940 787 1986 soliti
804 1952 867 1987 erant
884 1959 929 1988 non

160 2020 275 2071 expectare
289 2009 371 2070 ipsum,
388 2007 478 2070 quando
495 2023 540 2051 non
557 2005 644 2052 veniret
655 2006 683 2052 ad
699 2006 796 2068 signum.
832 2006 879 2052 Illis
895 2007 930 2053 in-

161 2072 294 2137 cipientibus
313 2071 453 2125 manducare,
473 2071 553 2115 clamat
576 2087 642 2115 verus
661 2086 745 2131 pauper
764 2071 792 2115 ad
811 2071 928 2116 hostiurn:

161 2139 246 2185 Amore
257 2134 343 2183 domini
354 2133 390 2180 dei
399 2132 471 2188 facite,
480 2133 569 2197 inquid,
578 2132 755 2196 heleemosynam
764 2134 801 2179 isti
810 2136 928 2196 peregrino

161 2202 253 2266 pauperi
266 2212 289 2247 et
304 2200 400 2246 infirmo.
434 2200 579 2260 Respondent
595 2198 689 2244 fratres:
708 2198 769 2244 Intra
785 2198 835 2254 huc,
849 2199 927 2258 homo,

161 2268 221 2313 illius
237 2281 319 2324 amore,
336 2280 403 2327 quem
419 2263 535 2309 invocasti.

209 2332 310 2391 Repente
328 2328 398 2388 igitur
415 2327 541 2387 ingreditur
558 2337 580 2372 et
599 2343 646 2372 sese
665 2326 834 2373 comedentibus
851 2326 927 2374 offert.

161 2395 204 2442 Sed
220 2403 330 2457 quantum
341 2400 457 2453 stuporem
468 2391 539 2437 credis
549 2390 692 2453 peregrinum
709 2390 794 2437 civibus
810 2391 926 2437 intulisse?

161 2460 235 2505 Datur
241 2456 325 2520 petenti
333 2455 424 2502 scutella
434 2470 440 2511 ;
456 2464 479 2501 et
489 2456 544 2514 solo,
552 2454 612 2501 solus
623 2454 760 2512 recumbens,
769 2454 855 2500 discum
863 2456 929 2518 ponit

162 2524 185 2569 in
197 2523 269 2570 cinere
280 2540 284 2568 ι
303 2521 379 2567 Modo
389 2520 462 2577 sedeo,
473 2520 511 2576 ait,
523 2530 549 2565 ut
565 2519 634 2565 frater
645 2519 742 2575 Minor3
762 2529 784 2565 et
795 2520 823 2566 ad
834 2518 927 2566 fratres:

163 2588 240 2649 Magis
251 2603 292 2631 nos
302 2585 404 2645 exempla
410 2585 545 2645 paupertatis
552 2584 592 2630 lilii
603 2584 638 2630 dei
647 2601 715 2647 quarn
722 2593 806 2629 ceteros
812 2583 929 2647 religiosos

163 2667 241 2715 cogere
248 2649 321 2696 debet.
348 2649 451 2694 Mensam
458 2649 505 2695 vidi
517 2658 615 2711 paratam
627 2658 649 2693 et
660 2658 761 2694 ornatam
772 2658 794 2693 et
805 2664 930 2710 pauperum

162 2716 277 2764 hostiatim
288 2714 391 2761 euntium
408 2728 453 2758 non
469 2729 515 2759 esse
531 2712 636 2777 cognovi.
670 2711 770 2757 Similem
786 2712 846 2758 hunc
862 2712 930 2758 fuisse

163 2781 281 2844 peregrino
296 2779 335 2836 illi,
353 2780 392 2842 qui
409 2778 468 2824 solus
486 2789 531 2825 erat
548 2779 571 2824 in
589 2776 708 2824 ierusalem
725 2777 804 2824 eodem
822 2776 865 2837 die,
877 2777 930 2825 facti
