<?xml version="1.0" encoding="UTF-8"?>
<!DOCTYPE html PUBLIC "-//W3C//DTD XHTML 1.0 Transitional//EN"
    "http://www.w3.org/TR/xhtml1/DTD/xhtml1-transitional.dtd">
<html xmlns="http://www.w3.org/1999/xhtml" xml:lang="en" lang="en">
 <head>
  <title>
</title>
<meta http-equiv="Content-Type" content="text/html;charset=utf-8" />
  <meta name='ocr-system' content='tesseract 3.04.00' />
  <meta name='ocr-capabilities' content='ocr_page ocr_carea ocr_par ocr_line ocrx_word'/>
</head>
<body>
  <div class='ocr_page' id='page_1' title='image "./MN5146ucmf_4_0288.png"; bbox 0 0 1919 3169; ppageno 0'>
   <div class='ocr_carea' id='block_1_1' title="bbox 149 80 731 129">
    <p class='ocr_par' dir='ltr' id='par_1_1' title="bbox 149 80 731 129">
     <span class='ocr_line' id='line_1_1' title="bbox 149 80 731 129; baseline 0.005 -4"><span class='ocrx_word' id='word_1_1' title='bbox 149 96 180 127; x_wconf 86' lang='grc'>10</span> <span class='ocrx_word' id='word_1_2' title='bbox 340 80 541 129; x_wconf 74' lang='lat' dir='ltr'>FRA&#39;CTA&#39;TUS</span> <span class='ocrx_word' id='word_1_3' title='bbox 558 81 731 128; x_wconf 85' lang='lat' dir='ltr'>SECUNDUS</span> 
     </span>
    </p>
   </div>
   <div class='ocr_carea' id='block_1_2' title="bbox 73 177 916 1339">
    <p class='ocr_par' dir='ltr' id='par_1_2' title="bbox 144 177 914 758">
     <span class='ocr_line' id='line_1_2' title="bbox 149 177 913 250; baseline -0.001 -27"><span class='ocrx_word' id='word_1_4' title='bbox 149 178 244 239; x_wconf 80' lang='lat' dir='ltr'>proinde</span> <span class='ocrx_word' id='word_1_5' title='bbox 268 194 354 224; x_wconf 85' lang='lat' dir='ltr'>exuens</span> <span class='ocrx_word' id='word_1_6' title='bbox 377 178 523 252; x_wconf 80' lang='lat' dir='ltr'>semetipsum</span> <span class='ocrx_word' id='word_1_7' title='bbox 546 195 653 241; x_wconf 82' lang='lat' dir='ltr'><strong>pauperes</strong></span> <span class='ocrx_word' id='word_1_8' title='bbox 677 178 757 234; x_wconf 88' lang='lat' dir='ltr'>induit,</span> <span class='ocrx_word' id='word_1_9' title='bbox 783 177 874 250; x_wconf 88' lang='lat' dir='ltr'>quibus</span> <span class='ocrx_word' id='word_1_10' title='bbox 890 193 913 222; x_wconf 90' lang='lat' dir='ltr'>se</span> 
     </span>
     <span class='ocr_line' id='line_1_3' title="bbox 149 241 913 304; baseline -0.001 -17"><span class='ocrx_word' id='word_1_11' title='bbox 149 241 245 287; x_wconf 83' lang='lat' dir='ltr'>similem</span> <span class='ocrx_word' id='word_1_12' title='bbox 267 241 314 287; x_wconf 89' lang='lat' dir='ltr'>fieri</span> <span class='ocrx_word' id='word_1_13' title='bbox 337 244 440 287; x_wconf 86' lang='lat' dir='ltr'>nondum</span> <span class='ocrx_word' id='word_1_14' title='bbox 462 244 536 304; x_wconf 90' lang='lat' dir='ltr'>operis</span> <span class='ocrx_word' id='word_1_15' title='bbox 559 244 719 297; x_wconf 83' lang='lat' dir='ltr'>executionem,</span> <span class='ocrx_word' id='word_1_16' title='bbox 738 244 776 288; x_wconf 91' lang='lat' dir='ltr'>sed</span> <span class='ocrx_word' id='word_1_17' title='bbox 798 253 848 288; x_wconf 93' lang='lat' dir='ltr'>toto</span> <span class='ocrx_word' id='word_1_18' title='bbox 868 242 913 287; x_wconf 90' lang='lat' dir='ltr'>iam</span> 
     </span>
     <span class='ocr_line' id='line_1_4' title="bbox 150 305 912 381; baseline -0.003 -29"><span class='ocrx_word' id='word_1_19' title='bbox 150 306 216 354; x_wconf 86' lang='lat' dir='ltr'>corde</span> <span class='ocrx_word' id='word_1_20' title='bbox 227 315 279 352; x_wconf 90' lang='lat' dir='ltr'>cont</span> <span class='ocrx_word' id='word_1_21' title='bbox 270 306 349 353; x_wconf 90' lang='lat' dir='ltr'>tendit.</span> <span class='ocrx_word' id='word_1_22' title='bbox 377 306 436 353; x_wconf 88' lang='lat' dir='ltr'>Cum</span> <span class='ocrx_word' id='word_1_23' title='bbox 439 317 552 370; x_wconf 86' lang='lat' dir='ltr'>‚ternpore</span> <span class='ocrx_word' id='word_1_24' title='bbox 560 307 667 381; x_wconf 81' lang='lat' dir='ltr'>quodam,</span> <span class='ocrx_word' id='word_1_25' title='bbox 676 323 763 356; x_wconf 88' lang='lat' dir='ltr'>romam</span> <span class='ocrx_word' id='word_1_26' title='bbox 771 305 912 371; x_wconf 81' lang='lat' dir='ltr'>peregrinan-</span> 
     </span>
     <span class='ocr_line' id='line_1_5' title="bbox 149 372 914 435; baseline -0.004 -16"><span class='ocrx_word' id='word_1_27' title='bbox 149 383 209 419; x_wconf 51' lang='lat' dir='ltr'>tuus¹</span> <span class='ocrx_word' id='word_1_28' title='bbox 218 372 296 430; x_wconf 89' lang='lat' dir='ltr'>adiret,</span> <span class='ocrx_word' id='word_1_29' title='bbox 305 373 444 434; x_wconf 86' lang='lat' dir='ltr'>paupertatis</span> <span class='ocrx_word' id='word_1_30' title='bbox 459 390 534 420; x_wconf 89' lang='lat' dir='ltr'>amore</span> <span class='ocrx_word' id='word_1_31' title='bbox 551 372 684 420; x_wconf 87' lang='lat' dir='ltr'>vestimenta</span> <span class='ocrx_word' id='word_1_32' title='bbox 701 372 742 420; x_wconf 89' lang='lat' dir='ltr'>del</span> <span class='ocrx_word' id='word_1_33' title='bbox 737 382 794 419; x_wconf 78' lang='lat' dir='ltr'>itata</span> <span class='ocrx_word' id='word_1_34' title='bbox 809 372 914 435; x_wconf 83' lang='lat' dir='ltr'>deposuit</span> 
     </span>
     <span class='ocr_line' id='line_1_6' title="bbox 145 437 913 512; baseline -0.003 -29"><span class='ocrx_word' id='word_1_35' title='bbox 145 446 173 483; x_wconf 77' lang='lat' dir='ltr'>-et</span> <span class='ocrx_word' id='word_1_36' title='bbox 183 437 298 483; x_wconf 84' lang='lat' dir='ltr'>cuiusdam</span> <span class='ocrx_word' id='word_1_37' title='bbox 310 438 422 512; x_wconf 83' lang='lat' dir='ltr'>pauperis</span> <span class='ocrx_word' id='word_1_38' title='bbox 429 439 569 484; x_wconf 88' lang='lat' dir='ltr'>vestimentis</span> <span class='ocrx_word' id='word_1_39' title='bbox 585 438 693 495; x_wconf 70' lang='lat' dir='ltr'>obtectus</span> <span class='ocrx_word' id='word_1_40' title='bbox 705 438 729 483; x_wconf 85' lang='lat' dir='ltr'>in</span> <span class='ocrx_word' id='word_1_41' title='bbox 744 438 847 499; x_wconf 78' lang='lat' dir='ltr'>paradiso</span> <span class='ocrx_word' id='word_1_42' title='bbox 863 446 913 482; x_wconf 88' lang='lat' dir='ltr'>ante</span> 
     </span>
     <span class='ocr_line' id='line_1_7' title="bbox 144 500 914 575; baseline 0.003 -30"><span class='ocrx_word' id='word_1_43' title='bbox 144 502 263 547; x_wconf 82' lang='lat' dir='ltr'>ecclesiam</span> <span class='ocrx_word' id='word_1_44' title='bbox 279 502 349 547; x_wconf 88' lang='lat' dir='ltr'>sancti</span> <span class='ocrx_word' id='word_1_45' title='bbox 366 503 432 563; x_wconf 87' lang='lat' dir='ltr'>petri,</span> <span class='ocrx_word' id='word_1_46' title='bbox 446 504 485 565; x_wconf 88' lang='lat' dir='ltr'>qui</span> <span class='ocrx_word' id='word_1_47' title='bbox 502 504 564 549; x_wconf 89' lang='lat' dir='ltr'>locus</span> <span class='ocrx_word' id='word_1_48' title='bbox 581 502 643 549; x_wconf 80' lang='lat' dir='ltr'>ferax</span> <span class='ocrx_word' id='word_1_49' title='bbox 659 513 693 549; x_wconf 89' lang='lat' dir='ltr'>est</span> <span class='ocrx_word' id='word_1_50' title='bbox 704 518 839 575; x_wconf 81' lang='lat' dir='ltr'>pauperum,</span> <span class='ocrx_word' id='word_1_51' title='bbox 856 500 914 547; x_wconf 85' lang='lat' dir='ltr'>inter</span> 
     </span>
     <span class='ocr_line' id='line_1_8' title="bbox 148 563 913 638; baseline 0.001 -28.003"><span class='ocrx_word' id='word_1_52' title='bbox 148 580 287 628; x_wconf 88' lang='lat' dir='ltr'>pauperes</span> <span class='ocrx_word' id='word_1_53' title='bbox 266 563 297 611; x_wconf 97' lang='lat' dir='ltr'>l</span> <span class='ocrx_word' id='word_1_54' title='bbox 288 574 362 611; x_wconf 81' lang='lat' dir='ltr'>tenter</span> <span class='ocrx_word' id='word_1_55' title='bbox 377 567 459 614; x_wconf 84' lang='lat' dir='ltr'>resedit</span> <span class='ocrx_word' id='word_1_56' title='bbox 467 576 493 614; x_wconf 83' lang='grc'>11</span> <span class='ocrx_word' id='word_1_57' title='bbox 503 566 572 615; x_wconf 90' lang='lat' dir='ltr'>velud</span> <span class='ocrx_word' id='word_1_58' title='bbox 583 583 656 612; x_wconf 89' lang='lat' dir='ltr'>unum</span> <span class='ocrx_word' id='word_1_59' title='bbox 666 583 693 611; x_wconf 87' lang='lat' dir='ltr'>ex</span> <span class='ocrx_word' id='word_1_60' title='bbox 704 566 757 629; x_wconf 88' lang='lat' dir='ltr'>ipsis</span> <span class='ocrx_word' id='word_1_61' title='bbox 768 581 791 611; x_wconf 92' lang='lat' dir='ltr'>se</span> <span class='ocrx_word' id='word_1_62' title='bbox 801 574 913 638; x_wconf 81' lang='lat' dir='ltr'>reputans,</span> 
     </span>
     <span class='ocr_line' id='line_1_9' title="bbox 149 628 913 689; baseline -0.003 -14"><span class='ocrx_word' id='word_1_63' title='bbox 149 630 214 676; x_wconf 89' lang='lat' dir='ltr'>avide</span> <span class='ocrx_word' id='word_1_64' title='bbox 225 645 276 676; x_wconf 90' lang='lat' dir='ltr'>cum</span> <span class='ocrx_word' id='word_1_65' title='bbox 287 629 318 676; x_wconf 90' lang='lat' dir='ltr'>eis</span> <span class='ocrx_word' id='word_1_66' title='bbox 329 630 456 678; x_wconf 89' lang='lat' dir='ltr'>manducat.</span> <span class='ocrx_word' id='word_1_67' title='bbox 490 631 585 679; x_wconf 83' lang='lat' dir='ltr'>Multot&#39;</span> <span class='ocrx_word' id='word_1_68' title='bbox 571 640 627 678; x_wconf 81' lang='lat' dir='ltr'>tiens</span> <span class='ocrx_word' id='word_1_69' title='bbox 637 630 733 678; x_wconf 83' lang='lat' dir='ltr'>fecisset</span> <span class='ocrx_word' id='word_1_70' title='bbox 732 629 893 689; x_wconf 89' lang='lat' dir='ltr'>consimile,</span> <span class='ocrx_word' id='word_1_71' title='bbox 872 628 913 676; x_wconf 86' lang='grc'>11111</span> 
     </span>
     <span class='ocr_line' id='line_1_10' title="bbox 150 694 628 769; baseline 0.002 -29"><span class='ocrx_word' id='word_1_72' title='bbox 150 704 257 741; x_wconf 88' lang='lat' dir='ltr'>notorum</span> <span class='ocrx_word' id='word_1_73' title='bbox 268 694 346 740; x_wconf 85' lang='lat' dir='ltr'>fuisset</span> <span class='ocrx_word' id='word_1_74' title='bbox 356 695 490 742; x_wconf 87' lang='lat' dir='ltr'>verecundia</span> <span class='ocrx_word' id='word_1_75' title='bbox 499 696 628 769; x_wconf 84' lang='lat' dir='ltr'>impeditus</span> 
     </span>
    </p>

    <p class='ocr_par' dir='ltr' id='par_1_3' title="bbox 149 737 916 1276">
     <span class='ocr_line' id='line_1_11' title="bbox 198 737 914 823; baseline -0.003 -18"><span class='ocrx_word' id='word_1_76' title='bbox 198 759 305 815; x_wconf 79' lang='lat' dir='ltr'>Miratus,</span> <span class='ocrx_word' id='word_1_77' title='bbox 317 775 368 805; x_wconf 90' lang='lat' dir='ltr'>curn</span> <span class='ocrx_word' id='word_1_78' title='bbox 380 760 407 806; x_wconf 91' lang='lat' dir='ltr'>ad</span> <span class='ocrx_word' id='word_1_79' title='bbox 418 760 486 806; x_wconf 88' lang='lat' dir='ltr'>altare</span> <span class='ocrx_word' id='word_1_80' title='bbox 501 760 608 823; x_wconf 88' lang='lat' dir='ltr'>principis</span> <span class='ocrx_word' id='word_1_81' title='bbox 624 759 777 822; x_wconf 86' lang='lat' dir='ltr'>apostolorum</span> <span class='ocrx_word' id='word_1_82' title='bbox 794 737 914 813; x_wconf 78' lang='lat' dir='ltr'>accederet,</span> 
     </span>
     <span class='ocr_line' id='line_1_12' title="bbox 150 822 915 883; baseline -0.001 -15"><span class='ocrx_word' id='word_1_83' title='bbox 150 832 196 868; x_wconf 90' lang='lat' dir='ltr'>tam</span> <span class='ocrx_word' id='word_1_84' title='bbox 212 823 311 870; x_wconf 90' lang='lat' dir='ltr'>modicas</span> <span class='ocrx_word' id='word_1_85' title='bbox 328 822 450 870; x_wconf 88' lang='lat' dir='ltr'>oblationes</span> <span class='ocrx_word' id='word_1_86' title='bbox 467 824 527 870; x_wconf 92' lang='lat' dir='ltr'>idem</span> <span class='ocrx_word' id='word_1_87' title='bbox 545 825 572 869; x_wconf 90' lang='lat' dir='ltr'>ab</span> <span class='ocrx_word' id='word_1_88' title='bbox 589 824 761 870; x_wconf 84' lang='lat' dir='ltr'>adventantibus</span> <span class='ocrx_word' id='word_1_89' title='bbox 778 823 832 881; x_wconf 86' lang='lat' dir='ltr'>fieri,</span> <span class='ocrx_word' id='word_1_90' title='bbox 850 824 915 883; x_wconf 87' lang='lat' dir='ltr'>plena</span> 
     </span>
     <span class='ocr_line' id='line_1_13' title="bbox 149 861 915 951; baseline -0.003 -17"><span class='ocrx_word' id='word_1_91' title='bbox 149 904 218 934; x_wconf 85' lang='lat' dir='ltr'>manu</span> <span class='ocrx_word' id='word_1_92' title='bbox 238 887 355 951; x_wconf 88' lang='lat' dir='ltr'>pecuniam</span> <span class='ocrx_word' id='word_1_93' title='bbox 374 888 440 935; x_wconf 91' lang='lat' dir='ltr'>iactat</span> <span class='ocrx_word' id='word_1_94' title='bbox 461 888 485 933; x_wconf 90' lang='lat' dir='ltr'>in</span> <span class='ocrx_word' id='word_1_95' title='bbox 500 889 563 949; x_wconf 86' lang='lat' dir='ltr'>loco,</span> <span class='ocrx_word' id='word_1_96' title='bbox 583 889 741 935; x_wconf 89' lang='lat' dir='ltr'>honorandum</span> <span class='ocrx_word' id='word_1_97' title='bbox 762 888 789 934; x_wconf 92' lang='lat' dir='ltr'>ab</span> <span class='ocrx_word' id='word_1_98' title='bbox 811 861 915 934; x_wconf 85' lang='lat' dir='ltr'>oinnibus</span> 
     </span>
     <span class='ocr_line' id='line_1_14' title="bbox 149 929 914 1017; baseline -0.001 -19"><span class='ocrx_word' id='word_1_99' title='bbox 149 952 266 1014; x_wconf 87' lang='lat' dir='ltr'>specialius</span> <span class='ocrx_word' id='word_1_100' title='bbox 289 952 390 999; x_wconf 89' lang='lat' dir='ltr'>indicans</span> <span class='ocrx_word' id='word_1_101' title='bbox 414 970 482 1017; x_wconf 90' lang='lat' dir='ltr'>quem</span> <span class='ocrx_word' id='word_1_102' title='bbox 507 929 563 1000; x_wconf 49' lang='lat' dir='ltr'>deus,</span> <span class='ocrx_word' id='word_1_103' title='bbox 585 970 651 1017; x_wconf 89' lang='lat' dir='ltr'>supra</span> <span class='ocrx_word' id='word_1_104' title='bbox 677 964 711 1000; x_wconf 88' lang='lat' dir='ltr'>ce</span> <span class='ocrx_word' id='word_1_105' title='bbox 713 969 762 999; x_wconf 87' lang='lat' dir='ltr'>eros</span> <span class='ocrx_word' id='word_1_106' title='bbox 788 951 914 999; x_wconf 86' lang='lat' dir='ltr'>honoravit.</span> 
     </span>
     <span class='ocr_line' id='line_1_15' title="bbox 150 1016 916 1079; baseline -0.001 -15"><span class='ocrx_word' id='word_1_107' title='bbox 150 1016 294 1079; x_wconf 87' lang='lat' dir='ltr'>Pauperoulis</span> <span class='ocrx_word' id='word_1_108' title='bbox 304 1018 372 1064; x_wconf 89' lang='lat' dir='ltr'>etiam</span> <span class='ocrx_word' id='word_1_109' title='bbox 382 1018 533 1066; x_wconf 87' lang='lat' dir='ltr'>sacerdotibus</span> <span class='ocrx_word' id='word_1_110' title='bbox 544 1018 660 1071; x_wconf 82' lang='lat' dir='ltr'>ecclesiasti</span> <span class='ocrx_word' id='word_1_111' title='bbox 653 1035 687 1065; x_wconf 83' lang='lat' dir='ltr'>ica</span> <span class='ocrx_word' id='word_1_112' title='bbox 697 1026 826 1065; x_wconf 84' lang='lat' dir='ltr'>ornamenta</span> <span class='ocrx_word' id='word_1_113' title='bbox 833 1016 916 1079; x_wconf 86' lang='lat' dir='ltr'>pluries</span> 
     </span>
     <span class='ocr_line' id='line_1_16' title="bbox 149 1081 915 1146; baseline -0.003 -19"><span class='ocrx_word' id='word_1_114' title='bbox 149 1081 273 1138; x_wconf 76' lang='lat' dir='ltr'>exhibebat</span> <span class='ocrx_word' id='word_1_115' title='bbox 257 1091 364 1146; x_wconf 88' lang='lat' dir='ltr'>tusque</span> <span class='ocrx_word' id='word_1_116' title='bbox 381 1083 409 1129; x_wconf 93' lang='lat' dir='ltr'>ad</span> <span class='ocrx_word' id='word_1_117' title='bbox 427 1083 554 1129; x_wconf 86' lang='lat' dir='ltr'>inferiorem</span> <span class='ocrx_word' id='word_1_118' title='bbox 570 1083 666 1145; x_wconf 80' lang='lat' dir='ltr'>gradum</span> <span class='ocrx_word' id='word_1_119' title='bbox 688 1083 792 1129; x_wconf 87' lang='lat' dir='ltr'>omnibus</span> <span class='ocrx_word' id='word_1_120' title='bbox 813 1082 915 1127; x_wconf 85' lang='lat' dir='ltr'>debiturn</span> 
     </span>
     <span class='ocr_line' id='line_1_17' title="bbox 149 1145 916 1219; baseline -0.001 -27"><span class='ocrx_word' id='word_1_121' title='bbox 149 1148 259 1193; x_wconf 87' lang='lat' dir='ltr'>honorem</span> <span class='ocrx_word' id='word_1_122' title='bbox 281 1146 411 1209; x_wconf 87' lang='lat' dir='ltr'>inpendens</span> <span class='ocrx_word' id='word_1_123' title='bbox 453 1147 513 1193; x_wconf 88' lang='lat' dir='ltr'>Nam</span> <span class='ocrx_word' id='word_1_124' title='bbox 534 1148 680 1209; x_wconf 85' lang='lat' dir='ltr'>apostolicam</span> <span class='ocrx_word' id='word_1_125' title='bbox 703 1157 834 1219; x_wconf 86' lang='lat' dir='ltr'>sumpturus</span> <span class='ocrx_word' id='word_1_126' title='bbox 856 1145 916 1208; x_wconf 82' lang='lat' dir='ltr'>lega-</span> 
     </span>
     <span class='ocr_line' id='line_1_18' title="bbox 150 1212 916 1285; baseline -0.003 -27"><span class='ocrx_word' id='word_1_127' title='bbox 150 1212 242 1267; x_wconf 88' lang='lat' dir='ltr'>tionem,</span> <span class='ocrx_word' id='word_1_128' title='bbox 266 1212 356 1285; x_wconf 86' lang='lat' dir='ltr'>fideque</span> <span class='ocrx_word' id='word_1_129' title='bbox 380 1212 487 1259; x_wconf 88' lang='lat' dir='ltr'>catholica</span> <span class='ocrx_word' id='word_1_130' title='bbox 513 1213 600 1276; x_wconf 82' lang='lat' dir='ltr'>integer</span> <span class='ocrx_word' id='word_1_131' title='bbox 629 1222 691 1259; x_wconf 90' lang='lat' dir='ltr'>totus</span> <span class='ocrx_word' id='word_1_132' title='bbox 720 1227 773 1275; x_wconf 84' lang='lat' dir='ltr'>erga</span> <span class='ocrx_word' id='word_1_133' title='bbox 801 1210 916 1258; x_wconf 87' lang='lat' dir='ltr'>ministros</span> 
     </span>
    </p>

    <p class='ocr_par' dir='ltr' id='par_1_4' title="bbox 73 1277 768 1339">
     <span class='ocr_line' id='line_1_19' title="bbox 73 1277 768 1339; baseline 0.001 -17"><span class='ocrx_word' id='word_1_134' title='bbox 73 1277 112 1313; x_wconf 82' lang='lat' dir='ltr'>F01·</span> <span class='ocrx_word' id='word_1_135' title='bbox 121 1281 140 1313; x_wconf 87' lang='lat'>2&#39;</span> <span class='ocrx_word' id='word_1_136' title='bbox 141 1281 173 1323; x_wconf 77' lang='lat' dir='ltr'>net</span> <span class='ocrx_word' id='word_1_137' title='bbox 184 1277 306 1322; x_wconf 88' lang='lat' dir='ltr'>ministeria</span> <span class='ocrx_word' id='word_1_138' title='bbox 316 1278 366 1333; x_wconf 88' lang='lat' dir='ltr'>Dei,</span> <span class='ocrx_word' id='word_1_139' title='bbox 378 1278 502 1324; x_wconf 86' lang='lat' dir='ltr'>reverentia</span> <span class='ocrx_word' id='word_1_140' title='bbox 512 1279 592 1339; x_wconf 89' lang='lat' dir='ltr'>plenus</span> <span class='ocrx_word' id='word_1_141' title='bbox 602 1277 645 1323; x_wconf 88' lang='lat' dir='ltr'>ab</span> <span class='ocrx_word' id='word_1_142' title='bbox 641 1279 706 1324; x_wconf 91' lang='lat' dir='ltr'>mitio</span> <span class='ocrx_word' id='word_1_143' title='bbox 716 1278 768 1324; x_wconf 80' lang='lat' dir='ltr'>fuit.</span> 
     </span>
    </p>
   </div>
   <div class='ocr_carea' id='block_1_3' title="bbox 85 1421 917 1527">
    <p class='ocr_par' dir='ltr' id='par_1_5' title="bbox 85 1421 917 1527">
     <span class='ocr_line' id='line_1_20' title="bbox 85 1421 917 1483; baseline -0.002 -19"><span class='ocrx_word' id='word_1_144' title='bbox 85 1432 147 1474; x_wconf 71' lang='grc'>[1-1]</span> <span class='ocrx_word' id='word_1_145' title='bbox 192 1422 305 1483; x_wconf 86' lang='lat' dir='ltr'>Qualiter</span> <span class='ocrx_word' id='word_1_146' title='bbox 309 1423 353 1465; x_wconf 82' lang='lat' dir='ltr'>sibi</span> <span class='ocrx_word' id='word_1_147' title='bbox 366 1424 440 1465; x_wconf 84' lang='lat' dir='ltr'>oranti</span> <span class='ocrx_word' id='word_1_148' title='bbox 458 1422 568 1474; x_wconf 87' lang='lat' dir='ltr'>dyabolus</span> <span class='ocrx_word' id='word_1_149' title='bbox 588 1422 705 1464; x_wconf 83' lang='lat' dir='ltr'>mulierem</span> <span class='ocrx_word' id='word_1_150' title='bbox 727 1421 827 1464; x_wconf 85' lang='lat' dir='ltr'>ostendit</span> <span class='ocrx_word' id='word_1_151' title='bbox 845 1425 869 1464; x_wconf 87' lang='lat' dir='ltr'>et</span> <span class='ocrx_word' id='word_1_152' title='bbox 888 1421 917 1462; x_wconf 85' lang='grc'>111</span> 
     </span>
     <span class='ocr_line' id='line_1_21' title="bbox 153 1473 864 1527; baseline -0.004 -10"><span class='ocrx_word' id='word_1_153' title='bbox 153 1475 272 1527; x_wconf 85' lang='lat' dir='ltr'>responsio</span> <span class='ocrx_word' id='word_1_154' title='bbox 281 1474 342 1526; x_wconf 84' lang='lat' dir='ltr'>q&#39;uod</span> <span class='ocrx_word' id='word_1_155' title='bbox 351 1475 394 1517; x_wconf 88' lang='lat' dir='ltr'>sibi</span> <span class='ocrx_word' id='word_1_156' title='bbox 404 1475 461 1518; x_wconf 88' lang='lat' dir='ltr'>deus</span> <span class='ocrx_word' id='word_1_157' title='bbox 471 1475 533 1518; x_wconf 84' lang='lat' dir='ltr'>dedit</span> <span class='ocrx_word' id='word_1_158' title='bbox 542 1474 629 1526; x_wconf 82' lang='lat' dir='ltr'>etquid</span> <span class='ocrx_word' id='word_1_159' title='bbox 638 1474 716 1516; x_wconf 86' lang='grc'>1111111</span> <span class='ocrx_word' id='word_1_160' title='bbox 724 1474 753 1515; x_wconf 90' lang='lat' dir='ltr'>de</span> <span class='ocrx_word' id='word_1_161' title='bbox 762 1473 864 1526; x_wconf 80' lang='lat' dir='ltr'>leprosis</span> 
     </span>
    </p>
   </div>
   <div class='ocr_carea' id='block_1_4' title="bbox 152 1561 922 2883">
    <p class='ocr_par' dir='ltr' id='par_1_6' title="bbox 152 1561 921 2558">
     <span class='ocr_line' id='line_1_22' title="bbox 200 1561 918 1702; baseline -0.001 -62"><span class='ocrx_word' id='word_1_162' title='bbox 200 1561 313 1702; x_wconf 62' lang='lat' dir='ltr'>Grgal&#39;</span> <span class='ocrx_word' id='word_1_163' title='bbox 297 1610 328 1639; x_wconf 86' lang='grc'>111</span> <span class='ocrx_word' id='word_1_164' title='bbox 341 1593 383 1638; x_wconf 93' lang='lat' dir='ltr'>sub</span> <span class='ocrx_word' id='word_1_165' title='bbox 394 1593 487 1640; x_wconf 86' lang='lat' dir='ltr'>seculari</span> <span class='ocrx_word' id='word_1_166' title='bbox 503 1593 582 1640; x_wconf 89' lang='lat' dir='ltr'>habitu</span> <span class='ocrx_word' id='word_1_167' title='bbox 598 1593 728 1656; x_wconf 83' lang='lat' dir='ltr'>religiosum</span> <span class='ocrx_word' id='word_1_168' title='bbox 745 1594 845 1639; x_wconf 87' lang='lat' dir='ltr'>animum</span> <span class='ocrx_word' id='word_1_169' title='bbox 859 1593 918 1656; x_wconf 84' lang='lat' dir='ltr'>gerit</span> 
     </span>
     <span class='ocr_line' id='line_1_23' title="bbox 152 1657 918 1721; baseline 0 -19"><span class='ocrx_word' id='word_1_170' title='bbox 152 1668 175 1702; x_wconf 88' lang='lat' dir='ltr'>et</span> <span class='ocrx_word' id='word_1_171' title='bbox 185 1658 301 1703; x_wconf 80' lang='lat' dir='ltr'>solitaria]</span> <span class='ocrx_word' id='word_1_172' title='bbox 303 1674 343 1703; x_wconf 87' lang='lat' dir='ltr'>oca</span> <span class='ocrx_word' id='word_1_173' title='bbox 352 1658 381 1704; x_wconf 90' lang='lat' dir='ltr'>de</span> <span class='ocrx_word' id='word_1_174' title='bbox 391 1658 487 1718; x_wconf 78' lang='lat' dir='ltr'>publicis</span> <span class='ocrx_word' id='word_1_175' title='bbox 504 1669 541 1720; x_wconf 91' lang='lat' dir='ltr'>pet</span> <span class='ocrx_word' id='word_1_176' title='bbox 543 1676 587 1715; x_wconf 87' lang='lat' dir='ltr'>ens,</span> <span class='ocrx_word' id='word_1_177' title='bbox 597 1659 725 1706; x_wconf 83' lang='lat' dir='ltr'>visitatione</span> <span class='ocrx_word' id='word_1_178' title='bbox 741 1658 832 1721; x_wconf 87' lang='lat' dir='ltr'>spiritus</span> <span class='ocrx_word' id='word_1_179' title='bbox 848 1657 918 1703; x_wconf 83' lang='lat' dir='ltr'>sancti</span> 
     </span>
     <span class='ocr_line' id='line_1_24' title="bbox 153 1696 919 1795; baseline -0.004 -27"><span class='ocrx_word' id='word_1_180' title='bbox 153 1733 259 1768; x_wconf 88' lang='lat' dir='ltr'>monetur</span> <span class='ocrx_word' id='word_1_181' title='bbox 277 1721 398 1783; x_wconf 88' lang='lat' dir='ltr'>sepissime.</span> <span class='ocrx_word' id='word_1_182' title='bbox 439 1696 587 1768; x_wconf 67' lang='grc'>1111111111111111</span> <span class='ocrx_word' id='word_1_183' title='bbox 606 1737 703 1795; x_wconf 77' lang='lat' dir='ltr'>namque</span> <span class='ocrx_word' id='word_1_184' title='bbox 724 1732 747 1767; x_wconf 90' lang='lat' dir='ltr'>et</span> <span class='ocrx_word' id='word_1_185' title='bbox 767 1722 860 1768; x_wconf 90' lang='lat' dir='ltr'>illicitur</span> <span class='ocrx_word' id='word_1_186' title='bbox 881 1720 919 1766; x_wconf 87' lang='lat' dir='ltr'>illa</span> 
     </span>
     <span class='ocr_line' id='line_1_25' title="bbox 153 1784 918 1860; baseline -0.003 -29"><span class='ocrx_word' id='word_1_187' title='bbox 153 1784 268 1849; x_wconf 82' lang='lat' dir='ltr'>principaii</span> <span class='ocrx_word' id='word_1_188' title='bbox 295 1786 421 1842; x_wconf 85' lang='lat' dir='ltr'>dulcedine,</span> <span class='ocrx_word' id='word_1_189' title='bbox 443 1803 486 1849; x_wconf 90' lang='lat' dir='ltr'>que</span> <span class='ocrx_word' id='word_1_190' title='bbox 510 1788 541 1833; x_wconf 86' lang='lat' dir='ltr'>sic</span> <span class='ocrx_word' id='word_1_191' title='bbox 568 1803 580 1833; x_wconf 93' lang='lat' dir='ltr'>a</span> <span class='ocrx_word' id='word_1_192' title='bbox 607 1786 717 1860; x_wconf 83' lang='lat' dir='ltr'>principio</span> <span class='ocrx_word' id='word_1_193' title='bbox 741 1802 793 1832; x_wconf 90' lang='lat' dir='ltr'>eum</span> <span class='ocrx_word' id='word_1_194' title='bbox 820 1785 918 1850; x_wconf 85' lang='lat' dir='ltr'>plenarie</span> 
     </span>
     <span class='ocr_line' id='line_1_26' title="bbox 152 1850 917 1914; baseline 0 -18"><span class='ocrx_word' id='word_1_195' title='bbox 152 1850 293 1913; x_wconf 82' lang='lat' dir='ltr'>superfudit3</span> <span class='ocrx_word' id='word_1_196' title='bbox 308 1861 335 1897; x_wconf 90' lang='lat' dir='ltr'>ut</span> <span class='ocrx_word' id='word_1_197' title='bbox 345 1867 466 1914; x_wconf 89' lang='lat' dir='ltr'>namquam</span> <span class='ocrx_word' id='word_1_198' title='bbox 478 1851 505 1897; x_wconf 90' lang='lat' dir='ltr'>ab</span> <span class='ocrx_word' id='word_1_199' title='bbox 515 1868 542 1897; x_wconf 91' lang='lat' dir='ltr'>eo</span> <span class='ocrx_word' id='word_1_200' title='bbox 552 1852 674 1908; x_wconf 84' lang='lat' dir='ltr'>recesserit,</span> <span class='ocrx_word' id='word_1_201' title='bbox 681 1852 752 1897; x_wconf 90' lang='lat' dir='ltr'>donec</span> <span class='ocrx_word' id='word_1_202' title='bbox 761 1852 824 1896; x_wconf 85' lang='lat' dir='ltr'>vixit</span> <span class='ocrx_word' id='word_1_203' title='bbox 852 1852 917 1896; x_wconf 91' lang='lat' dir='ltr'>Dum</span> 
     </span>
     <span class='ocr_line' id='line_1_27' title="bbox 153 1889 919 1978; baseline 0 -18"><span class='ocrx_word' id='word_1_204' title='bbox 153 1929 229 1961; x_wconf 88' lang='lat' dir='ltr'>autem</span> <span class='ocrx_word' id='word_1_205' title='bbox 240 1915 288 1960; x_wconf 87' lang='lat' dir='ltr'>loca</span> <span class='ocrx_word' id='word_1_206' title='bbox 298 1914 427 1978; x_wconf 84' lang='lat' dir='ltr'>frequentat</span> <span class='ocrx_word' id='word_1_207' title='bbox 438 1916 573 1974; x_wconf 87' lang='lat' dir='ltr'>abscondita,</span> <span class='ocrx_word' id='word_1_208' title='bbox 585 1916 653 1962; x_wconf 83' lang='lat' dir='ltr'>velud</span> <span class='ocrx_word' id='word_1_209' title='bbox 663 1889 802 1961; x_wconf 82' lang='lat' dir='ltr'>drationibus</span> <span class='ocrx_word' id='word_1_210' title='bbox 813 1931 919 1977; x_wconf 85' lang='lat' dir='ltr'>congrua,</span> 
     </span>
     <span class='ocr_line' id='line_1_28' title="bbox 154 1978 919 2043; baseline 0 -18"><span class='ocrx_word' id='word_1_211' title='bbox 154 1979 252 2042; x_wconf 85' lang='lat' dir='ltr'>maligno</span> <span class='ocrx_word' id='word_1_212' title='bbox 263 1990 392 2026; x_wconf 89' lang='lat' dir='ltr'>commento</span> <span class='ocrx_word' id='word_1_213' title='bbox 403 1980 483 2025; x_wconf 90' lang='lat' dir='ltr'>nititur</span> <span class='ocrx_word' id='word_1_214' title='bbox 493 1997 546 2027; x_wconf 90' lang='lat' dir='ltr'>eum</span> <span class='ocrx_word' id='word_1_215' title='bbox 557 1979 667 2043; x_wconf 89' lang='lat' dir='ltr'>dyabolus</span> <span class='ocrx_word' id='word_1_216' title='bbox 677 1998 690 2025; x_wconf 94' lang='lat' dir='ltr'>a</span> <span class='ocrx_word' id='word_1_217' title='bbox 700 1979 782 2026; x_wconf 89' lang='lat' dir='ltr'>talibus</span> <span class='ocrx_word' id='word_1_218' title='bbox 794 1978 919 2025; x_wconf 85' lang='lat' dir='ltr'>exturbare.</span> 
     </span>
     <span class='ocr_line' id='line_1_29' title="bbox 154 2043 920 2108; baseline 0.001 -19"><span class='ocrx_word' id='word_1_219' title='bbox 154 2043 260 2091; x_wconf 87' lang='lat' dir='ltr'>Immittit</span> <span class='ocrx_word' id='word_1_220' title='bbox 276 2044 340 2092; x_wconf 87' lang='lat' dir='ltr'>cordi</span> <span class='ocrx_word' id='word_1_221' title='bbox 356 2045 405 2093; x_wconf 89' lang='lat' dir='ltr'>eius</span> <span class='ocrx_word' id='word_1_222' title='bbox 420 2043 526 2092; x_wconf 87' lang='lat' dir='ltr'>feminam</span> <span class='ocrx_word' id='word_1_223' title='bbox 544 2045 664 2108; x_wconf 91' lang='lat' dir='ltr'>quamdam</span> <span class='ocrx_word' id='word_1_224' title='bbox 681 2054 822 2091; x_wconf 88' lang='lat' dir='ltr'>monstruose</span> <span class='ocrx_word' id='word_1_225' title='bbox 839 2043 920 2108; x_wconf 87' lang='lat' dir='ltr'>gibbo-</span> 
     </span>
     <span class='ocr_line' id='line_1_30' title="bbox 153 2108 920 2174; baseline 0 -19"><span class='ocrx_word' id='word_1_226' title='bbox 153 2126 200 2156; x_wconf 90' lang='lat' dir='ltr'>sam</span> <span class='ocrx_word' id='word_1_227' title='bbox 211 2126 251 2155; x_wconf 90' lang='lat' dir='ltr'>sue</span> <span class='ocrx_word' id='word_1_228' title='bbox 267 2109 363 2156; x_wconf 88' lang='lat' dir='ltr'>incolam</span> <span class='ocrx_word' id='word_1_229' title='bbox 380 2108 482 2167; x_wconf 87' lang='lat' dir='ltr'>civitatis,</span> <span class='ocrx_word' id='word_1_230' title='bbox 494 2127 538 2174; x_wconf 92' lang='lat' dir='ltr'>que</span> <span class='ocrx_word' id='word_1_231' title='bbox 549 2110 688 2157; x_wconf 85' lang='lat' dir='ltr'>horrendum</span> <span class='ocrx_word' id='word_1_232' title='bbox 705 2111 792 2157; x_wconf 86' lang='lat' dir='ltr'>cunetis</span> <span class='ocrx_word' id='word_1_233' title='bbox 808 2108 920 2172; x_wconf 85' lang='lat' dir='ltr'>prestabat</span> 
     </span>
     <span class='ocr_line' id='line_1_31' title="bbox 154 2174 918 2236; baseline 0.003 -18"><span class='ocrx_word' id='word_1_234' title='bbox 154 2185 277 2235; x_wconf 74' lang='lat' dir='ltr'>aspectum,</span> <span class='ocrx_word' id='word_1_235' title='bbox 330 2174 397 2219; x_wconf 88' lang='lat' dir='ltr'>Huic</span> <span class='ocrx_word' id='word_1_236' title='bbox 424 2175 496 2232; x_wconf 92' lang='lat' dir='ltr'>illum,</span> <span class='ocrx_word' id='word_1_237' title='bbox 524 2176 542 2220; x_wconf 88' lang='lat' dir='ltr'>si</span> <span class='ocrx_word' id='word_1_238' title='bbox 575 2192 621 2222; x_wconf 91' lang='lat' dir='ltr'>non</span> <span class='ocrx_word' id='word_1_239' title='bbox 653 2174 767 2236; x_wconf 86' lang='lat' dir='ltr'>resipiscat</span> <span class='ocrx_word' id='word_1_240' title='bbox 799 2192 811 2220; x_wconf 90' lang='lat' dir='ltr'>a</span> <span class='ocrx_word' id='word_1_241' title='bbox 843 2174 918 2235; x_wconf 68' lang='lat' dir='ltr'>ceptis</span> 
     </span>
     <span class='ocr_line' id='line_1_32' title="bbox 154 2236 920 2295; baseline -0.001 -12"><span class='ocrx_word' id='word_1_242' title='bbox 154 2237 305 2285; x_wconf 87' lang='lat' dir='ltr'>comminatur</span> <span class='ocrx_word' id='word_1_243' title='bbox 337 2237 433 2284; x_wconf 86' lang='lat' dir='ltr'>similem</span> <span class='ocrx_word' id='word_1_244' title='bbox 462 2255 485 2283; x_wconf 89' lang='lat' dir='ltr'>se</span> <span class='ocrx_word' id='word_1_245' title='bbox 514 2236 635 2295; x_wconf 84' lang='lat' dir='ltr'>facturum,</span> <span class='ocrx_word' id='word_1_246' title='bbox 664 2238 703 2283; x_wconf 88' lang='lat' dir='ltr'>sed</span> <span class='ocrx_word' id='word_1_247' title='bbox 731 2237 879 2283; x_wconf 86' lang='lat' dir='ltr'>comfortatus</span> <span class='ocrx_word' id='word_1_248' title='bbox 908 2254 920 2282; x_wconf 91' lang='lat' dir='ltr'>a</span> 
     </span>
     <span class='ocr_line' id='line_1_33' title="bbox 154 2301 918 2367; baseline -0.001 -18"><span class='ocrx_word' id='word_1_249' title='bbox 154 2302 248 2349; x_wconf 89' lang='lat' dir='ltr'>domino</span> <span class='ocrx_word' id='word_1_250' title='bbox 274 2301 350 2349; x_wconf 90' lang='lat' dir='ltr'>salutis</span> <span class='ocrx_word' id='word_1_251' title='bbox 377 2312 400 2348; x_wconf 92' lang='lat' dir='ltr'>et</span> <span class='ocrx_word' id='word_1_252' title='bbox 421 2303 491 2365; x_wconf 86' lang='lat' dir='ltr'>gratie</span> <span class='ocrx_word' id='word_1_253' title='bbox 517 2319 651 2366; x_wconf 89' lang='lat' dir='ltr'>responsum</span> <span class='ocrx_word' id='word_1_254' title='bbox 678 2302 719 2349; x_wconf 89' lang='lat' dir='ltr'>sibi</span> <span class='ocrx_word' id='word_1_255' title='bbox 746 2303 793 2349; x_wconf 88' lang='lat' dir='ltr'>fieri</span> <span class='ocrx_word' id='word_1_256' title='bbox 786 2301 918 2367; x_wconf 87' lang='lat' dir='ltr'>1:gaudet</span> 
     </span>
     <span class='ocr_line' id='line_1_34' title="bbox 153 2367 920 2433; baseline -0.001 -19.997"><span class='ocrx_word' id='word_1_257' title='bbox 153 2367 234 2413; x_wconf 89' lang='lat' dir='ltr'>Franci</span> <span class='ocrx_word' id='word_1_258' title='bbox 227 2383 276 2422; x_wconf 87' lang='lat' dir='ltr'>1,sce</span> <span class='ocrx_word' id='word_1_259' title='bbox 289 2368 369 2430; x_wconf 86' lang='lat' dir='ltr'>inquid</span> <span class='ocrx_word' id='word_1_260' title='bbox 386 2367 418 2413; x_wconf 91' lang='lat' dir='ltr'>illi</span> <span class='ocrx_word' id='word_1_261' title='bbox 429 2368 508 2425; x_wconf 90' lang='lat' dir='ltr'>deus,</span> <span class='ocrx_word' id='word_1_262' title='bbox 503 2385 526 2413; x_wconf 89' lang='lat' dir='ltr'>m</span> <span class='ocrx_word' id='word_1_263' title='bbox 537 2369 641 2433; x_wconf 85' lang='lat' dir='ltr'>spiritum</span> <span class='ocrx_word' id='word_1_264' title='bbox 653 2385 695 2429; x_wconf 90' lang='lat' dir='ltr'>pro</span> <span class='ocrx_word' id='word_1_265' title='bbox 706 2368 820 2414; x_wconf 89' lang='lat' dir='ltr'>carnaliter</span> <span class='ocrx_word' id='word_1_266' title='bbox 831 2377 854 2413; x_wconf 92' lang='lat' dir='ltr'>et</span> <span class='ocrx_word' id='word_1_267' title='bbox 864 2383 920 2412; x_wconf 87' lang='lat' dir='ltr'>vane</span> 
     </span>
     <span class='ocr_line' id='line_1_35' title="bbox 154 2430 921 2495; baseline 0 -19"><span class='ocrx_word' id='word_1_268' title='bbox 154 2431 268 2477; x_wconf 84' lang='lat' dir='ltr'>dilectis</span> <span class='ocrx_word' id='word_1_269' title='bbox 263 2450 287 2477; x_wconf 86' lang='lat' dir='ltr'>rn</span> <span class='ocrx_word' id='word_1_270' title='bbox 308 2431 431 2492; x_wconf 88' lang='lat' dir='ltr'>spiritualia</span> <span class='ocrx_word' id='word_1_271' title='bbox 455 2442 594 2479; x_wconf 88' lang='lat' dir='ltr'>commutato</span> <span class='ocrx_word' id='word_1_272' title='bbox 616 2443 638 2478; x_wconf 89' lang='lat' dir='ltr'>et</span> <span class='ocrx_word' id='word_1_273' title='bbox 660 2448 734 2478; x_wconf 90' lang='lat' dir='ltr'>amara</span> <span class='ocrx_word' id='word_1_274' title='bbox 754 2448 797 2495; x_wconf 90' lang='lat' dir='ltr'>pro</span> <span class='ocrx_word' id='word_1_275' title='bbox 818 2430 921 2479; x_wconf 91' lang='lat' dir='ltr'>dulcibus</span> 
     </span>
     <span class='ocr_line' id='line_1_36' title="bbox 155 2496 920 2568; baseline -0.001 -26"><span class='ocrx_word' id='word_1_276' title='bbox 155 2511 245 2542; x_wconf 89' lang='lat' dir='ltr'>sumens</span> <span class='ocrx_word' id='word_1_277' title='bbox 264 2506 398 2568; x_wconf 79' lang='lat' dir='ltr'>contempne</span> <span class='ocrx_word' id='word_1_278' title='bbox 414 2506 437 2541; x_wconf 89' lang='lat' dir='ltr'>te</span> <span class='ocrx_word' id='word_1_279' title='bbox 453 2496 535 2558; x_wconf 88' lang='lat' dir='ltr'>ipsum,</span> <span class='ocrx_word' id='word_1_280' title='bbox 554 2513 589 2541; x_wconf 91' lang='lat' dir='ltr'>me</span> <span class='ocrx_word' id='word_1_281' title='bbox 607 2498 625 2542; x_wconf 90' lang='lat' dir='ltr'>si</span> <span class='ocrx_word' id='word_1_282' title='bbox 643 2498 698 2543; x_wconf 85' lang='lat' dir='ltr'>vers</span> <span class='ocrx_word' id='word_1_283' title='bbox 715 2512 851 2558; x_wconf 77' lang='lat' dir='ltr'>agnoscere3</span> <span class='ocrx_word' id='word_1_284' title='bbox 868 2512 920 2542; x_wconf 86' lang='lat' dir='ltr'>nam</span> 
     </span>
    </p>

    <p class='ocr_par' dir='ltr' id='par_1_7' title="bbox 155 2560 610 2625">
     <span class='ocr_line' id='line_1_37' title="bbox 155 2560 610 2625; baseline 0.002 -18.077"><span class='ocrx_word' id='word_1_285' title='bbox 155 2560 265 2607; x_wconf 87' lang='lat' dir='ltr'>etordine</span> <span class='ocrx_word' id='word_1_286' title='bbox 276 2576 341 2607; x_wconf 87' lang='lat' dir='ltr'>verso</span> <span class='ocrx_word' id='word_1_287' title='bbox 351 2561 437 2623; x_wconf 88' lang='lat' dir='ltr'>sapient</span> <span class='ocrx_word' id='word_1_288' title='bbox 428 2561 488 2607; x_wconf 89' lang='lat' dir='ltr'>ttibi</span> <span class='ocrx_word' id='word_1_289' title='bbox 499 2578 542 2625; x_wconf 91' lang='lat' dir='ltr'>que</span> <span class='ocrx_word' id='word_1_290' title='bbox 553 2562 610 2608; x_wconf 88' lang='lat' dir='ltr'>dico</span> 
     </span>
    </p>

    <p class='ocr_par' dir='ltr' id='par_1_8' title="bbox 155 2624 922 2883">
     <span class='ocr_line' id='line_1_38' title="bbox 204 2624 921 2700; baseline -0.003 -27"><span class='ocrx_word' id='word_1_291' title='bbox 204 2626 316 2700; x_wconf 89' lang='lat' dir='ltr'>Compell</span> <span class='ocrx_word' id='word_1_292' title='bbox 311 2636 358 2672; x_wconf 83' lang='lat' dir='ltr'>rtur</span> <span class='ocrx_word' id='word_1_293' title='bbox 377 2626 452 2672; x_wconf 89' lang='lat' dir='ltr'>statim</span> <span class='ocrx_word' id='word_1_294' title='bbox 469 2627 568 2673; x_wconf 87' lang='lat' dir='ltr'>mandati</span> <span class='ocrx_word' id='word_1_295' title='bbox 551 2636 580 2673; x_wconf 87' lang='lat' dir='ltr'>trs</span> <span class='ocrx_word' id='word_1_296' title='bbox 597 2625 687 2672; x_wconf 84' lang='lat' dir='ltr'>obedire</span> <span class='ocrx_word' id='word_1_297' title='bbox 705 2625 774 2672; x_wconf 87' lang='lat' dir='ltr'>divi</span> <span class='ocrx_word' id='word_1_298' title='bbox 744 2642 787 2672; x_wconf 84' lang='lat' dir='ltr'>rms</span> <span class='ocrx_word' id='word_1_299' title='bbox 797 2635 826 2671; x_wconf 92' lang='lat' dir='ltr'>et</span> <span class='ocrx_word' id='word_1_300' title='bbox 843 2626 871 2672; x_wconf 92' lang='lat' dir='ltr'>ad</span> <span class='ocrx_word' id='word_1_301' title='bbox 888 2624 921 2670; x_wconf 90' lang='lat' dir='ltr'>rei</span> 
     </span>
     <span class='ocr_line' id='line_1_39' title="bbox 155 2691 922 2752; baseline 0 -16"><span class='ocrx_word' id='word_1_302' title='bbox 155 2691 276 2752; x_wconf 86' lang='lat' dir='ltr'>experienti</span> <span class='ocrx_word' id='word_1_303' title='bbox 278 2708 313 2737; x_wconf 89' lang='lat' dir='ltr'>arn</span> <span class='ocrx_word' id='word_1_304' title='bbox 328 2691 427 2738; x_wconf 86' lang='lat' dir='ltr'>ducitur.</span> <span class='ocrx_word' id='word_1_305' title='bbox 460 2692 545 2749; x_wconf 49' lang='lat' dir='ltr'>Namj</span> <span class='ocrx_word' id='word_1_306' title='bbox 540 2702 599 2737; x_wconf 90' lang='lat' dir='ltr'>mter</span> <span class='ocrx_word' id='word_1_307' title='bbox 616 2691 692 2737; x_wconf 85' lang='lat' dir='ltr'>omnia</span> <span class='ocrx_word' id='word_1_308' title='bbox 708 2691 806 2736; x_wconf 82' lang='lat' dir='ltr'>infelicia</span> <span class='ocrx_word' id='word_1_309' title='bbox 822 2700 922 2736; x_wconf 82' lang='lat' dir='ltr'>monstra</span> 
     </span>
     <span class='ocr_line' id='line_1_40' title="bbox 155 2731 921 2817; baseline -0.001 -17"><span class='ocrx_word' id='word_1_310' title='bbox 155 2754 243 2810; x_wconf 88' lang='lat' dir='ltr'>mundi,</span> <span class='ocrx_word' id='word_1_311' title='bbox 260 2755 390 2801; x_wconf 86' lang='lat' dir='ltr'>Franciscus</span> <span class='ocrx_word' id='word_1_312' title='bbox 405 2754 505 2816; x_wconf 90' lang='lat' dir='ltr'>leprosos</span> <span class='ocrx_word' id='word_1_313' title='bbox 521 2731 650 2802; x_wconf 84' lang='lat' dir='ltr'>iraturaliter</span> <span class='ocrx_word' id='word_1_314' title='bbox 667 2755 795 2812; x_wconf 81' lang='lat' dir='ltr'>abhorrens,</span> <span class='ocrx_word' id='word_1_315' title='bbox 807 2754 921 2817; x_wconf 89' lang='lat' dir='ltr'>leprosum</span> 
     </span>
     <span class='ocr_line' id='line_1_41' title="bbox 155 2818 921 2883; baseline 0 -18"><span class='ocrx_word' id='word_1_316' title='bbox 155 2819 192 2866; x_wconf 87' lang='lat' dir='ltr'>die</span> <span class='ocrx_word' id='word_1_317' title='bbox 205 2820 326 2883; x_wconf 91' lang='lat' dir='ltr'>quamdam</span> <span class='ocrx_word' id='word_1_318' title='bbox 340 2818 433 2866; x_wconf 84' lang='lat' dir='ltr'>obvium</span> <span class='ocrx_word' id='word_1_319' title='bbox 445 2819 529 2876; x_wconf 84' lang='lat' dir='ltr'>habuit,</span> <span class='ocrx_word' id='word_1_320' title='bbox 542 2837 593 2866; x_wconf 89' lang='lat' dir='ltr'>cum</span> <span class='ocrx_word' id='word_1_321' title='bbox 610 2820 672 2866; x_wconf 79' lang='lat' dir='ltr'>iuxta</span> <span class='ocrx_word' id='word_1_322' title='bbox 687 2820 788 2866; x_wconf 86' lang='lat' dir='ltr'>assisium</span> <span class='ocrx_word' id='word_1_323' title='bbox 804 2819 921 2882; x_wconf 87' lang='lat' dir='ltr'>equitaret,</span> 
     </span>
    </p>
   </div>
   <div class='ocr_carea' id='block_1_5' title="bbox 0 0 973 3169">
    <p class='ocr_par' dir='ltr' id='par_1_9' title="bbox 0 0 973 3169">
     <span class='ocr_line' id='line_1_42' title="bbox 0 0 973 3169; baseline 0 0"><span class='ocrx_word' id='word_1_324' title='bbox 0 0 973 3169; x_wconf 95' lang='lat' dir='ltr'> </span> 
     </span>
    </p>
   </div>
  </div>
 </body>
</html>
