1919 3169
122 76 140 121 ,6
455 76 561 123 INDEX

125 179 223 199 nummulo

126 219 210 270 CLXIJ.
267 220 298 257 De
307 221 398 258 devotione
406 222 429 257 ad
438 231 535 259 sanctorum
543 223 639 272 reliquias.
693 249 696 257 .

126 270 222 323 CLXIIJ.
266 271 297 310 De
310 272 367 310 devot'
355 280 401 310 tione
410 273 433 311 ad
445 286 515 312 crucem
523 283 541 311 et
550 275 572 312 de
585 274 660 324 quodam
673 272 742 310 occulto
755 286 812 309 sacra-

127 376 229 419 CLXIV.
267 376 298 413 De
311 333 413 437 prildpidiibus·
426 378 526 439 dominabus
540 388 557 416 et
570 379 658 429 quomodo
671 378 740 416 volebat
752 377 813 414 fratres

319 443 415 466 conversari
424 444 463 467 cum
472 444 496 467 ers
520 457 811 469 ......

128 481 208 519 CLXV.
268 481 363 529 Quomodo
380 483 491 542 reprehendit
508 483 616 534 quodamque
638 482 710 519 libenter
728 481 775 518 ibant
791 481 814 518 ad

127 583 218 634 CLXVJ.
266 584 297 621 De
314 542 437 635 diddicsdteidde,
450 600 502 637 quani
519 588 573 635 magis
589 584 677 635 exemplo,
693 598 743 636 quam
761 586 814 623 verbo

128 689 231 738 CLXVIJ.
268 689 299 726 De
306 638 455 728 cdenidiendatione
464 691 522 739 regule
531 693 574 728 beat'
563 701 575 728 tr
582 690 662 728 francisci
670 700 688 728 et
696 691 719 726 de
725 690 778 726 fratre
784 691 813 740 qui

124 766 125 769 =
319 753 357 778 eam
365 743 443 790 portabat
452 755 510 778 secum
522 769 812 779 ......

128 790 242 842 CLXVHJ.
267 790 318 829 Visio
327 793 401 842 quedam
411 793 433 831 ad
442 794 557 831 commendat
545 802 609 830 tionem
618 792 676 842 regule
684 792 749 830 faciens
808 820 813 829 .

123 843 222 884 CLXIX.
268 843 299 882 De
320 843 444 883 infirmitatibus
466 847 521 884 sancti
537 854 555 883 et
572 845 660 897 quomodo
682 844 754 883 contulit
775 857 815 882 cum

308 898 384 946 quodam
392 898 444 935 fratre
453 898 475 935 de
484 899 600 936 subveniendo
609 900 699 948 corpori.

124 948 211 988 CLXX.
269 949 318 998 Quid
333 949 385 987 fuerit
400 963 431 1001 pro
447 951 481 987 suis
497 950 622 989 infirmitatibus
639 951 672 987 sibi
688 950 790 1000 promissum
806 962 816 985 a

129 1053 221 1101 CLXXJ.
270 1001 470 1140 Quoidljldddolrortatus
495 1032 528 1090 est*
546 1032 608 1091 fraties
634 1032 654 1091 et
681 1030 772 1090 binediaiis
798 1030 815 1089 id

129 1157 230 1208 CLXXIJ.
270 1156 301 1194 De
309 1117 388 1194 andrie
373 1171 409 1194 erus
418 1167 435 1194 et
444 1156 487 1208 quid
495 1156 546 1195 fueri
540 1167 594 1196 ante
603 1166 699 1196 mortem
752 1186 757 1195 .

129 1210 245 1260 CLXXHJ
269 1209 301 1246 De
332 1211 397 1247 visione
429 1224 480 1260 quam
512 1211 555 1248 vidit
584 1210 618 1248 fra
612 1219 638 1247 er
667 1210 772 1259 Augustinus
799 1210 816 1246 in

124 1310 243 1366 CLXXIV.
270 1270 450 1359 Quouidddesaiictus
461 1289 523 1362 'pater'
533 1289 610 1363 appaiuit
627 1288 697 1350 ciridani
713 1289 761 1349 fratri
778 1287 817 1361 posi

130 1417 230 1456 CLXXV.
269 1364 409 1468 Visiotreapididdpii
415 1417 517 1455 Assisinatis
526 1418 548 1455 de
557 1419 628 1455 transitu
636 1418 691 1455 sancti
699 1418 751 1468 patris
812 1446 816 1455 .

271 1543 301 1581 De
311 1546 440 1582 canonizatione
448 1552 466 1581 et
474 1543 584 1582 translatione
594 1545 648 1582 sancti
657 1544 759 1581 Francisci.
812 1560 819 1581 .-

273 1671 327 1720 Quod
336 1680 383 1708 ortus
391 1669 478 1720 religionis
487 1685 516 1708 sue
525 1670 605 1709 mirabilis
614 1670 647 1709 fuit
698 1701 703 1710 .
756 1701 760 1708 .
813 1700 817 1709 .

153 1753 158 1762 .
207 1759 208 1762 ,
271 1722 302 1760 De
311 1722 394 1761 miraculo
408 1724 506 1773 stigmatum
514 1732 532 1760 et
541 1724 602 1761 modus
615 1724 723 1775 apparitionis
732 1723 793 1774 seraph
803 1724 819 1759 ei

309 1778 405 1824 apparentis
411 1804 817 1814 ........

272 1825 302 1863 De
311 1826 388 1863 dominio
397 1827 445 1876 quod
454 1827 512 1864 habuit
521 1840 570 1877 super
579 1828 660 1864 creaturis
669 1827 780 1865 invisibilibus
813 1856 817 1863 .

272 1877 303 1915 De
312 1878 390 1915 dominio
399 1879 446 1928 quod
454 1879 513 1916 habuit
522 1892 571 1928 super
581 1877 687 1916 sensibilibus
696 1878 777 1916 creaturis
814 1907 818 1916 .

273 1930 351 1979 Qualiter
365 1931 454 1969 desideriis
466 1933 520 1970 suncti
534 1932 624 1970 Francisci
636 1941 694 1983 presto
706 1929 738 1968 fuit
752 1942 818 1982 semper

324 1983 381 2020 divina
390 1982 469 2020 clement'
458 1992 481 2020 tra
579 2018 580 2021 ,

273 2035 305 2072 De
313 2035 383 2072 domina
392 2034 457 2073 Jacobs
466 2036 488 2072 de
497 2035 540 2086 Sep
541 2049 568 2072 em
578 2035 646 2073 Soliis.
699 2065 704 2073 .
756 2064 760 2073 .
814 2065 818 2073 .

273 2087 304 2124 De
314 2089 384 2124 mortuis
394 2089 477 2125 suscitatis
486 2090 583 2138 permerito
592 2089 637 2126 beati
646 2088 737 2125 Francisci
757 2117 761 2125 .
814 2117 818 2125 .

273 2138 304 2175 De
313 2139 340 2174 his
349 2152 392 2188 quos
401 2139 468 2176 alance
477 2141 537 2176 mortis
545 2141 568 2177 ad
577 2142 629 2177 vitam
638 2141 708 2176 reduxit
756 2168 760 2175 .
814 2168 818 2175 .

273 2188 304 2227 De
313 2190 400 2239 ydropicis
409 2200 427 2228 et
435 2190 533 2240 paralyticis
584 2219 818 2229 .....

273 2240 304 2279 De
313 2242 398 2291 naufragis
407 2241 481 2281 liberatis
527 2272 817 2281 ......

273 2293 304 2331 De
313 2296 403 2332 carceratis
411 2305 429 2332 et
437 2297 498 2333 vinctis
527 2324 818 2333 ......
873 2340 874 2343 ¹

176 2375 181 2383 .
201 2395 203 2397 .
274 2345 304 2382 De
313 2345 388 2383 liberatis
398 2360 407 2383 a
417 2348 493 2395 periculo
499 2357 560 2396 *partus
569 2357 586 2383 et
595 2347 617 2383 de
626 2360 661 2383 non
671 2346 775 2384 servantibus
784 2348 820 2383 eius

324 2397 387 2433 festum
412 2425 818 2435 ........

274 2448 306 2485 De
314 2449 368 2498 ruptis
377 2457 394 2485 et
402 2459 483 2498 reparatis
527 2478 819 2487 ......

275 2501 304 2539 Dc
313 2502 359 2539 cecis
368 2510 386 2538 et
394 2501 449 2538 surdis
458 2511 475 2538 et
484 2502 535 2538 mutis

273 2552 304 2591 De
313 2553 384 2604 leprosis
393 2562 410 2590 et
419 2555 516 2603 sanguifluis
526 2580 818 2591 ......

272 2604 303 2644 De
312 2607 375 2644 insanis
384 2615 402 2642 et
410 2606 515 2643 demoniacis

275 2658 306 2695 De
315 2659 407 2696 contractis
416 2667 433 2695 et
442 2658 533 2696 confractis

185 2687 211 2759 IJ.
273 2709 305 2748 De
312 2710 413 2761 quibusdam
423 2711 495 2748 diversis
503 2708 590 2747 miraculis
642 2737 646 2746 .

274 2762 340 2801 Finalis
349 2763 437 2801 conclusio
446 2763 566 2802 miraculorum
575 2762 620 2800 beati
629 2761 645 2799 F
647 2761 720 2800 rancisci
757 2790 762 2799 .
