1919 3169
164 276 439 328 TRACTATUS
472 275 719 327 SECUNDUS

128 475 310 550 INDEX
351 470 752 546 CAPITULORUM

57 632 155 652 ennacherim
783 628 821 648 PAGE

56 675 73 723 J.
184 670 275 719 [Qualiter
284 671 344 707 beatus
354 670 457 707 Franciscus
471 679 541 706 vocatus
554 669 586 707 fuit
598 671 655 719 primo
665 669 744 707 loannes.

249 724 278 762 De
293 723 362 760 nomine
378 721 474 760 Francisci.
502 721 556 771 Quod
569 732 623 760 mater
636 723 745 773 prophetavit

249 776 271 812 de
285 777 330 826 ipso.
362 775 417 823 Quod
429 785 447 811 et
459 776 495 824 ipse
508 775 531 811 de
543 777 581 826 ipso
593 775 649 811 futura
661 776 743 825 predixit.

249 827 280 864 De
293 828 374 877 patientia
387 837 405 864 et
419 828 489 876 gaudio,
502 828 550 877 quod
562 829 579 864 in
594 826 666 865 vinculis
679 829 743 878 positus

248 881 317 926 habuit]
335 906 742 917 ........

198 931 228 968 De
245 931 299 967 milite
316 943 389 980 paupere
406 944 464 981 quem,
479 930 547 967 vestivit
562 938 579 967 et
594 930 617 967 de
631 929 696 968 visione
713 944 743 968 sue

248 984 348 1028 vocationis,
357 982 501 1031 queminseculo
510 983 566 1020 vidit.
621 1009 625 1018 .
680 1009 684 1017 .
737 1010 742 1018 .

198 1034 278 1083 Qualiter
293 1047 332 1071 eum
349 1034 429 1071 iuvenum
450 1034 499 1071 turba
520 1043 539 1071 ut
556 1047 585 1071 eos
600 1042 677 1084 pasceret
695 1047 743 1071 suum

249 1087 338 1123 dominum
347 1088 406 1123 statuit
414 1095 432 1123 et
441 1087 463 1122 de
473 1100 502 1122 sua
510 1088 625 1123 mutatione.
679 1113 683 1122 .
737 1115 741 1123 .

196 1138 275 1187 Qualiter
292 1139 370 1188 pauperis
387 1139 491 1176 vestimentis
508 1139 584 1184 indutus,
599 1148 638 1175 ante
652 1137 744 1175 ecclesiam

249 1192 303 1227 sancti
321 1192 370 1239 petri,
386 1205 425 1227 curn
443 1191 543 1240 pauperihus
560 1191 670 1227 manducavit
686 1201 704 1227 et
721 1191 743 1227 de

249 1242 335 1279 oblatione
344 1255 396 1291 quarn
404 1243 469 1278 ibidem
478 1241 567 1290 optulit.

198 1293 278 1342 Qualiter
300 1293 331 1329 sibi
353 1294 408 1330 oranti
427 1292 511 1343 dyabolus
528 1292 616 1330 mulierem
634 1293 709 1330 ostendit
726 1272 744 1330 ei

248 1347 271 1382 de
279 1347 367 1395 responsio
377 1346 424 1396 quod
437 1346 469 1382 sibi
481 1346 524 1382 deus
537 1346 585 1383 dedit
598 1355 615 1382 et
628 1345 670 1395 quid
682 1345 744 1382 fecerit

249 1398 271 1435 de
280 1397 351 1447 leprosis

200 1451 229 1487 De
242 1452 322 1500 ymagine
338 1450 423 1496 crucifixi,
437 1462 470 1500 que
484 1450 516 1486 sibi
530 1450 588 1487 locuta
601 1449 634 1486 fuit
648 1458 665 1485 et
679 1450 744 1488 honore

182 1539 184 1544 ,
237 1503 313 1551 quernei
325 1502 410 1550 impendit
450 1529 743 1539 ......

199 1553 229 1589 De
238 1553 356 1602 persecutione
364 1553 416 1600 patris
425 1561 442 1588 et
451 1552 531 1589 fratribus
540 1552 612 1589 carnalis
622 1580 626 1588 .
680 1579 684 1587 .
738 1580 742 1588 .

198 1603 229 1641 De
242 1603 345 1641 verecundia
357 1617 408 1653 quam
420 1604 462 1640 vicit
474 1612 491 1640 et
503 1605 592 1654 prophetia
603 1615 696 1654 pauperum
708 1605 748 1641 vir-¹

249 1657 308 1706 ginum
334 1683 744 1694 ........
750 1674 753 1679 «

199 1710 228 1747 De
237 1710 304 1746 cibariis
313 1708 400 1745 hostiatim
409 1709 480 1758 quesitis
507 1735 744 1745 .....

200 1760 231 1797 De
240 1761 379 1810 expropriatione
388 1760 445 1797 fratris
453 1760 533 1797 bernardi
566 1788 570 1796 .
624 1788 628 1796 .

197 1813 227 1849 De
236 1812 353 1857 similitudine,
362 1825 413 1862 quam
422 1825 480 1849 coram
489 1812 559 1850 domino
568 1826 611 1863 papa
619 1813 707 1862 proposuit
738 1840 742 1849 .

199 1865 230 1902 De
240 1866 303 1902 Sancta
312 1865 369 1901 Maria
378 1865 400 1901 de
409 1864 520 1902 Portiuncala
566 1894 570 1902 .
624 1894 627 1901 .
681 1891 685 1900 .
739 1893 743 1901 .

198 1917 381 1968 Dequadamvisione
391 1944 742 1954 .......

199 1969 229 2006 De
243 1970 371 2007 conversatione
384 1970 439 2005 sancti
451 1969 504 2019 patris
517 1977 535 2005 et
547 1968 618 2006 fratrum
631 1977 648 2004 et
656 1968 679 2004 de
687 1971 744 2018 rigore

249 2021 339 2070 discipline

199 2072 230 2109 De
235 2073 338 2109 discretione
347 2073 402 2109 sancti
408 2072 498 2108 Francisci
507 2097 743 2109 .....

197 2123 228 2161 De
235 2124 341 2174 providentia
346 2122 442 2160 futurorum
448 2132 466 2160 et
475 2122 547 2172 qualiter
552 2122 653 2171 religionem
659 2124 745 2161 commisit

250 2189 318 2214 romane
327 2174 425 2213 ecclesieet
433 2175 507 2227 quadam
517 2175 582 2213 visione
625 2204 629 2213 .
682 2206 686 2214 .
739 2206 744 2214 .

198 2228 277 2277 Qualiter
285 2228 373 2265 dominum
381 2227 480 2265 Ostiensem
489 2240 520 2277 pro
528 2241 571 2278 papa
580 2228 629 2277 petiit
681 2257 685 2265 .
739 2255 743 2264 .

108 2282 135 2332 IJ.
198 2282 227 2318 De
236 2281 296 2331 spiritu
305 2280 395 2330 prophetie
403 2294 455 2330 quem
463 2281 522 2316 beatus
531 2280 623 2316 franciscus
632 2279 691 2316 habuit
740 2307 744 2316 .

200 2333 254 2382 Quod
262 2332 354 2383 quemdam
363 2335 392 2381 qui
400 2334 490 2382 putabatur
503 2342 578 2377 sanctus,
587 2331 648 2369 falsum
657 2345 694 2383 esse
703 2346 745 2380 cog-

250 2393 299 2421 novit

201 2435 262 2472 Simile
271 2436 293 2472 de
302 2434 376 2484 quodam
386 2434 426 2472 alio.
453 2434 518 2472 Contra
527 2434 660 2483 singularitatem
681 2463 685 2472 .
739 2463 742 2472 .

199 2487 294 2537 Quomodo
321 2486 365 2536 apud
391 2487 484 2525 damiatam
512 2487 642 2525 christianorum
670 2495 745 2536 stragem

250 2540 325 2578 futuram
334 2538 412 2589 predixit
451 2566 744 2578 ......

201 2592 230 2630 De
238 2592 291 2630 fratre
300 2592 346 2629 cuius
355 2591 412 2629 cordis
421 2592 522 2629 abscondita
530 2593 580 2629 scivit
623 2620 628 2628 .
681 2618 685 2628 .
740 2619 744 2628 .

112 2647 138 2681 l.
201 2647 230 2681 De
244 2645 302 2689 fratre,
318 2656 367 2691 super
382 2657 433 2692 quem
450 2643 544 2693 dyabolum
561 2644 605 2680 vidit
622 2652 681 2678 contra
696 2656 745 2679 rece-

252 2695 311 2732 dentes
320 2695 341 2730 ab
349 2694 414 2731 unitate

202 2747 263 2786 Simile
271 2748 293 2785 de
302 2745 335 2784 alio
344 2747 419 2796 quodam
455 2775 746 2785 ......

203 2800 298 2849 Quomodo
312 2799 389 2836 homines
402 2799 424 2836 de
440 2801 498 2848 grecio
512 2814 522 2836 a
536 2799 614 2850 luporum
630 2799 714 2835 morsibus
729 2808 747 2834 et

251 2853 333 2903 grandine
342 2852 420 2890 liberavit
453 2881 457 2889 .

436 2922 451 2955 A
