1919 3169
150 66 160 110 8
372 65 529 111 LEGENDA
546 65 702 125 ANTIQUA

150 243 190 292 IN
236 243 392 292 NOMINE
437 244 580 292 DOMINI
630 243 772 292 NOSTRI
822 244 914 293 IESU

214 323 379 374 CHRISTI.
414 323 536 374 AMEN.
572 322 768 374 GENERALI
791 323 917 373 MINIS-

213 404 291 453 TRO
310 404 470 454 ORDINIS
490 405 681 455 FRATRUM
702 404 901 456 MINORUM.

431 572 512 623 Incipit
526 573 635 624 prologus

195 653 311 733 Placuit
330 688 404 725 sancte
423 680 564 726 universitati
584 681 638 727 olim
658 680 748 742 capituli
768 681 874 743 generalis
896 693 918 727 et

149 745 214 791 vobis
235 744 420 790 reverendissime
442 755 510 805 pater,
533 763 578 791 non
598 747 644 790 sine
664 745 734 790 divini
754 746 918 806 dispensatione

150 809 235 854 consilii
251 808 356 870 parvitati
373 820 449 853 nostre
466 809 589 871 iniungere,
608 820 632 854 ut
649 820 711 870 gesta
727 809 763 854 vel
779 809 847 853 etiam
859 811 918 855 dicta

149 873 240 937 gloriosi
249 872 317 935 patris
328 873 400 919 nostri
413 873 531 932 Francisci,
541 891 589 932 nos,
598 874 681 937 quibus
693 891 719 920 ex
730 874 817 920 assidua
825 890 919 922 conver-

150 940 234 984 satione
256 938 315 983 illius
337 948 359 983 et
381 948 460 984 mutua
481 938 631 985 familiaritate
653 939 703 1000 plus
725 940 802 985 ceteris
824 940 918 985 diutinis

150 1003 308 1064 experimentis
336 1003 443 1058 innotuit,
472 1005 499 1049 ad
526 1003 703 1049 consolationem
730 1004 868 1063 presentium
895 1015 917 1049 et

150 1077 300 1128 posterorum,
328 1066 458 1111 memoriam
486 1067 640 1112 scriberemus.
674 1066 774 1112 Obedire
801 1078 919 1129 propterea

150 1131 286 1177 iussionibus
292 1130 378 1188 sanctis,
386 1147 442 1194 quas
449 1130 481 1177 fas
488 1148 532 1177 non
541 1143 574 1178 est
585 1132 695 1177 ullatenus
706 1132 818 1193 preterire,
826 1132 919 1195 supplici

90 1198 271 1244 For-tdevotione
308 1197 478 1253 concurrimus3
522 1198 560 1243 sed
594 1197 674 1243 virium
707 1208 834 1243 nostrarum
866 1215 920 1260 pro-

151 1262 247 1325 pensiori
280 1261 423 1306 meditatione
456 1262 544 1307 infirma
574 1263 632 1308 iusto
662 1262 742 1307 timore
772 1263 918 1324 percutimur,

153 1344 180 1371 ne
212 1338 258 1372 tam
290 1326 358 1387 digna
391 1327 483 1371 materia
511 1343 557 1371 non
589 1336 657 1387 prout
689 1327 757 1387 exigit
790 1338 920 1387 pertractata

152 1391 268 1438 contrahat
290 1407 302 1435 a
323 1389 394 1447 nobis,
417 1390 479 1451 quod
503 1390 616 1451 displiceat
644 1390 727 1438 ceteris.
773 1390 825 1436 Hec
851 1391 919 1448 enim,

152 1474 195 1518 que
222 1454 293 1501 totius
328 1454 443 1501 suavitatis
476 1465 529 1500 sunt
556 1455 624 1518 digna
652 1472 736 1516 sapore,
763 1453 919 1513 formidamus,

153 1538 180 1566 ne
202 1520 379 1565 ministrantium
408 1520 539 1580 indignitate
565 1519 687 1565 reddantur
712 1520 815 1580 insipida,
844 1521 920 1582 sicque

152 1583 315 1647 presumptioni
332 1583 409 1645 potius
421 1584 444 1630 id
456 1594 559 1641 tentasse,
571 1600 639 1646 quam
651 1583 777 1629 obedientie
788 1584 919 1646 imputetur.

153 1650 213 1694 Nam
224 1649 242 1693 si
254 1649 309 1692 tanti
320 1648 388 1691 huius
403 1648 483 1691 laboris
498 1648 589 1693 effectus
604 1648 757 1692 benevolentie
768 1658 849 1705 vestre,
857 1649 920 1694 beate

152 1724 223 1773 pater,
234 1723 324 1758 tantum
345 1722 452 1772 spectaret
464 1728 563 1769 examen,
576 1729 616 1758 nec
631 1722 688 1757 esset
698 1713 726 1758 ad
741 1729 805 1757 aures
821 1713 920 1772 publicas

153 1786 307 1841 opportunum
316 1775 413 1839 prodire,
421 1793 560 1823 sumeremus
568 1775 693 1840 gratissime
701 1786 739 1822 aut
748 1775 775 1822 de
784 1777 919 1823 correctione

153 1844 286 1898 doctrinam,
296 1852 334 1887 aut
343 1843 371 1888 de
382 1843 555 1903 adstipulatione
565 1842 664 1888 letitiam.

201 1908 259 1968 Quis
278 1906 338 1952 enirn
360 1907 383 1951 in
403 1917 465 1952 tanta
486 1907 614 1954 diversitate
633 1906 756 1953 verborum
778 1917 800 1952 et
822 1918 920 1965 actuum,

154 1972 216 2017 lance
227 1971 315 2017 subtilis
326 1971 434 2015 examinis
445 1970 517 2016 valeat
534 1971 564 2015 sic
579 1980 658 2016 cuncta
671 1986 770 2031 pensare,
783 1981 808 2015 ut
819 1972 921 2016 omnium

154 2037 285 2082 auditorum
308 2035 337 2079 sit
359 2035 387 2079 de
409 2034 504 2095 singulis
523 2052 568 2079 una
590 2035 714 2080 sententia?
753 2035 796 2080 Sed
815 2036 921 2108 quoniam

155 2100 258 2146 omnium
275 2109 297 2145 et
317 2099 466 2161 singulorum,
485 2099 579 2160 simplici
598 2099 633 2145 ani
635 2115 673 2144 mo
690 2099 750 2145 lucra
761 2100 862 2162 conquiri
863 2116 921 2158 mus,

155 2176 262 2220 ortamur
290 2173 316 2209 ut
342 2163 438 2226 benigne
465 2164 640 2226 interpretentur
667 2164 706 2226 qui
734 2164 817 2227 legunt,
846 2164 922 2227 sicque

155 2204 302 2277 referentium
318 2228 483 2289 simplicitatem
501 2239 642 2302 supportent,
654 2229 730 2274 veli
708 2229 812 2291 dirigant,
824 2241 850 2275 ut
866 2231 921 2288 eius,

155 2296 183 2342 de
205 2311 252 2358 quo
274 2293 299 2340 fit
326 2310 407 2349 sermo,
430 2294 552 2340 reverentia
573 2294 634 2340 illesa
656 2304 763 2340 servetur
809 2295 922 2341 Memoria

155 2369 232 2405 nostra
248 2357 314 2405 velud
333 2331 450 2404 homnium
468 2358 558 2403 rudium
560 2358 685 2418 ,temporis
697 2357 823 2418 prolixitate
834 2359 921 2416 obtusa,

155 2423 219 2486 fugas
228 2421 344 2469 subtilium
352 2421 503 2469 verborumi
484 2439 503 2467 er
505 2439 531 2468 us
542 2434 564 2469 et
575 2421 685 2469 factorum
696 2422 807 2483 stupenda
818 2424 922 2497 preconia

156 2490 245 2552 nequit·
260 2489 376 2550 attingere,
404 2504 449 2549 que
477 2488 558 2533 mentis
581 2488 700 2534 exercitate
721 2488 826 2533 velocitas
853 2489 921 2535 etiam

156 2572 231 2599 coram
249 2554 321 2613 posita
343 2552 532 2613 comprehendere
550 2554 588 2598 vix
606 2553 697 2599 valeret.
729 2553 827 2598 Excuset
851 2555 922 2615 igitur

156 2618 216 2678 apud
241 2632 318 2661 omnes
342 2625 418 2661 nostre
441 2616 551 2676 imperitie
572 2617 647 2677 culpas
668 2616 762 2676 repetita
783 2619 922 2675 multotiens,

156 2679 296 2745 precipientis
307 2679 434 2726 auctoritas.

205 2746 314 2792 Continet
324 2747 348 2790 in
361 2746 439 2807 primis
449 2746 492 2790 hoc
503 2747 638 2807 opusculum
655 2746 753 2808 quedam
770 2748 922 2793 conversionis

157 2811 215 2858 facta
237 2811 336 2866 mirifica,
359 2827 403 2874 que
425 2810 513 2857 dudum
535 2812 557 2855 in
580 2811 687 2875 legendis,
711 2811 801 2857 dudum
823 2812 851 2858 de
872 2813 922 2874 ipso
