1919 3169
148 56 190 89 102
359 42 522 89 LEGENDA
539 42 696 89 GREGORH

144 148 212 201 caput
233 137 307 185 fuerat
334 139 477 201 applicatum,
504 150 597 204 propter
622 141 699 199 situm,
727 157 793 204 quem
823 136 908 186 fecerat

144 203 263 250 infirmitas
272 203 385 250 diuturna.
569 207 571 209 ’
653 205 655 207 ’

193 270 235 312 ln⁴
245 268 353 312 comitatu
369 269 479 313 narniensi
494 284 551 328 puer
562 269 654 331 quidam
665 279 720 324 erat,
731 269 770 330 qui
782 280 844 313 tanta
855 284 908 312 con-

144 332 252 378 tractione
262 330 339 376 tibiam
347 339 469 377 retortam⁵
480 331 577 394 gerebat,
589 331 700 395 quodnisi
710 331 809 379 duorum
819 331 908 377 baculo-

145 413 196 442 rum
218 393 318 458 sufragio
340 394 474 443 nullomodo
496 406 584 458 poterat
605 395 725 443 ambulare.
771 395 827 442 Erat
848 395 909 441 enim

145 460 274 506 mendicans
295 469 317 504 et
335 469 397 506 tanta
413 461 545 507 infirmitate
566 477 605 523 per
623 462 699 522 plures
716 476 786 506 annos
803 470 910 522 gravatus

146 534 232 588 patrem
249 523 367 584 proprium
389 534 412 569 et
433 535 528 571 matrem
550 526 642 570 minime
664 524 818 586 cognoscebat.
860 523 909 576 Qui

145 588 230 635 meritis
245 587 364 634 beatissimi
376 589 444 651 patris
455 591 525 636 nostri
536 588 638 636 francisci
649 607 661 635 a
672 589 733 636 dicto
749 589 850 651 periculo
860 589 868 614 ⁶
879 588 910 634 sic

145 654 220 700 extitit
230 652 344 708 liberatus,
356 664 383 699 ut
398 654 481 717 absque
492 654 625 701 baculorum
638 653 823 700 substentaculo⁷
839 653 911 699 liber¹¹

144 719 257 764 incederet
273 733 435 780 usquequaque
451 718 544 765 laudans
563 729 585 764 et
601 718 734 765 benedicens
750 718 869 764 dominum
889 727 912 763 et

146 791 248 827 sanctum
257 788 265 810 ⁹
275 781 331 826 eius

193 845 323 890 Nicolaus¹⁰
341 844 435 907 quidam
451 845 480 891 de
496 843 599 906 fulgineo
618 845 673 890 civis
690 861 742 890 cum
758 844 848 890 haberet
862 860 912 890 crus

145 910 260 956 sinistrum
269 918 417 967 contractum,
426 910 497 955 nimio
505 910 584 956 dolore
592 920 697 972 gravatus
703 909 731 955 ad
739 909 912 971 recuperandam

145 974 260 1037 pristinam
278 973 393 1019 sanitatem
410 982 492 1020 tanta¹¹
503 974 610 1036 expendit
626 974 649 1019 in
665 974 763 1029 medicis,
775 975 838 1036 quod
855 973 914 1019 ultra

145 1054 217 1099 posse,
235 1054 260 1082 ac
276 1037 333 1082 velle
352 1053 375 1082 se
392 1038 473 1082 debitis
491 1038 607 1099 obligavit.
641 1038 746 1082 Tandem
766 1054 817 1083 cum
834 1054 913 1083 eorum

146 1102 255 1148 auxilium
275 1101 298 1147 in
320 1100 384 1147 nullo
405 1100 446 1147 sibi
469 1101 558 1164 penitus
566 1110 581 1126 ¹²
603 1099 739 1163 profecisset,
762 1100 841 1148 dolore
862 1117 913 1163 per-

147 1168 245 1214 maximo
252 1174 267 1197 ²³
278 1166 389 1213 sauciatus
405 1167 429 1214 in
445 1176 534 1213 tanturn
545 1167 607 1230 quod
624 1166 767 1229 ingeminatis
781 1165 913 1213 clamoribus

146 1232 232 1278 vicinos
249 1230 277 1276 de
289 1241 355 1277 nocte
370 1248 417 1276 non
431 1232 571 1293 permitteret
587 1231 724 1288 obdormire,
736 1247 821 1276 vovens
832 1248 855 1275 se
871 1232 915 1277 deo

147 1306 170 1340 et
192 1305 269 1341 sancto
293 1293 402 1340 francisco
419 1295 472 1340 fecit
494 1312 517 1339 se
538 1297 566 1341 ad
588 1297 634 1339 eius
656 1294 772 1339 tumulum
794 1295 913 1356 deportari.

148 1360 255 1420 Cumque
266 1374 305 1419 per
317 1369 407 1404 noctem
419 1374 484 1403 orans
501 1375 575 1404 coram
593 1360 662 1404 sancti
674 1360 764 1404 tumulo
780 1368 914 1415 moraretur,

147 1434 239 1469 extenso
250 1438 322 1481 crure,
331 1439 414 1486 magno
422 1422 540 1470 exilaratus
548 1423 630 1486 gaudio
641 1424 688 1469 sine
697 1421 776 1468 baculo
787 1423 815 1469 ad
826 1422 916 1486 propria

147 1487 261 1535 remeavit.

196 1553 256 1597 Puer
268 1567 328 1598 unus
339 1551 405 1597 etiam
417 1568 468 1598 crus
481 1552 564 1597 habens
574 1561 714 1598 contractum
730 1552 768 1606 ita,
781 1553 844 1613 quod
855 1567 915 1613 genu

148 1615 233 1678 pectori
254 1623 299 1661 et¹⁴
319 1615 445 1662 calcaneum
467 1616 556 1662 natibus
578 1616 700 1673 adhereret,
723 1616 749 1661 ad
772 1615 915 1677 sepulchrum

148 1682 241 1727 sancti²⁵
262 1679 364 1725 francisci
387 1680 500 1735 accedens,
520 1691 581 1741 patre
602 1681 672 1740 ipsius
694 1696 782 1725 carnem
802 1682 915 1741 propriam

148 1743 242 1790 cilicio¹6
250 1752 376 1788 macerante
387 1760 411 1787 ac
423 1753 493 1788 matre
501 1759 543 1807 pro
552 1745 601 1806 ipso
609 1760 632 1789 se
638 1752 654 1776 ¹⁷
665 1744 763 1805 graviter
770 1744 785 1768 ¹⁸
796 1743 916 1806 affligente,

148 1810 179 1855 ita
195 1809 260 1872 plena
270 1822 276 1864 ;
288 1818 310 1854 et
326 1807 401 1854 subita
417 1809 509 1854 sanitate
525 1809 647 1864 convaluit,
659 1808 722 1871 quod
737 1824 803 1853 sanus
819 1819 842 1855 et
857 1809 916 1855 letus

149 1876 229 1936 gratias
244 1889 312 1935 agens
328 1874 372 1918 deo
386 1882 410 1918 et
426 1883 503 1918 sancto
519 1873 628 1919 francisco
645 1883 721 1935 posset
735 1873 860 1920 discurrere
877 1889 916 1935 per

148 1939 239 2000 plateas,

197 2003 224 2047 In
242 1999 328 2045 fanensi
346 2001 436 2046 civitate
454 2000 547 2062 quidam
565 2011 692 2046 contractus
709 2011 764 2056 erat,
781 2001 845 2047 cuius
861 2001 915 2047 tibie

149 2062 259 2110 ulceribus
270 2064 336 2125 plene
347 2063 437 2109 natibus
447 2063 592 2119 adherebant,
604 2080 648 2127 que
657 2072 673 2096 ¹⁹
684 2073 772 2110 tantum
783 2064 915 2110 exhalabant

148 2129 251 2185 fetoram,
268 2129 329 2191 quod
351 2127 490 2191 hospitalarii
512 2128 575 2175 nullo
596 2130 667 2176 modo
688 2144 741 2174 eum
763 2127 869 2175 volebant
891 2130 915 2174 in

149 2194 253 2256 hospitali
271 2194 376 2255 recipere,
398 2202 463 2240 nec²⁰
479 2203 562 2240 tenere.
604 2195 652 2246 Qui
662 2203 676 2220 ²¹
692 2194 779 2239 meritis
793 2193 915 2240 beatissimi

149 2259 219 2322 patris
236 2256 346 2316 francisci,
366 2258 430 2303 cuius
449 2257 623 2305 misericordiam
636 2258 774 2316 invocavit,²²
792 2258 831 2304 sed
847 2258 915 2322 paulo

149 2334 202 2385 post
212 2322 302 2384 gavisus
313 2333 348 2368 est
357 2323 485 2369 liberatum.

198 2386 305 2438 Quedam
332 2387 408 2448 puella
435 2386 548 2449 eugubina
570 2403 629 2444 cum,
657 2386 777 2432 contractis
805 2386 915 2443 manibus

188 2515 196 2540 4
206 2509 231 2545 H.
241 2509 300 2556 begins
309 2522 348 2546 new
357 2510 428 2559 chapter
437 2508 483 2545 here.
523 2510 531 2535 5
541 2508 561 2545 L.
571 2509 605 2545 and
615 2509 652 2545 Ox.
662 2516 732 2544 tortam.
771 2504 807 2544 ⁶L.
817 2507 884 2545 morbo.

188 2561 227 2598 ⁷1..
236 2561 364 2597 sustentatione.
501 2558 509 2583 ὃ
519 2562 552 2597 Os.
561 2561 618 2597 omits.
749 2562 757 2586 9
767 2560 799 2596 Os.
809 2567 883 2596 sanctos.

190 2617 204 2636 10
214 2614 252 2647 Ox.
262 2622 305 2646 man
316 2625 339 2647 na
349 2622 464 2647 coxrxncru.
535 2616 549 2634 ¹¹
559 2614 591 2647 Os.
601 2620 654 2648 tante.
722 2614 737 2633 ¹²
747 2612 779 2647 Os.
789 2611 846 2647 omits.

190 2667 204 2690 ¹³
215 2664 247 2698 Os.
257 2663 315 2698 nimio.
381 2666 395 2691 ¹⁴
406 2663 438 2698 Os.
448 2661 476 2697 ad.
547 2663 562 2690 ¹5
572 2663 610 2698 Ox.
620 2661 671 2698 beati.
736 2658 752 2684 ¹⁶
761 2661 794 2698 Os.
801 2661 859 2704 omits.

189 2718 204 2743 ¹⁷
214 2716 252 2752 Ox.
262 2716 318 2751 omits.
385 2712 399 2736 ¹⁸
410 2714 435 2751 H.
446 2715 503 2750 omits.
569 2717 583 2741 ¹¹³
593 2716 626 2751 Os.
636 2711 689 2764 quod.
750 2714 765 2734 ²⁰
775 2714 813 2749 Ox.
823 2721 856 2749 aut.

189 2771 204 2790 ²1
215 2765 253 2802 Ox.
263 2778 303 2815 quo.
432 2769 447 2786 ²²
457 2768 489 2802 Os.
498 2767 589 2802 revocavit.
