<?xml version="1.0" encoding="UTF-8"?>
<!DOCTYPE html PUBLIC "-//W3C//DTD XHTML 1.0 Transitional//EN"
    "http://www.w3.org/TR/xhtml1/DTD/xhtml1-transitional.dtd">
<html xmlns="http://www.w3.org/1999/xhtml" xml:lang="en" lang="en">
 <head>
  <title>
</title>
<meta http-equiv="Content-Type" content="text/html;charset=utf-8" />
  <meta name='ocr-system' content='tesseract 3.04.00' />
  <meta name='ocr-capabilities' content='ocr_page ocr_carea ocr_par ocr_line ocrx_word'/>
</head>
<body>
  <div class='ocr_page' id='page_1' title='image "./MN5146ucmf_4_0325.png"; bbox 0 0 1919 3169; ppageno 0'>
   <div class='ocr_carea' id='block_1_1' title="bbox 241 85 814 150">
    <p class='ocr_par' dir='ltr' id='par_1_1' title="bbox 241 85 814 150">
     <span class='ocr_line' id='line_1_1' title="bbox 241 85 814 150; baseline 0 -17"><span class='ocrx_word' id='word_1_1' title='bbox 241 86 439 133; x_wconf 82' lang='lat' dir='ltr'><strong>TRACTATUS</strong></span> <span class='ocrx_word' id='word_1_2' title='bbox 459 85 630 133; x_wconf 88' lang='lat' dir='ltr'>SECUNDUS</span> <span class='ocrx_word' id='word_1_3' title='bbox 785 103 814 150; x_wconf 80' lang='lat'>47</span> 
     </span>
    </p>
   </div>
   <div class='ocr_carea' id='block_1_2' title="bbox 51 181 815 376">
    <p class='ocr_par' dir='ltr' id='par_1_2' title="bbox 51 181 815 376">
     <span class='ocr_line' id='line_1_2' title="bbox 51 181 815 245; baseline -0.004 -13"><span class='ocrx_word' id='word_1_4' title='bbox 51 183 178 237; x_wconf 88' lang='lat' dir='ltr'>obsistebat,</span> <span class='ocrx_word' id='word_1_5' title='bbox 190 201 217 229; x_wconf 91' lang='lat' dir='ltr'>ne</span> <span class='ocrx_word' id='word_1_6' title='bbox 228 183 357 245; x_wconf 82' lang='lat' dir='ltr'>provideret</span> <span class='ocrx_word' id='word_1_7' title='bbox 368 181 412 238; x_wconf 89' lang='lat' dir='ltr'>alii,</span> <span class='ocrx_word' id='word_1_8' title='bbox 425 199 447 227; x_wconf 92' lang='lat' dir='ltr'>se</span> <span class='ocrx_word' id='word_1_9' title='bbox 458 182 574 245; x_wconf 82' lang='lat' dir='ltr'>negletto:</span> <span class='ocrx_word' id='word_1_10' title='bbox 591 184 626 228; x_wconf 91' lang='lat' dir='ltr'>eui</span> <span class='ocrx_word' id='word_1_11' title='bbox 642 193 745 230; x_wconf 90' lang='lat' dir='ltr'>sanctus:</span> <span class='ocrx_word' id='word_1_12' title='bbox 763 184 815 245; x_wconf 83' lang='lat' dir='ltr'>Ego</span> 
     </span>
     <span class='ocr_line' id='line_1_3' title="bbox 51 246 815 309; baseline -0.004 -14"><span class='ocrx_word' id='word_1_13' title='bbox 51 251 88 296; x_wconf 86' lang='lat' dir='ltr'>fur</span> <span class='ocrx_word' id='word_1_14' title='bbox 99 264 145 292; x_wconf 89' lang='lat' dir='ltr'>esse</span> <span class='ocrx_word' id='word_1_15' title='bbox 156 246 209 292; x_wconf 91' lang='lat' dir='ltr'>nolo</span> <span class='ocrx_word' id='word_1_16' title='bbox 220 263 226 302; x_wconf 89' lang='grc'>;</span> <span class='ocrx_word' id='word_1_17' title='bbox 243 263 285 309; x_wconf 91' lang='lat' dir='ltr'>pro</span> <span class='ocrx_word' id='word_1_18' title='bbox 296 246 358 291; x_wconf 87' lang='lat' dir='ltr'>furto</span> <span class='ocrx_word' id='word_1_19' title='bbox 369 246 435 291; x_wconf 88' lang='lat' dir='ltr'>nobis</span> <span class='ocrx_word' id='word_1_20' title='bbox 451 246 607 308; x_wconf 82' lang='lat' dir='ltr'>imputaretur,</span> <span class='ocrx_word' id='word_1_21' title='bbox 619 246 637 290; x_wconf 91' lang='lat' dir='ltr'>si</span> <span class='ocrx_word' id='word_1_22' title='bbox 654 263 700 290; x_wconf 93' lang='lat' dir='ltr'>non</span> <span class='ocrx_word' id='word_1_23' title='bbox 711 247 815 293; x_wconf 85' lang='lat' dir='ltr'>daremus</span> 
     </span>
     <span class='ocr_line' id='line_1_4' title="bbox 52 308 703 376; baseline -0.003 -15"><span class='ocrx_word' id='word_1_24' title='bbox 52 312 121 376; x_wconf 87' lang='lat' dir='ltr'>magis</span> <span class='ocrx_word' id='word_1_25' title='bbox 132 311 213 375; x_wconf 85' lang='lat' dir='ltr'>egenti.</span> <span class='ocrx_word' id='word_1_26' title='bbox 246 311 342 367; x_wconf 82' lang='lat' dir='ltr'>Destitit</span> <span class='ocrx_word' id='word_1_27' title='bbox 353 308 397 367; x_wconf 88' lang='lat' dir='ltr'>ille,</span> <span class='ocrx_word' id='word_1_28' title='bbox 409 310 502 358; x_wconf 80' lang='lat' dir='ltr'>tradidit</span> <span class='ocrx_word' id='word_1_29' title='bbox 513 311 554 358; x_wconf 88' lang='lat' dir='ltr'>iste</span> <span class='ocrx_word' id='word_1_30' title='bbox 565 310 703 359; x_wconf 87' lang='lat' dir='ltr'>mantellum.</span> 
     </span>
    </p>
   </div>
   <div class='ocr_carea' id='block_1_3' title="bbox 255 438 900 491">
    <p class='ocr_par' dir='ltr' id='par_1_3' title="bbox 255 438 900 491">
     <span class='ocr_line' id='line_1_5' title="bbox 255 438 900 491; baseline 0 -10"><span class='ocrx_word' id='word_1_31' title='bbox 255 438 333 481; x_wconf 86' lang='lat' dir='ltr'>Simile</span> <span class='ocrx_word' id='word_1_32' title='bbox 346 438 399 481; x_wconf 81' lang='lat' dir='ltr'>tecit</span> <span class='ocrx_word' id='word_1_33' title='bbox 412 439 435 480; x_wconf 82' lang='lat' dir='ltr'>in</span> <span class='ocrx_word' id='word_1_34' title='bbox 449 439 493 481; x_wconf 88' lang='lat' dir='ltr'>alio</span> <span class='ocrx_word' id='word_1_35' title='bbox 507 450 612 490; x_wconf 80' lang='lat' dir='ltr'>paupere.</span> <span class='ocrx_word' id='word_1_36' title='bbox 820 450 900 491; x_wconf 73' lang='lat' dir='ltr'>[rr-axx]</span> 
     </span>
    </p>
   </div>
   <div class='ocr_carea' id='block_1_4' title="bbox 52 516 817 1258">
    <p class='ocr_par' dir='ltr' id='par_1_4' title="bbox 52 516 817 1258">
     <span class='ocr_line' id='line_1_6' title="bbox 101 516 817 611; baseline -0.001 -16"><span class='ocrx_word' id='word_1_37' title='bbox 101 516 200 604; x_wconf 63' lang='lat' dir='ltr'>Simile</span> <span class='ocrx_word' id='word_1_38' title='bbox 217 548 312 611; x_wconf 84' lang='lat' dir='ltr'>contigit</span> <span class='ocrx_word' id='word_1_39' title='bbox 331 547 391 609; x_wconf 90' lang='lat' dir='ltr'>apud</span> <span class='ocrx_word' id='word_1_40' title='bbox 407 547 484 593; x_wconf 92' lang='lat' dir='ltr'>cellam</span> <span class='ocrx_word' id='word_1_41' title='bbox 501 548 530 594; x_wconf 92' lang='lat' dir='ltr'>de</span> <span class='ocrx_word' id='word_1_42' title='bbox 547 549 677 594; x_wconf 82' lang='lat' dir='ltr'>Cortonam.</span> <span class='ocrx_word' id='word_1_43' title='bbox 710 547 817 594; x_wconf 79' lang='lat' dir='ltr'>Portabat</span> 
     </span>
     <span class='ocr_line' id='line_1_7' title="bbox 52 613 816 676; baseline -0.007 -13"><span class='ocrx_word' id='word_1_44' title='bbox 52 620 128 664; x_wconf 88' lang='lat' dir='ltr'>beatus</span> <span class='ocrx_word' id='word_1_45' title='bbox 155 613 299 659; x_wconf 86' lang='lat' dir='ltr'>Francisehus</span> <span class='ocrx_word' id='word_1_46' title='bbox 327 629 413 658; x_wconf 88' lang='lat' dir='ltr'>novum</span> <span class='ocrx_word' id='word_1_47' title='bbox 440 614 578 671; x_wconf 88' lang='lat' dir='ltr'>mantellum,</span> <span class='ocrx_word' id='word_1_48' title='bbox 603 630 671 676; x_wconf 92' lang='lat' dir='ltr'>quem</span> <span class='ocrx_word' id='word_1_49' title='bbox 698 631 740 674; x_wconf 94' lang='lat' dir='ltr'>pro</span> <span class='ocrx_word' id='word_1_50' title='bbox 767 613 816 674; x_wconf 91' lang='lat' dir='ltr'>ipso</span> 
     </span>
     <span class='ocr_line' id='line_1_8' title="bbox 52 677 815 740; baseline -0.007 -12"><span class='ocrx_word' id='word_1_51' title='bbox 52 683 130 728; x_wconf 84' lang='lat' dir='ltr'>fratres</span> <span class='ocrx_word' id='word_1_52' title='bbox 165 678 264 724; x_wconf 83' lang='lat' dir='ltr'>studiose</span> <span class='ocrx_word' id='word_1_53' title='bbox 297 677 442 740; x_wconf 80' lang='lat' dir='ltr'>quesierant:</span> <span class='ocrx_word' id='word_1_54' title='bbox 478 678 539 723; x_wconf 89' lang='lat' dir='ltr'>venit</span> <span class='ocrx_word' id='word_1_55' title='bbox 567 694 651 739; x_wconf 83' lang='lat' dir='ltr'>pauper</span> <span class='ocrx_word' id='word_1_56' title='bbox 681 678 709 724; x_wconf 92' lang='lat' dir='ltr'>ad</span> <span class='ocrx_word' id='word_1_57' title='bbox 739 677 815 723; x_wconf 91' lang='lat' dir='ltr'>locum</span> 
     </span>
     <span class='ocr_line' id='line_1_9' title="bbox 53 741 817 802; baseline -0.007 -12"><span class='ocrx_word' id='word_1_58' title='bbox 53 759 153 799; x_wconf 80' lang='lat' dir='ltr'>uxorem,</span> <span class='ocrx_word' id='word_1_59' title='bbox 165 752 279 786; x_wconf 89' lang='lat' dir='ltr'>mortuam</span> <span class='ocrx_word' id='word_1_60' title='bbox 290 742 379 802; x_wconf 89' lang='lat' dir='ltr'>plorans</span> <span class='ocrx_word' id='word_1_61' title='bbox 392 752 414 786; x_wconf 91' lang='lat' dir='ltr'>et</span> <span class='ocrx_word' id='word_1_62' title='bbox 428 741 534 786; x_wconf 87' lang='lat' dir='ltr'>familiam</span> <span class='ocrx_word' id='word_1_63' title='bbox 551 743 708 802; x_wconf 87' lang='lat' dir='ltr'>pauperculam</span> <span class='ocrx_word' id='word_1_64' title='bbox 724 742 817 786; x_wconf 90' lang='lat' dir='ltr'>derelic-</span> 
     </span>
     <span class='ocr_line' id='line_1_10' title="bbox 53 804 816 863; baseline -0.007 -8"><span class='ocrx_word' id='word_1_65' title='bbox 53 820 111 863; x_wconf 88' lang='lat' dir='ltr'>tam;</span> <span class='ocrx_word' id='word_1_66' title='bbox 129 806 164 851; x_wconf 91' lang='lat' dir='ltr'>cui</span> <span class='ocrx_word' id='word_1_67' title='bbox 176 815 277 852; x_wconf 89' lang='lat' dir='ltr'>sanctus:</span> <span class='ocrx_word' id='word_1_68' title='bbox 291 805 361 850; x_wconf 91' lang='lat' dir='ltr'>Hunc</span> <span class='ocrx_word' id='word_1_69' title='bbox 372 804 414 851; x_wconf 91' lang='lat' dir='ltr'>tibi</span> <span class='ocrx_word' id='word_1_70' title='bbox 425 821 500 850; x_wconf 88' lang='lat' dir='ltr'>amore</span> <span class='ocrx_word' id='word_1_71' title='bbox 511 805 550 851; x_wconf 88' lang='lat' dir='ltr'>filii</span> <span class='ocrx_word' id='word_1_72' title='bbox 562 805 598 851; x_wconf 89' lang='lat' dir='ltr'>dei</span> <span class='ocrx_word' id='word_1_73' title='bbox 609 805 674 852; x_wconf 90' lang='lat' dir='ltr'>trado</span> <span class='ocrx_word' id='word_1_74' title='bbox 685 804 816 851; x_wconf 87' lang='lat' dir='ltr'>mantellum</span> 
     </span>
     <span class='ocr_line' id='line_1_11' title="bbox 53 867 815 933; baseline -0.005 -13"><span class='ocrx_word' id='word_1_75' title='bbox 53 872 90 920; x_wconf 91' lang='lat' dir='ltr'>tali</span> <span class='ocrx_word' id='word_1_76' title='bbox 109 880 179 933; x_wconf 84' lang='lat' dir='ltr'>pacta,</span> <span class='ocrx_word' id='word_1_77' title='bbox 198 879 224 917; x_wconf 91' lang='lat' dir='ltr'>ut</span> <span class='ocrx_word' id='word_1_78' title='bbox 242 867 298 916; x_wconf 91' lang='lat' dir='ltr'>nulli</span> <span class='ocrx_word' id='word_1_79' title='bbox 315 868 402 928; x_wconf 82' lang='lat' dir='ltr'>reddas,</span> <span class='ocrx_word' id='word_1_80' title='bbox 420 868 461 916; x_wconf 88' lang='lat' dir='ltr'>nisi</span> <span class='ocrx_word' id='word_1_81' title='bbox 481 869 535 916; x_wconf 89' lang='lat' dir='ltr'>bene</span> <span class='ocrx_word' id='word_1_82' title='bbox 554 870 715 931; x_wconf 83' lang='lat' dir='ltr'>comparaverit</span> <span class='ocrx_word' id='word_1_83' title='bbox 734 870 815 932; x_wconf 78' lang='lat' dir='ltr'>ipsum.</span> 
     </span>
     <span class='ocr_line' id='line_1_12' title="bbox 54 934 816 997; baseline -0.004 -13"><span class='ocrx_word' id='word_1_84' title='bbox 54 939 204 985; x_wconf 86' lang='lat' dir='ltr'>Accurrerunt</span> <span class='ocrx_word' id='word_1_85' title='bbox 233 934 335 997; x_wconf 90' lang='lat' dir='ltr'>protinus</span> <span class='ocrx_word' id='word_1_86' title='bbox 364 934 449 990; x_wconf 79' lang='lat' dir='ltr'>fratres³</span> <span class='ocrx_word' id='word_1_87' title='bbox 479 945 505 981; x_wconf 91' lang='lat' dir='ltr'>ut</span> <span class='ocrx_word' id='word_1_88' title='bbox 539 935 671 981; x_wconf 90' lang='lat' dir='ltr'>mantellum</span> <span class='ocrx_word' id='word_1_89' title='bbox 703 935 816 981; x_wconf 84' lang='lat' dir='ltr'>auferrent</span> 
     </span>
     <span class='ocr_line' id='line_1_13' title="bbox 53 996 815 1060; baseline -0.004 -12"><span class='ocrx_word' id='word_1_90' title='bbox 53 1013 75 1048; x_wconf 89' lang='lat' dir='ltr'>et</span> <span class='ocrx_word' id='word_1_91' title='bbox 90 996 235 1048; x_wconf 86' lang='lat' dir='ltr'>donationem</span> <span class='ocrx_word' id='word_1_92' title='bbox 251 999 307 1045; x_wconf 82' lang='lat' dir='ltr'>hane</span> <span class='ocrx_word' id='word_1_93' title='bbox 317 1000 474 1060; x_wconf 89' lang='lat' dir='ltr'>prepedirent;</span> <span class='ocrx_word' id='word_1_94' title='bbox 491 999 530 1045; x_wconf 91' lang='lat' dir='ltr'>sed</span> <span class='ocrx_word' id='word_1_95' title='bbox 540 1015 623 1060; x_wconf 81' lang='lat' dir='ltr'>pauper</span> <span class='ocrx_word' id='word_1_96' title='bbox 634 1000 658 1045; x_wconf 91' lang='lat' dir='ltr'>in</span> <span class='ocrx_word' id='word_1_97' title='bbox 669 999 734 1046; x_wconf 89' lang='lat' dir='ltr'>vultu</span> <span class='ocrx_word' id='word_1_98' title='bbox 746 1000 815 1046; x_wconf 82' lang='lat' dir='ltr'>sancti</span> 
     </span>
     <span class='ocr_line' id='line_1_14' title="bbox 53 1062 815 1128; baseline -0.001 -18"><span class='ocrx_word' id='word_1_99' title='bbox 53 1066 121 1128; x_wconf 90' lang='lat' dir='ltr'>patris</span> <span class='ocrx_word' id='word_1_100' title='bbox 137 1063 250 1109; x_wconf 83' lang='lat' dir='ltr'>audaciam</span> <span class='ocrx_word' id='word_1_101' title='bbox 264 1079 361 1119; x_wconf 84' lang='lat' dir='ltr'>sumens,</span> <span class='ocrx_word' id='word_1_102' title='bbox 373 1063 434 1108; x_wconf 82' lang='lat' dir='ltr'>nexis</span> <span class='ocrx_word' id='word_1_103' title='bbox 451 1063 559 1120; x_wconf 78' lang='lat' dir='ltr'>manibus,</span> <span class='ocrx_word' id='word_1_104' title='bbox 571 1062 704 1110; x_wconf 90' lang='lat' dir='ltr'>defendebat</span> <span class='ocrx_word' id='word_1_105' title='bbox 720 1074 747 1109; x_wconf 92' lang='lat' dir='ltr'>ut</span> <span class='ocrx_word' id='word_1_106' title='bbox 763 1079 815 1126; x_wconf 88' lang='lat' dir='ltr'>pro-</span> 
     </span>
     <span class='ocr_line' id='line_1_15' title="bbox 54 1128 816 1192; baseline -0.003 -16"><span class='ocrx_word' id='word_1_107' title='bbox 54 1130 132 1192; x_wconf 90' lang='lat' dir='ltr'>prium.</span> <span class='ocrx_word' id='word_1_108' title='bbox 162 1128 200 1175; x_wconf 87' lang='lat' dir='ltr'>Ad</span> <span class='ocrx_word' id='word_1_109' title='bbox 207 1129 314 1174; x_wconf 90' lang='lat' dir='ltr'>ultimum</span> <span class='ocrx_word' id='word_1_110' title='bbox 322 1128 435 1175; x_wconf 84' lang='lat' dir='ltr'>redemere</span> <span class='ocrx_word' id='word_1_111' title='bbox 444 1128 576 1175; x_wconf 89' lang='lat' dir='ltr'>mantellum</span> <span class='ocrx_word' id='word_1_112' title='bbox 584 1128 680 1184; x_wconf 75' lang='lat' dir='ltr'>fratres3</span> <span class='ocrx_word' id='word_1_113' title='bbox 696 1139 720 1174; x_wconf 92' lang='lat' dir='ltr'>et</span> <span class='ocrx_word' id='word_1_114' title='bbox 725 1145 816 1190; x_wconf 86' lang='lat' dir='ltr'>pauper,</span> 
     </span>
     <span class='ocr_line' id='line_1_16' title="bbox 54 1192 350 1258; baseline -0.003 -17"><span class='ocrx_word' id='word_1_115' title='bbox 54 1194 125 1258; x_wconf 90' lang='lat' dir='ltr'>pretio</span> <span class='ocrx_word' id='word_1_116' title='bbox 136 1203 235 1255; x_wconf 92' lang='lat' dir='ltr'>sumpto,</span> <span class='ocrx_word' id='word_1_117' title='bbox 246 1192 350 1240; x_wconf 87' lang='lat' dir='ltr'>discessit.</span> 
     </span>
    </p>
   </div>
   <div class='ocr_carea' id='block_1_5' title="bbox 55 1316 913 1414">
    <p class='ocr_par' dir='ltr' id='par_1_5' title="bbox 55 1316 913 1414">
     <span class='ocr_line' id='line_1_17' title="bbox 70 1316 913 1413; baseline 0.001 -53"><span class='ocrx_word' id='word_1_118' title='bbox 70 1317 211 1413; x_wconf 41' lang='lat' dir='ltr'>d&#39;qumodo</span> <span class='ocrx_word' id='word_1_119' title='bbox 229 1317 319 1360; x_wconf 86' lang='lat' dir='ltr'>cuidam</span> <span class='ocrx_word' id='word_1_120' title='bbox 338 1316 400 1378; x_wconf 87' lang='lat' dir='ltr'>dedit</span> <span class='ocrx_word' id='word_1_121' title='bbox 418 1316 550 1358; x_wconf 86' lang='lat' dir='ltr'>mantellum</span> <span class='ocrx_word' id='word_1_122' title='bbox 568 1327 598 1359; x_wconf 87' lang='lat' dir='ltr'>ne</span> <span class='ocrx_word' id='word_1_123' title='bbox 615 1317 730 1359; x_wconf 86' lang='lat' dir='ltr'>dominum</span> <span class='ocrx_word' id='word_1_124' title='bbox 749 1328 913 1373; x_wconf 73' lang='lat' dir='ltr'>suumm-axxJ]</span> 
     </span>
     <span class='ocr_line' id='line_1_18' title="bbox 55 1382 133 1414; baseline 0.013 -1"><span class='ocrx_word' id='word_1_125' title='bbox 55 1383 68 1413; x_wconf 91' lang='lat' dir='ltr'>o</span> <span class='ocrx_word' id='word_1_126' title='bbox 85 1382 133 1414; x_wconf 83' lang='lat' dir='ltr'>rre.</span> 
     </span>
    </p>
   </div>
   <div class='ocr_carea' id='block_1_6' title="bbox 1 1452 911 2573">
    <p class='ocr_par' dir='ltr' id='par_1_6' title="bbox 1 1452 911 2573">
     <span class='ocr_line' id='line_1_19' title="bbox 1 1452 818 1541; baseline -0.001 -16"><span class='ocrx_word' id='word_1_127' title='bbox 1 1516 3 1539; x_wconf 54' lang='lat'>3</span> <span class='ocrx_word' id='word_1_128' title='bbox 98 1452 223 1539; x_wconf 80' lang='lat' dir='ltr'>Quodam</span> <span class='ocrx_word' id='word_1_129' title='bbox 252 1488 353 1539; x_wconf 90' lang='lat' dir='ltr'>tempore</span> <span class='ocrx_word' id='word_1_130' title='bbox 378 1478 437 1539; x_wconf 86' lang='lat' dir='ltr'>apud</span> <span class='ocrx_word' id='word_1_131' title='bbox 462 1477 549 1524; x_wconf 89' lang='lat' dir='ltr'>Collem</span> <span class='ocrx_word' id='word_1_132' title='bbox 572 1479 699 1524; x_wconf 88' lang='lat' dir='ltr'>Comitatus</span> <span class='ocrx_word' id='word_1_133' title='bbox 720 1479 818 1541; x_wconf 89' lang='lat' dir='ltr'>perusini</span> 
     </span>
     <span class='ocr_line' id='line_1_20' title="bbox 1 1542 818 1606; baseline 0 -17"><span class='ocrx_word' id='word_1_134' title='bbox 1 1559 4 1599; x_wconf 57' lang='grc' dir='ltr'>ᾗ</span> <span class='ocrx_word' id='word_1_135' title='bbox 54 1545 135 1606; x_wconf 90' lang='lat' dir='ltr'>reperit</span> <span class='ocrx_word' id='word_1_136' title='bbox 153 1553 242 1588; x_wconf 86' lang='lat' dir='ltr'>sanctus</span> <span class='ocrx_word' id='word_1_137' title='bbox 261 1542 406 1587; x_wconf 86' lang='lat' dir='ltr'>Francisehus</span> <span class='ocrx_word' id='word_1_138' title='bbox 427 1542 588 1603; x_wconf 88' lang='lat' dir='ltr'>pauperculum</span> <span class='ocrx_word' id='word_1_139' title='bbox 607 1543 733 1604; x_wconf 84' lang='lat' dir='ltr'>quemdam,</span> <span class='ocrx_word' id='word_1_140' title='bbox 752 1559 818 1605; x_wconf 88' lang='lat' dir='ltr'>quem</span> 
     </span>
     <span class='ocr_line' id='line_1_21' title="bbox 55 1605 818 1672; baseline -0.001 -17.066"><span class='ocrx_word' id='word_1_141' title='bbox 55 1608 116 1671; x_wconf 90' lang='lat' dir='ltr'>prius</span> <span class='ocrx_word' id='word_1_142' title='bbox 130 1608 154 1654; x_wconf 92' lang='lat' dir='ltr'>in</span> <span class='ocrx_word' id='word_1_143' title='bbox 167 1606 240 1654; x_wconf 91' lang='lat' dir='ltr'>seculo</span> <span class='ocrx_word' id='word_1_144' title='bbox 257 1616 358 1665; x_wconf 77' lang='lat' dir='ltr'>noverat,</span> <span class='ocrx_word' id='word_1_145' title='bbox 369 1605 470 1669; x_wconf 83' lang='lat' dir='ltr'>dixitque</span> <span class='ocrx_word' id='word_1_146' title='bbox 486 1605 515 1652; x_wconf 91' lang='lat' dir='ltr'>ad</span> <span class='ocrx_word' id='word_1_147' title='bbox 530 1623 601 1653; x_wconf 88' lang='lat' dir='ltr'>eum:</span> <span class='ocrx_word' id='word_1_148' title='bbox 627 1607 711 1664; x_wconf 84' lang='lat' dir='ltr'>Frater,</span> <span class='ocrx_word' id='word_1_149' title='bbox 723 1607 818 1672; x_wconf 72' lang='lat' dir='ltr'>qualiter</span> 
     </span>
     <span class='ocr_line' id='line_1_22' title="bbox 55 1670 818 1732; baseline 0 -13"><span class='ocrx_word' id='word_1_150' title='bbox 55 1684 76 1719; x_wconf 89' lang='lat' dir='ltr'>te</span> <span class='ocrx_word' id='word_1_151' title='bbox 94 1673 177 1719; x_wconf 88' lang='lat' dir='ltr'>habes?</span> <span class='ocrx_word' id='word_1_152' title='bbox 211 1672 245 1718; x_wconf 86' lang='lat' dir='ltr'>At</span> <span class='ocrx_word' id='word_1_153' title='bbox 263 1671 301 1717; x_wconf 90' lang='lat' dir='ltr'>ille</span> <span class='ocrx_word' id='word_1_154' title='bbox 318 1671 375 1717; x_wconf 87' lang='lat' dir='ltr'>irato</span> <span class='ocrx_word' id='word_1_155' title='bbox 394 1670 469 1717; x_wconf 92' lang='lat' dir='ltr'>animo</span> <span class='ocrx_word' id='word_1_156' title='bbox 491 1671 549 1732; x_wconf 88' lang='lat' dir='ltr'>cepit</span> <span class='ocrx_word' id='word_1_157' title='bbox 570 1672 593 1716; x_wconf 91' lang='lat' dir='ltr'>in</span> <span class='ocrx_word' id='word_1_158' title='bbox 612 1672 729 1718; x_wconf 90' lang='lat' dir='ltr'>dominum</span> <span class='ocrx_word' id='word_1_159' title='bbox 751 1689 818 1719; x_wconf 87' lang='lat' dir='ltr'>suum</span> 
     </span>
     <span class='ocr_line' id='line_1_23' title="bbox 56 1735 819 1800; baseline 0 -16"><span class='ocrx_word' id='word_1_160' title='bbox 56 1737 170 1784; x_wconf 87' lang='lat' dir='ltr'>maledicta</span> <span class='ocrx_word' id='word_1_161' title='bbox 180 1753 306 1800; x_wconf 83' lang='lat' dir='ltr'>congerere,</span> <span class='ocrx_word' id='word_1_162' title='bbox 319 1735 358 1800; x_wconf 89' lang='lat' dir='ltr'>qui</span> <span class='ocrx_word' id='word_1_163' title='bbox 373 1735 492 1783; x_wconf 85' lang='lat' dir='ltr'>abstulerat</span> <span class='ocrx_word' id='word_1_164' title='bbox 508 1735 550 1781; x_wconf 91' lang='lat' dir='ltr'>sibi</span> <span class='ocrx_word' id='word_1_165' title='bbox 568 1737 642 1783; x_wconf 88' lang='lat' dir='ltr'>omnia</span> <span class='ocrx_word' id='word_1_166' title='bbox 656 1754 712 1784; x_wconf 86' lang='lat' dir='ltr'>sua:</span> <span class='ocrx_word' id='word_1_167' title='bbox 738 1738 819 1786; x_wconf 83' lang='lat' dir='ltr'>Gratia</span> 
     </span>
     <span class='ocr_line' id='line_1_24' title="bbox 56 1801 818 1862; baseline 0 -15"><span class='ocrx_word' id='word_1_168' title='bbox 56 1804 140 1847; x_wconf 90' lang='lat' dir='ltr'>domini</span> <span class='ocrx_word' id='word_1_169' title='bbox 162 1802 211 1856; x_wconf 88' lang='lat' dir='ltr'>mei,</span> <span class='ocrx_word' id='word_1_170' title='bbox 234 1801 322 1862; x_wconf 87' lang='lat' dir='ltr'>inquid,</span> <span class='ocrx_word' id='word_1_171' title='bbox 344 1801 380 1845; x_wconf 84' lang='lat' dir='ltr'>eui</span> <span class='ocrx_word' id='word_1_172' title='bbox 403 1801 545 1860; x_wconf 91' lang='lat' dir='ltr'>omnipotens</span> <span class='ocrx_word' id='word_1_173' title='bbox 566 1802 671 1846; x_wconf 91' lang='lat' dir='ltr'>dominus</span> <span class='ocrx_word' id='word_1_174' title='bbox 695 1803 818 1857; x_wconf 80' lang='lat' dir='ltr'>maledicat‚</span> 
     </span>
     <span class='ocr_line' id='line_1_25' title="bbox 57 1863 818 1912; baseline -0.001 -0.069"><span class='ocrx_word' id='word_1_175' title='bbox 57 1881 100 1912; x_wconf 86' lang='lat' dir='ltr'>non</span> <span class='ocrx_word' id='word_1_176' title='bbox 130 1865 172 1912; x_wconf 89' lang='lat' dir='ltr'>nisi</span> <span class='ocrx_word' id='word_1_177' title='bbox 202 1865 259 1910; x_wconf 88' lang='lat' dir='ltr'>male</span> <span class='ocrx_word' id='word_1_178' title='bbox 289 1880 324 1910; x_wconf 94' lang='lat' dir='ltr'>me</span> <span class='ocrx_word' id='word_1_179' title='bbox 353 1863 431 1910; x_wconf 88' lang='lat' dir='ltr'>habeo.</span> <span class='ocrx_word' id='word_1_180' title='bbox 481 1863 603 1909; x_wconf 89' lang='lat' dir='ltr'>Miseratus</span> <span class='ocrx_word' id='word_1_181' title='bbox 632 1866 729 1910; x_wconf 90' lang='lat' dir='ltr'>animam</span> <span class='ocrx_word' id='word_1_182' title='bbox 758 1865 818 1911; x_wconf 92' lang='lat' dir='ltr'>illius</span> 
     </span>
     <span class='ocr_line' id='line_1_26' title="bbox 57 1927 819 1994; baseline 0.001 -17.932"><span class='ocrx_word' id='word_1_183' title='bbox 57 1930 125 1993; x_wconf 85' lang='lat' dir='ltr'>magis</span> <span class='ocrx_word' id='word_1_184' title='bbox 141 1946 209 1994; x_wconf 86' lang='lat' dir='ltr'>quam</span> <span class='ocrx_word' id='word_1_185' title='bbox 226 1945 313 1990; x_wconf 89' lang='lat' dir='ltr'>eorpus,</span> <span class='ocrx_word' id='word_1_186' title='bbox 328 1944 380 1975; x_wconf 92' lang='lat' dir='ltr'>cum</span> <span class='ocrx_word' id='word_1_187' title='bbox 396 1928 419 1975; x_wconf 93' lang='lat' dir='ltr'>in</span> <span class='ocrx_word' id='word_1_188' title='bbox 436 1927 489 1975; x_wconf 89' lang='lat' dir='ltr'>odio</span> <span class='ocrx_word' id='word_1_189' title='bbox 506 1928 595 1974; x_wconf 87' lang='lat' dir='ltr'>mortali</span> <span class='ocrx_word' id='word_1_190' title='bbox 611 1930 746 1991; x_wconf 85' lang='lat' dir='ltr'>persisterat,</span> <span class='ocrx_word' id='word_1_191' title='bbox 762 1930 819 1977; x_wconf 84' lang='lat' dir='ltr'>dixit</span> 
     </span>
     <span class='ocr_line' id='line_1_27' title="bbox 3 1991 818 2057; baseline 0.002 -17"><span class='ocrx_word' id='word_1_192' title='bbox 3 1991 8 1999; x_wconf 64' lang='grc'><strong>”</strong></span> <span class='ocrx_word' id='word_1_193' title='bbox 102 1994 178 2042; x_wconf 87' lang='lat' dir='ltr'>beatus</span> <span class='ocrx_word' id='word_1_194' title='bbox 205 1995 369 2041; x_wconf 86' lang='lat' dir='ltr'>Francischus:</span> <span class='ocrx_word' id='word_1_195' title='bbox 402 1995 486 2052; x_wconf 85' lang='lat' dir='ltr'>Frater,</span> <span class='ocrx_word' id='word_1_196' title='bbox 513 1994 628 2057; x_wconf 84' lang='lat' dir='ltr'>indulgeas</span> <span class='ocrx_word' id='word_1_197' title='bbox 654 1996 748 2042; x_wconf 90' lang='lat' dir='ltr'>domino</span> <span class='ocrx_word' id='word_1_198' title='bbox 777 2006 818 2042; x_wconf 92' lang='lat' dir='ltr'>tuo</span> 
     </span>
     <span class='ocr_line' id='line_1_28' title="bbox 69 2058 911 2122; baseline 0.01 -18"><span class='ocrx_word' id='word_1_199' title='bbox 69 2076 128 2105; x_wconf 86' lang='lat' dir='ltr'>more</span> <span class='ocrx_word' id='word_1_200' title='bbox 143 2061 187 2115; x_wconf 89' lang='lat' dir='ltr'>dei,</span> <span class='ocrx_word' id='word_1_201' title='bbox 203 2070 229 2105; x_wconf 92' lang='lat' dir='ltr'>ut</span> <span class='ocrx_word' id='word_1_202' title='bbox 245 2058 323 2105; x_wconf 91' lang='lat' dir='ltr'>liberes</span> <span class='ocrx_word' id='word_1_203' title='bbox 344 2058 441 2103; x_wconf 87' lang='lat' dir='ltr'>animam</span> <span class='ocrx_word' id='word_1_204' title='bbox 462 2068 524 2104; x_wconf 92' lang='lat' dir='ltr'>tuam</span> <span class='ocrx_word' id='word_1_205' title='bbox 540 2069 563 2104; x_wconf 90' lang='lat' dir='ltr'>et</span> <span class='ocrx_word' id='word_1_206' title='bbox 582 2075 627 2103; x_wconf 89' lang='lat' dir='ltr'>esse</span> <span class='ocrx_word' id='word_1_207' title='bbox 649 2061 740 2121; x_wconf 76' lang='lat' dir='ltr'>poterit,</span> <span class='ocrx_word' id='word_1_208' title='bbox 757 2061 911 2122; x_wconf 82' lang='lat' dir='ltr'>quodFol.16&#39;⁰</span> 
     </span>
     <span class='ocr_line' id='line_1_29' title="bbox 79 2122 819 2185; baseline 0.004 -17"><span class='ocrx_word' id='word_1_209' title='bbox 79 2139 101 2169; x_wconf 90' lang='lat' dir='ltr'>se</span> <span class='ocrx_word' id='word_1_210' title='bbox 117 2124 189 2170; x_wconf 86' lang='lat' dir='ltr'>ablata</span> <span class='ocrx_word' id='word_1_211' title='bbox 204 2124 245 2169; x_wconf 90' lang='lat' dir='ltr'>tibi</span> <span class='ocrx_word' id='word_1_212' title='bbox 259 2124 370 2169; x_wconf 89' lang='lat' dir='ltr'>restituet.</span> <span class='ocrx_word' id='word_1_213' title='bbox 405 2122 443 2168; x_wconf 88' lang='lat' dir='ltr'>Sin</span> <span class='ocrx_word' id='word_1_214' title='bbox 454 2132 536 2180; x_wconf 81' lang='lat' dir='ltr'>autem,</span> <span class='ocrx_word' id='word_1_215' title='bbox 547 2139 581 2168; x_wconf 91' lang='lat' dir='ltr'>res</span> <span class='ocrx_word' id='word_1_216' title='bbox 596 2133 645 2168; x_wconf 90' lang='lat' dir='ltr'>tuas</span> <span class='ocrx_word' id='word_1_217' title='bbox 661 2124 780 2185; x_wconf 90' lang='lat' dir='ltr'>perdidisti</span> <span class='ocrx_word' id='word_1_218' title='bbox 797 2135 819 2171; x_wconf 91' lang='lat' dir='ltr'>et</span> 
     </span>
     <span class='ocr_line' id='line_1_30' title="bbox 83 2187 818 2252; baseline 0.003 -18"><span class='ocrx_word' id='word_1_219' title='bbox 83 2188 150 2235; x_wconf 90' lang='lat' dir='ltr'>imam</span> <span class='ocrx_word' id='word_1_220' title='bbox 158 2189 244 2252; x_wconf 89' lang='lat' dir='ltr'>perdes.</span> <span class='ocrx_word' id='word_1_221' title='bbox 278 2189 309 2235; x_wconf 90' lang='lat' dir='ltr'>Et</span> <span class='ocrx_word' id='word_1_222' title='bbox 320 2187 369 2234; x_wconf 87' lang='lat' dir='ltr'>ille:</span> <span class='ocrx_word' id='word_1_223' title='bbox 380 2188 434 2234; x_wconf 90' lang='lat' dir='ltr'>Non</span> <span class='ocrx_word' id='word_1_224' title='bbox 443 2205 541 2248; x_wconf 91' lang='lat' dir='ltr'>possum,</span> <span class='ocrx_word' id='word_1_225' title='bbox 550 2188 588 2244; x_wconf 85' lang='lat' dir='ltr'>ait,</span> <span class='ocrx_word' id='word_1_226' title='bbox 597 2187 686 2249; x_wconf 90' lang='lat' dir='ltr'>penitus</span> <span class='ocrx_word' id='word_1_227' title='bbox 694 2189 818 2252; x_wconf 83' lang='lat' dir='ltr'>indulgere,</span> 
     </span>
     <span class='ocr_line' id='line_1_31' title="bbox 81 2252 819 2316; baseline 0.005 -18"><span class='ocrx_word' id='word_1_228' title='bbox 81 2254 98 2298; x_wconf 87' lang='lat' dir='ltr'>si</span> <span class='ocrx_word' id='word_1_229' title='bbox 109 2255 170 2315; x_wconf 90' lang='lat' dir='ltr'>prius</span> <span class='ocrx_word' id='word_1_230' title='bbox 178 2254 257 2300; x_wconf 87' lang='lat' dir='ltr'>reddat</span> <span class='ocrx_word' id='word_1_231' title='bbox 268 2253 305 2299; x_wconf 91' lang='lat' dir='ltr'>ille</span> <span class='ocrx_word' id='word_1_232' title='bbox 316 2254 377 2316; x_wconf 91' lang='lat' dir='ltr'>quod</span> <span class='ocrx_word' id='word_1_233' title='bbox 389 2252 486 2301; x_wconf 87' lang='lat' dir='ltr'>abstulit.</span> <span class='ocrx_word' id='word_1_234' title='bbox 520 2253 600 2299; x_wconf 89' lang='lat' dir='ltr'>Beatus</span> <span class='ocrx_word' id='word_1_235' title='bbox 611 2254 756 2302; x_wconf 88' lang='lat' dir='ltr'>Francischus</span> <span class='ocrx_word' id='word_1_236' title='bbox 767 2270 819 2303; x_wconf 85' lang='lat' dir='ltr'>cum</span> 
     </span>
     <span class='ocr_line' id='line_1_32' title="bbox 72 2316 818 2380; baseline 0.004 -18"><span class='ocrx_word' id='word_1_237' title='bbox 72 2316 144 2364; x_wconf 90' lang='lat' dir='ltr'>aberet</span> <span class='ocrx_word' id='word_1_238' title='bbox 162 2319 281 2380; x_wconf 90' lang='lat' dir='ltr'>quemdam</span> <span class='ocrx_word' id='word_1_239' title='bbox 301 2318 433 2363; x_wconf 88' lang='lat' dir='ltr'>mantellum</span> <span class='ocrx_word' id='word_1_240' title='bbox 452 2317 480 2362; x_wconf 89' lang='lat' dir='ltr'>ad</span> <span class='ocrx_word' id='word_1_241' title='bbox 502 2317 599 2371; x_wconf 84' lang='lat' dir='ltr'>dorsum,</span> <span class='ocrx_word' id='word_1_242' title='bbox 619 2318 675 2362; x_wconf 89' lang='lat' dir='ltr'>dixit</span> <span class='ocrx_word' id='word_1_243' title='bbox 694 2320 731 2364; x_wconf 93' lang='lat' dir='ltr'>ei:</span> <span class='ocrx_word' id='word_1_244' title='bbox 759 2320 818 2365; x_wconf 89' lang='lat' dir='ltr'>Ecce</span> 
     </span>
     <span class='ocr_line' id='line_1_33' title="bbox 73 2381 819 2443; baseline 0.004 -17"><span class='ocrx_word' id='word_1_245' title='bbox 73 2398 86 2426; x_wconf 93' lang='lat' dir='ltr'>o</span> <span class='ocrx_word' id='word_1_246' title='bbox 102 2382 143 2426; x_wconf 93' lang='lat' dir='ltr'>tibi</span> <span class='ocrx_word' id='word_1_247' title='bbox 158 2384 290 2428; x_wconf 89' lang='lat' dir='ltr'>mantellum</span> <span class='ocrx_word' id='word_1_248' title='bbox 306 2382 393 2435; x_wconf 89' lang='lat' dir='ltr'>istum;</span> <span class='ocrx_word' id='word_1_249' title='bbox 410 2396 542 2442; x_wconf 86' lang='lat' dir='ltr'>precorque,</span> <span class='ocrx_word' id='word_1_250' title='bbox 553 2392 579 2426; x_wconf 91' lang='lat' dir='ltr'>ut</span> <span class='ocrx_word' id='word_1_251' title='bbox 595 2381 710 2443; x_wconf 83' lang='lat' dir='ltr'>indulgeas</span> <span class='ocrx_word' id='word_1_252' title='bbox 726 2383 819 2429; x_wconf 89' lang='lat' dir='ltr'>domino</span> 
     </span>
     <span class='ocr_line' id='line_1_34' title="bbox 73 2443 820 2509; baseline 0.008 -20"><span class='ocrx_word' id='word_1_253' title='bbox 73 2460 99 2489; x_wconf 90' lang='lat' dir='ltr'>eo</span> <span class='ocrx_word' id='word_1_254' title='bbox 115 2462 189 2492; x_wconf 89' lang='lat' dir='ltr'>amore</span> <span class='ocrx_word' id='word_1_255' title='bbox 202 2445 288 2492; x_wconf 88' lang='lat' dir='ltr'>domini</span> <span class='ocrx_word' id='word_1_256' title='bbox 305 2444 347 2491; x_wconf 89' lang='lat' dir='ltr'>dei.</span> <span class='ocrx_word' id='word_1_257' title='bbox 380 2443 515 2490; x_wconf 88' lang='lat' dir='ltr'>Dulcoratus</span> <span class='ocrx_word' id='word_1_258' title='bbox 531 2443 568 2489; x_wconf 91' lang='lat' dir='ltr'>ille</span> <span class='ocrx_word' id='word_1_259' title='bbox 584 2461 608 2490; x_wconf 88' lang='lat' dir='ltr'>ac</span> <span class='ocrx_word' id='word_1_260' title='bbox 620 2443 726 2492; x_wconf 89' lang='lat' dir='ltr'>beneficio</span> <span class='ocrx_word' id='word_1_261' title='bbox 736 2462 820 2509; x_wconf 89' lang='lat' dir='ltr'>provo-</span> 
     </span>
     <span class='ocr_line' id='line_1_35' title="bbox 90 2509 565 2573; baseline 0.002 -17"><span class='ocrx_word' id='word_1_262' title='bbox 90 2526 124 2567; x_wconf 85' lang='lat' dir='ltr'>us,</span> <span class='ocrx_word' id='word_1_263' title='bbox 141 2528 234 2558; x_wconf 91' lang='lat' dir='ltr'>munere</span> <span class='ocrx_word' id='word_1_264' title='bbox 250 2521 349 2573; x_wconf 86' lang='lat' dir='ltr'>sumpto,</span> <span class='ocrx_word' id='word_1_265' title='bbox 366 2510 451 2555; x_wconf 87' lang='lat' dir='ltr'>remisit</span> <span class='ocrx_word' id='word_1_266' title='bbox 467 2509 565 2557; x_wconf 89' lang='lat' dir='ltr'>iniurias.</span> 
     </span>
    </p>
   </div>
   <div class='ocr_carea' id='block_1_7' title="bbox 141 2637 923 2695">
    <p class='ocr_par' dir='ltr' id='par_1_7' title="bbox 141 2637 923 2695">
     <span class='ocr_line' id='line_1_36' title="bbox 141 2637 923 2695; baseline -0.01 -12"><span class='ocrx_word' id='word_1_267' title='bbox 141 2640 261 2691; x_wconf 86' lang='lat' dir='ltr'>Quomodo</span> <span class='ocrx_word' id='word_1_268' title='bbox 270 2639 362 2691; x_wconf 83' lang='lat' dir='ltr'>gadiam</span> <span class='ocrx_word' id='word_1_269' title='bbox 371 2639 448 2681; x_wconf 87' lang='lat' dir='ltr'>tunice</span> <span class='ocrx_word' id='word_1_270' title='bbox 457 2637 547 2681; x_wconf 87' lang='lat' dir='ltr'>cuidam</span> <span class='ocrx_word' id='word_1_271' title='bbox 556 2637 649 2689; x_wconf 79' lang='lat' dir='ltr'>pauperi</span> <span class='ocrx_word' id='word_1_272' title='bbox 658 2637 727 2681; x_wconf 87' lang='lat' dir='ltr'>dedit.</span> <span class='ocrx_word' id='word_1_273' title='bbox 826 2652 923 2695; x_wconf 64' lang='lat' dir='ltr'>[amq]</span> 
     </span>
    </p>
   </div>
   <div class='ocr_carea' id='block_1_8' title="bbox 72 2724 820 2884">
    <p class='ocr_par' dir='ltr' id='par_1_8' title="bbox 72 2724 820 2884">
     <span class='ocr_line' id='line_1_37' title="bbox 103 2724 820 2821; baseline 0 -17"><span class='ocrx_word' id='word_1_274' title='bbox 103 2724 201 2812; x_wconf 65' lang='lat' dir='ltr'>Semel</span> <span class='ocrx_word' id='word_1_275' title='bbox 220 2757 338 2820; x_wconf 90' lang='lat' dir='ltr'>aliquando</span> <span class='ocrx_word' id='word_1_276' title='bbox 358 2771 408 2801; x_wconf 90' lang='lat' dir='ltr'>cum</span> <span class='ocrx_word' id='word_1_277' title='bbox 428 2772 440 2800; x_wconf 90' lang='lat' dir='ltr'>a</span> <span class='ocrx_word' id='word_1_278' title='bbox 457 2771 553 2817; x_wconf 86' lang='lat' dir='ltr'>paupere</span> <span class='ocrx_word' id='word_1_279' title='bbox 571 2764 689 2817; x_wconf 89' lang='lat' dir='ltr'>peteretur,</span> <span class='ocrx_word' id='word_1_280' title='bbox 708 2757 820 2821; x_wconf 90' lang='lat' dir='ltr'>nichilque</span> 
     </span>
     <span class='ocr_line' id='line_1_38' title="bbox 72 2817 819 2884; baseline 0.007 -21"><span class='ocrx_word' id='word_1_281' title='bbox 72 2817 145 2866; x_wconf 86' lang='lat' dir='ltr'>aberet</span> <span class='ocrx_word' id='word_1_282' title='bbox 155 2824 178 2867; x_wconf 92' lang='lat' dir='ltr'>in</span> <span class='ocrx_word' id='word_1_283' title='bbox 190 2822 298 2879; x_wconf 80' lang='lat' dir='ltr'>manibus,</span> <span class='ocrx_word' id='word_1_284' title='bbox 310 2820 398 2884; x_wconf 83' lang='lat' dir='ltr'>gaidam</span> <span class='ocrx_word' id='word_1_285' title='bbox 409 2821 499 2882; x_wconf 90' lang='lat' dir='ltr'>proprie</span> <span class='ocrx_word' id='word_1_286' title='bbox 512 2821 587 2867; x_wconf 87' lang='lat' dir='ltr'>tunice</span> <span class='ocrx_word' id='word_1_287' title='bbox 603 2819 683 2867; x_wconf 89' lang='lat' dir='ltr'>dissuit</span> <span class='ocrx_word' id='word_1_288' title='bbox 695 2832 718 2867; x_wconf 90' lang='lat' dir='ltr'>et</span> <span class='ocrx_word' id='word_1_289' title='bbox 729 2824 819 2883; x_wconf 90' lang='lat' dir='ltr'>pauperi</span> 
     </span>
    </p>
   </div>
   <div class='ocr_carea' id='block_1_9' title="bbox 0 0 972 3169">
    <p class='ocr_par' dir='ltr' id='par_1_9' title="bbox 0 0 972 3169">
     <span class='ocr_line' id='line_1_39' title="bbox 0 0 972 3169; baseline 0 0"><span class='ocrx_word' id='word_1_290' title='bbox 0 0 972 3169; x_wconf 95' lang='lat' dir='ltr'> </span> 
     </span>
    </p>
   </div>
  </div>
 </body>
</html>
