1919 3169
78 84 109 126 44
291 64 452 112 receuoir
470 64 629 115 onacoau

78 160 220 222 Impossibile
242 176 339 221 namque
360 158 416 215 fore,
433 158 510 216 aiebat,
527 158 652 205 satisfacere
674 158 798 204 necessitati
820 168 843 203 et

79 225 204 287 voluptati⁵
222 241 269 269 non
286 223 383 269 obedire.

376 338 547 369 ABSTINENTIA.

129 407 200 456 Cocta
211 406 291 453 cibaria
301 406 346 465 vix,
358 416 396 452 aut
408 407 519 453 rarissime
532 406 671 466 admittebat,
683 407 779 453 admissa
789 423 844 453 vero

80 488 131 533 sepe
150 482 189 518 aut
210 471 341 517 conficiebat
362 470 443 530 cinere,
461 482 500 520 aut
516 472 653 518 condimenti
670 487 772 534 saporem
788 487 844 535 aqua

81 535 165 599 frigida
180 534 341 597 extinguebat.6

128 599 267 664 Oquotiens
283 608 337 662 per⁷
354 600 480 646 mundum⁷
491 598 622 647 ambulans⁷
638 599 666 646 ad
682 599 844 662 predicandum

80 665 222 726 evangelium
235 664 280 721 dei,
291 674 383 711 vocatus
399 665 427 710 ad
444 665 572 725 prandium,
583 682 596 710 a
607 665 694 726 magnis
705 663 844 726 principibus

81 729 120 792 qui
141 745 193 775 eum
218 727 278 774 miro
305 727 467 774 venerabantur
494 728 581 783 affectu,
604 729 698 791 gustatis
724 744 845 790 parumper

81 792 197 839 carnibus⁸
213 801 305 856 propter
321 792 486 839 observantiam
503 793 572 839 sancti
589 792 707 855 evangelii,
725 792 845 855 reliquum,

82 856 143 919 quod
165 855 283 903 comedere
305 854 424 903 videbatur
446 856 582 919 reponebat⁹
603 857 626 902 in
648 857 706 913 sinu,
724 873 793 903 manu
809 856 843 901 ori

81 921 185 979 adducta,
197 937 225 967 ne
236 920 288 983 quis
298 929 374 982 posset
385 921 525 983 perpendere
541 921 606 984 quod
623 920 708 985 agebat.
741 922 776 967 De
789 930 845 984 potu

81 985 129 1033 vini
148 986 204 1050 quid
221 985 302 1043 dicam,
321 1001 372 1033 cum
390 1001 430 1033 nec
449 986 519 1049 ipsam
539 1002 619 1049 aquam
641 986 752 1036 desiderio
774 985 823 1034 sitis
830 994 845 1012 ¹⁰

82 1060 171 1098 estuans
182 1052 210 1098 ad
221 1050 378 1097 sufficientiam
389 1049 463 1097 bibere
474 1061 587 1112 pateretur
599 1051 607 1098 ?

350 1160 458 1192 SOMPNUS
474 1161 578 1192 SOBRIUSr

129 1226 267 1272 Accubitum
285 1242 338 1272 vero
356 1242 423 1273 suurn
439 1226 521 1288 ubique
539 1237 640 1288 receptus
662 1228 761 1289 hospitio
779 1227 847 1273 nullis

82 1291 168 1337 sinebat
184 1290 320 1349 stramentiS,
331 1306 371 1336 seu
379 1298 402 1319 ¹¹>
411 1290 509 1339 vestibus
524 1291 615 1353 operiri,
627 1291 666 1337 sed
683 1292 743 1339 nuda
756 1291 846 1348 humus,

81 1355 183 1402 'tunicula
193 1355 332 1417 interposita,
344 1355 404 1401 nuda
420 1355 553 1416 suscipiebat
564 1355 671 1405 membra.
706 1357 765 1402 Cum
777 1373 847 1419 quan-

82 1421 158 1483 doque
169 1418 329 1482 corpusculum
340 1436 407 1464 suum
418 1420 507 1481 sompni
515 1419 622 1466 beneficio
629 1430 762 1480 recrearet,¹²
772 1422 847 1482 sepius

82 1485 169 1543 sedens,
177 1501 217 1530 nec
228 1483 291 1529 aliter
299 1500 322 1529 se
330 1484 452 1546 deponens,
461 1483 606 1543 dormitabat,
613 1501 654 1547 pro
665 1484 765 1533 cervicali
776 1484 846 1548 ligno,

83 1550 119 1595 vel
131 1549 205 1612 lapide
216 1558 289 1594 utens.

280 1653 412 1683 PERFECTUS
431 1654 466 1683 SUI
487 1654 655 1684 CONTEMPTUS.

133 1714 193 1758 Cum
217 1713 351 1757 comedendi
378 1712 464 1774 aliquid
484 1714 634 1769 suscitaretur,
643 1723 659 1745 ¹³
677 1725 703 1759 ut
720 1715 789 1759 moris
806 1725 848 1770 est,

85 1777 203 1838 appetitus,
226 1776 263 1820 vix
284 1774 438 1838 acquiescebat
459 1774 516 1821 illud
537 1776 685 1836 postmodum
707 1778 847 1823 manducare⁴

85 1840 176 1887 Accidit
198 1856 296 1902 namque
317 1838 414 1902 quadam
441 1838 497 1897 vice,
520 1856 571 1885 cum
594 1840 723 1887 infirmitate
744 1851 849 1904 gravatus

86 1905 251 1969 aliquantulum
273 1903 389 1966 pullorum
416 1904 538 1950 carnium¹⁴
565 1905 707 1965 comedisset,
729 1906 849 1967 resumptis

86 1980 210 2031 utcumque
236 1968 336 2028 corporis
363 1968 456 2025 viribus,
489 1969 592 2014 introivit
624 1970 694 2015 assisii
726 1970 848 2016 civitatem.

87 2033 192 2096 Cumque
213 2031 351 2095 pervenisset
367 2032 395 2077 ad
412 2042 500 2093 portam
519 2032 630 2091 civitatis,
640 2032 738 2096 precepit
759 2034 849 2080 cuidam

87 2098 150 2145 fratri
161 2098 201 2160 qui
213 2112 265 2143 cum
276 2111 303 2142 eo
314 2106 369 2154 erat,
381 2105 407 2142 ut
418 2095 496 2142 funem
508 2096 566 2143 collo
573 2097 620 2143 eius
631 2098 724 2160 ligaret;
736 2107 758 2145 et
767 2106 781 2131 ¹⁵
794 2100 825 2145 sic
832 2106 849 2130 ¹⁵

88 2179 141 2210 eum
162 2178 203 2225 per
220 2170 292 2208 totam
314 2161 428 2207 civitatem
450 2162 547 2208 traheret
569 2162 632 2225 quasi
654 2163 772 2222 latronem,
794 2180 849 2211 voce

87 2228 188 2290 preconis
208 2226 304 2273 clamans
326 2236 348 2272 et
364 2225 457 2272 dicens:
490 2226 549 2273 Ecce
570 2228 687 2289 glutonem
706 2227 789 2287 videte,
809 2229 849 2291 qui

87 2292 242 2352 impinguatus
266 2299 300 2334 est
318 2289 420 2334 carnibus
438 2290 579 2350 gallinarum,
599 2307 661 2352 quas,
684 2291 749 2337 vobis
772 2293 851 2353 ignor-

87 2353 184 2410 antibus,
196 2352 346 2399 manducavit.
379 2351 532 2399 Accurrebant
548 2353 644 2416 proinde
660 2354 727 2400 multi
743 2355 770 2401 ad
781 2366 828 2401 tam
836 2355 851 2381 ¹⁶

88 2420 169 2482 ingens
176 2419 191 2446 ¹⁶
201 2416 352 2482 spectaculum
369 2427 392 2463 et
405 2417 547 2480 ingeminatis
564 2419 665 2481 suspiriis
676 2418 851 2468 collacrimantes

88 2483 192 2531 aiebant:
225 2482 272 2528 Vae
288 2481 353 2529 nobis
364 2482 457 2540 miseris,
474 2499 572 2545 quorum
588 2484 635 2530 vita
651 2494 699 2530 tota
714 2495 816 2532 versatur
827 2486 851 2531 in

126 2586 135 2613 5
149 2586 188 2622 Ox.
197 2582 291 2621 voluntate.
420 2581 428 2605 ⁶
442 2583 466 2620 E.
476 2584 510 2621 and
519 2583 547 2621 M.
557 2596 682 2623 nusrrurnrrn.

128 2637 136 2664 ⁷
149 2637 182 2673 Os.
191 2634 273 2672 mundum
283 2633 406 2683 perambulans.
534 2634 543 2658 ⁸
556 2637 588 2673 Os.
598 2637 680 2674 carnium.

126 2692 135 2717 9
148 2686 184 2732 H.‚
193 2688 226 2724 Os.
235 2686 269 2723 and
279 2688 317 2723 Ox.
327 2686 429 2736 deponebat.
515 2691 530 2709 ¹⁰
544 2689 577 2725 Os.
586 2689 620 2724 siti.
716 2692 730 2710 ¹¹
745 2691 777 2726 Os.
787 2689 820 2727 vel.

128 2743 143 2763 ¹²
157 2740 180 2779 E.
191 2744 289 2777 attractus
299 2752 325 2777 sur
335 2750 459 2776 corranrrus.
569 2743 583 2769 ¹³
596 2742 629 2778 Os.
639 2740 672 2780 and
682 2740 713 2779 W.
722 2743 816 2780 suscitaret.

128 2796 143 2822 14
157 2794 189 2830 Os.
199 2792 256 2829 omits.
360 2793 374 2818 ¹⁵
388 2789 416 2828 H.
426 2791 490 2840 sicque.
594 2791 609 2814 ¹⁶
623 2794 655 2829 Os.
665 2802 737 2831 tantum.
784 2819 786 2824 ν
