1919 3169
117 107 161 140 100
299 92 500 142 TRACTATUS
518 92 694 140 SECUNDUS

115 191 263 237 continerent.
289 190 363 253 Opere
370 191 449 237 docuit
456 190 511 248 illas,
518 207 541 236 se
547 190 644 253 cinerem
650 198 760 253 reputare,
769 189 882 254 nichilque

114 256 178 301 cordi
194 255 242 301 eius
259 255 320 301 aliud
334 256 487 316 approximare
503 255 531 301 de
548 256 608 316 ipsis,
625 256 668 302 nisi
684 256 725 301 hac
741 257 882 318 reputatione

115 318 262 382 condignum.
295 317 348 364 Hec
358 328 405 364 erat
416 320 555 365 conversatio
565 319 613 365 eius
626 335 679 365 cum
689 320 779 364 feminis
794 320 883 376 sanctis,

115 384 157 430 hec
173 384 272 430 visitatio
293 383 382 430 illarum
400 383 510 445 perutilis,
533 393 607 430 coacta
628 393 705 430 tamen
723 393 746 430 et
767 399 823 439 rara,
842 384 883 429 hec

115 447 221 496 voluntas
232 448 280 493 eius
290 463 331 510 pro
342 446 451 494 fratribus
462 447 574 505 omnibus,
586 463 644 510 quos
655 449 686 493 eis
696 450 727 493 ita
738 464 780 511 pro
791 449 881 505 christo,

93 529 95 534 ’
116 513 153 559 cui
174 512 275 558 serviunt
296 513 379 557 servire
399 512 498 568 uolebat,
521 523 548 559 ut
574 529 662 574 semper
687 512 756 559 velud
781 512 884 558 animalia

116 586 212 638 pennata
228 576 320 638 laqueos
337 592 412 622 coram
429 576 515 639 positos
531 586 682 638 precaverent.

5 731 111 775 ncnxvrj]
157 720 192 761 De
211 721 407 762 commendatione
425 721 505 773 regule
523 720 584 763 beati
602 721 707 763 francisci
726 724 750 763 et
769 720 798 764 de
815 721 884 764 fratre

118 773 157 822 qui
170 783 221 812 eam
234 773 341 822 portabat
354 785 439 816 secum.

167 849 341 940 Qommunem
368 881 529 945 professionem
555 892 578 928 et
605 883 707 946 regulam
734 883 886 930 ardentissime

119 952 233 998 zelabatur
255 958 278 993 ct
299 964 344 1003 eos,
367 949 406 1010 qui
428 949 485 993 circa
507 965 555 993 earn
579 949 664 994 zelotes
687 960 757 1004 crant,
779 948 886 1011 singulari

119 1016 274 1063 benedictione
285 1012 378 1060 dotavit.
413 1012 482 1058 Hanc
498 1013 558 1058 eninr
574 1013 620 1058 suis
637 1012 724 1059 dicebat
736 1013 820 1060 librum
831 1015 885 1070 vite,

119 1082 191 1141 specie
207 1078 291 1132 salutis,
303 1077 425 1122 medullam
440 1077 556 1137 evangelii,
567 1078 628 1122 viam
639 1078 788 1138 perfectionis,
800 1078 885 1123 clavem

119 1145 219 1206 paradisi,
239 1150 331 1205 pactum
347 1139 418 1185 eterni
434 1139 524 1185 federis.
560 1139 628 1186 Hanc
649 1141 740 1188 volebat
761 1141 837 1186 haberi
859 1140 886 1186 ab

119 1209 232 1267 omnibus,
243 1217 265 1253 et
277 1205 361 1268 ubique
372 1206 395 1250 in
406 1204 540 1252 allocutione
550 1204 604 1268 tedij
616 1215 639 1251 ct
652 1206 783 1253 memoriam
799 1206 886 1268 prestiti

119 1274 238 1322 iuramenti
249 1288 302 1319 cum
313 1269 415 1316 interiori
426 1270 516 1315 homine
526 1268 628 1316 fabulari.

167 1338 253 1384 Docuit
276 1350 326 1378 eam
349 1349 437 1394 semper
458 1335 481 1378 in
503 1336 703 1379 commonitionem
730 1336 816 1396 agende
842 1336 888 1381 vite

118 1413 208 1467 portare
218 1419 258 1465 pre
268 1397 346 1456 oculis,
357 1398 466 1462 quodque
482 1396 533 1460 plus
544 1407 585 1453 est,
597 1414 649 1444 cum
662 1398 709 1461 ipsa
721 1399 779 1445 mori
791 1398 886 1447 debere:

119 1469 184 1515 cuius
201 1465 299 1514 instituti
318 1480 364 1509 non
382 1464 502 1509 immemor
520 1463 613 1526 quidam
629 1464 706 1526 laycus
724 1462 799 1522 frater,
818 1481 887 1528 quem

119 1534 177 1579 intra
188 1542 315 1593 martyrum
326 1544 448 1574 numerum
461 1528 572 1574 credimus
588 1544 634 1574 esse
651 1528 778 1586 colendum,
790 1528 887 1590 palmam

119 1607 232 1643 assecutus
253 1602 287 1638 est
308 1593 404 1654 gloriose
426 1592 532 1648 victorie;
555 1608 606 1637 nam
626 1609 678 1639 cum
699 1610 711 1637 a
732 1593 839 1639 saracenis
860 1594 888 1639 ad

119 1662 252 1724 martyrium
279 1666 401 1721 peteretur,
424 1656 518 1702 summis
542 1655 645 1701 manibus
672 1656 774 1720 regulam
802 1666 886 1715 tenens,

118 1727 213 1791 genibus
231 1722 346 1772 humiliter
362 1722 491 1779 incurvatis
508 1721 539 1767 sic
555 1722 614 1768 sotio
631 1722 702 1769 dixit:
721 1723 756 1768 De
774 1720 886 1781 omnibus,

119 1809 164 1854 que
174 1801 252 1837 contra
262 1798 361 1835 sanctam
374 1787 439 1832 istam
452 1787 555 1848 regulam
565 1785 615 1843 feci,
626 1784 695 1833 frater
708 1787 823 1834 karissime
836 1798 887 1835 ante

119 1854 197 1901 oculos
224 1851 343 1899 maiestatis
367 1859 390 1895 et
411 1865 486 1895 coram
509 1860 531 1894 te
553 1850 685 1909 culpabilem
707 1867 743 1897 mc
765 1853 886 1912 proclamo.

120 1921 229 1968 Successit
245 1917 306 1965 brevi
323 1912 432 1963 confessio
448 1912 543 1978 gladius,
554 1930 601 1978 quo
616 1914 710 1961 martirii
722 1915 792 1963 vitam
806 1915 887 1973 finiuit,

119 1987 233 2049 signisque
246 1993 269 2029 et
281 1981 390 2043 prodigiis
406 1981 553 2041 postmodum
570 1979 656 2026 claruit.
690 1980 737 2027 Hic
753 1981 887 2028 iuvenculus

119 2052 240 2096 intraverat
258 2046 360 2093 ordinem
379 2044 441 2099 ade0,
460 2055 486 2089 ut
502 2044 541 2090 vix
557 2054 632 2105 posset
651 2044 761 2090 ieiunium
778 2045 885 2108 regulare,

120 2131 173 2161 curn
183 2123 258 2159 tamen
266 2110 358 2155 loricam
369 2108 397 2152 ad
405 2123 493 2153 carnem
504 2108 535 2153 sic
546 2109 655 2168 puerulus
666 2108 787 2155 deferebat.
822 2109 887 2156 Felix

119 2194 182 2241 puer,
195 2179 235 2240 qui
246 2175 340 2222 feliciter
351 2173 440 2234 incepit,
453 2183 479 2219 ut
490 2171 576 2218 felicius
587 2183 710 2220 consuaret.

4 2337 114 2380 ·CLXV11Jl
179 2331 243 2372 Visio
256 2328 354 2379 quedam
368 2327 397 2369 ad
412 2326 631 2369 commendationem
644 2326 723 2378 regule
736 2326 828 2369 faciens.

167 2414 261 2498 Vidit
282 2442 402 2508 aliquando
423 2452 486 2505 pater
508 2442 659 2488 sanctissimus
680 2443 790 2488 visionem
807 2459 885 2507 quam·

120 2518 172 2563 dam
207 2512 281 2561 celesti
309 2508 399 2556 oraculo
431 2507 512 2555 factam
538 2507 566 2554 ad
596 2507 697 2571 regulam
731 2509 885 2570 pertinentem.

28 2581 241 2642 F01.37'⁰Tempore,
258 2591 305 2638 quo
326 2573 354 2618 de
376 2574 452 2633 regula
471 2573 623 2618 confirmanda
644 2572 710 2618 fiebat
729 2574 787 2619 inter
806 2574 887 2620 fratres

120 2645 217 2700 collatio,
237 2650 314 2687 sancto
333 2637 361 2683 de
377 2636 506 2681 huiusmodi
523 2636 615 2697 negotio
632 2637 775 2682 vehementer
791 2638 887 2684 sollicito

120 2709 173 2758 talia
184 2714 339 2756 monstrantur
354 2702 376 2748 in
388 2702 492 2763 sompnis.
521 2700 646 2748 Videbatur
657 2700 699 2746 sibi
710 2701 738 2746 de
748 2712 808 2747 terra
819 2703 887 2749 micas

120 2791 206 2839 panum
221 2769 376 2820 subtilissimas
387 2767 508 2830 collegisse,
520 2766 643 2829 multisque
659 2766 765 2813 famelicis
781 2765 886 2815 fratribus

121 2844 195 2905 ipsum
220 2833 416 2885 circumstantibus
437 2831 518 2878 debere
543 2830 647 2878 tribuere.
693 2832 797 2896 Cumque
819 2834 887 2880 micas
