1919 3169
261 67 421 116 LEGENDA
437 66 597 129 ANTIQUA
787 83 815 129 29

46 162 141 226 Absque
153 163 223 211 dubio
235 164 387 228 perversitatis
400 174 433 210 est
451 164 542 226 signum
561 174 584 210 et
600 163 723 210 deficientis
739 181 815 211 sensus

47 228 140 275 evidens
156 241 324 293 argumentum,
341 230 419 274 eadem
435 230 478 285 via,
490 228 584 275 eandem
602 246 647 275 non
664 229 744 274 habere
763 245 815 273 cum

47 291 108 339 bono
119 294 201 341 comite
213 294 363 342 voluntatem.

93 457 223 549 Riisdem
242 491 321 540 diebus
343 494 405 539 venit
426 491 527 538 assisium
549 490 640 554 quidam
662 490 743 538 nobilis
759 500 884 555 puerve—JK]

48 558 77 604 de
88 558 143 615 luca,
155 559 234 605 volens
250 557 383 619 religionem
399 557 489 614 intrare,
500 556 547 619 qui,
559 567 723 617 representatus
739 568 816 603 sancto

49 622 191 680 Francisch0‚
204 622 266 668 flexis
278 621 373 682 genibus
385 636 461 682 preces
477 636 528 665 cum
545 620 648 681 lacrymis
664 620 781 678 offerebat,
790 632 816 668 ut

49 703 102 731 eum
124 685 238 748 reciperet.
272 685 366 730 intuens
393 694 468 729 autem
493 684 517 729 in
539 701 590 729 eum
615 685 649 731 vir
673 685 715 740 dei,
742 686 816 731 statim

49 751 156 813 cognovit
180 767 218 812 per
244 750 354 812 spiritum,
379 749 460 812 spiritu
485 748 549 794 illum
575 765 620 793 non
645 750 688 811 agi,
713 750 816 812 dixitque

48 815 97 861 illi:
132 815 205 860 Miser
226 824 293 877 atque
315 814 414 870 carnalis,
436 814 489 876 quia
511 813 603 875 Spiritui
623 825 699 860 sancto
718 826 740 861 et
761 815 816 860 mihi

49 879 139 926 mentiri
161 895 225 939 posse
247 879 356 925 confidis!
397 877 519 924 Carnaliter
538 877 625 939 plangis
646 889 668 923 et
690 895 728 925 cor
750 890 816 925 tuum

49 959 101 987 cum
123 944 174 987 Deo
191 957 237 986 non
260 952 308 996 est,
331 942 394 997 vade,
414 942 501 1003 inquid,
521 942 629 1003 quoniam
640 941 708 986 nichil
725 942 817 1003 spiritu-

49 1006 113 1053 aliter
125 1006 188 1069 sapis.
222 1005 268 1052 His
283 1005 355 1062 dictis,
367 1006 479 1062 nuntiant,
492 1006 519 1052 ad
533 1005 633 1052 hostium
644 1014 701 1053 stare
716 1015 817 1068 parentes

50 1082 167 1134 querentes
183 1070 255 1117 filium
271 1087 355 1133 capere,
375 1080 525 1133 captumque
544 1071 657 1117 reducere.
691 1071 723 1117 Et
742 1071 817 1117 exiens

49 1136 109 1181 foras
144 1136 171 1182 ad
207 1136 257 1181 illos
292 1136 382 1181 tandem
414 1135 542 1182 voluntarie
577 1135 651 1181 rediit.
700 1137 817 1182 Mirantur

50 1201 145 1263 proinde
162 1199 248 1257 fratres,
266 1200 393 1259 dominum,
411 1200 435 1246 in
454 1216 503 1257 suo,
522 1209 597 1245 sancto
614 1200 737 1247 laudantes,

96 1358 240 1454 &empore
267 1406 314 1454 quo
343 1399 432 1437 sanctus
460 1400 522 1452 pater
550 1390 633 1438 iacebat
660 1391 764 1440 infirmus
793 1379 874 1462 inffixl

50 1457 133 1519 palatio
148 1457 245 1518 episcopi
264 1457 360 1512 Reatini,
372 1456 490 1501 canonicus
501 1455 600 1518 quidam,
613 1458 704 1504 nomine
715 1458 827 1516 Gedeon,
855 1453 859 1463 ¹

49 1522 148 1568 lubricus
168 1532 190 1568 et
213 1520 347 1577 mundanus,
370 1520 496 1567 infirmitate
520 1531 634 1583 correptus
656 1533 678 1568 et
700 1523 817 1570 doloribus

867 1426 890 1463 28

51 1587 151 1646 undique
173 1587 341 1644 circumseptus,
358 1586 443 1629 lectulo
465 1584 604 1639 decubabat;
628 1587 668 1647 qui
690 1585 773 1632 faciens
794 1604 818 1633 se

50 1649 133 1696 deferri
144 1658 194 1695 ante
205 1659 306 1695 sanctum
319 1648 477 1694 Francischum
492 1658 558 1708 rogat
568 1665 620 1694 cum
631 1649 741 1711 lacrymis,
753 1659 780 1697 ut
790 1651 818 1697 ab

50 1731 77 1762 eo
97 1715 168 1762 crucis
185 1712 300 1778 signaculo
320 1713 480 1776 consignetur3
506 1713 534 1760 ad
553 1730 621 1777 quem
638 1726 739 1773 sanctus;
756 1715 817 1763 Cum

50 1781 131 1826 vixeris
142 1780 196 1825 olim
212 1779 336 1825 secundum
353 1779 460 1824 desideria
476 1779 548 1824 carnis
564 1795 610 1824 non
626 1781 712 1826 veritus
728 1781 818 1827 iuducia

51 1845 94 1900 dei,
112 1844 229 1907 quomodo
248 1854 270 1889 te
287 1859 351 1889 cruce
367 1842 475 1906 signabo?
508 1843 540 1889 Et
556 1843 647 1890 intulit:
670 1845 722 1908 Ego
738 1857 768 1904 te,
780 1848 817 1903 ait,

52 1911 116 1971 signo
127 1910 150 1952 in
160 1909 250 1952 nomine
259 1909 336 1951 christi
347 1925 352 1961 3
368 1918 395 1951 tu
404 1918 478 1951 tamen
490 1909 552 1961 scito,
560 1919 582 1952 te
589 1909 691 1968 graviora
700 1926 818 1970 passurum

51 1972 68 2017 si
91 1972 118 2017 ad
140 1972 254 2017 vomitum
276 1971 367 2015 redieris
394 1969 507 2017 liberatus.
547 1971 579 2016 Et
606 1970 696 2018 subdit:
723 1973 819 2033 Propter

51 2045 166 2098 peccatum
177 2033 345 2097 ingratitudinis
360 2050 447 2095 semper
463 2034 538 2095 peiora
554 2034 667 2096 prioribus
684 2035 819 2085 inferuntur.

52 2101 122 2162 Signo
143 2101 218 2162 itaque
239 2099 311 2144 crucis
330 2099 353 2143 in
375 2115 427 2144 eum
446 2098 512 2157 facto,
532 2101 608 2145 statim
631 2102 670 2162 qui
692 2112 820 2149 contractus

51 2165 155 2223 iacuerat,
164 2163 260 2210 surrexit
269 2179 334 2209 sanus
343 2172 365 2208 et
373 2163 396 2208 in
404 2161 494 2210 laudern
501 2178 657 2226 prorumpens,
666 2181 715 2227 ego,
724 2167 760 2223 ait,
770 2184 819 2214 sum

52 2230 164 2274 liberatus.
198 2230 348 2272 Insonuerunt
360 2238 435 2272 autern
448 2244 497 2272 ossa
513 2244 593 2273 renum
610 2230 664 2286 eius,
676 2231 819 2277 audientibus

53 2292 138 2348 multis,
158 2291 227 2337 veluti
247 2306 298 2336 cum
317 2306 385 2336 manu
404 2290 467 2352 ligna
486 2292 541 2336 sicca
562 2291 706 2353 franguntur.
741 2295 820 2340 Paucis

52 2367 128 2403 autem
145 2355 267 2418 interlapsis
283 2352 423 2416 temporibus
439 2355 475 2401 dei
492 2354 574 2402 oblitus
587 2373 669 2419 corpus
680 2358 820 2421 impudicitie

52 2422 143 2470 reddit:
161 2422 201 2484 qui
213 2438 265 2468 cum
276 2437 325 2467 sero
336 2420 436 2481 quodam
448 2431 535 2467 cenaret
550 2422 573 2468 in
584 2422 653 2468 domo
664 2424 755 2471 alterius
767 2442 821 2471 con-

53 2487 152 2532 canonici
172 2487 214 2541 sui,
234 2495 346 2545 nocteque
364 2485 402 2528 illa
421 2485 529 2530 dormiret
548 2485 638 2542 ibidem,
658 2488 732 2532 subito
754 2506 820 2550 super

53 2565 131 2595 omnes
151 2548 236 2595 corruit
257 2558 341 2594 tectum
361 2547 459 2605 domus;
484 2548 561 2595 ceteris
580 2559 655 2595 autern
674 2552 821 2599 evadentibus

54 2624 157 2671 mortem,
169 2615 230 2660 solus
241 2614 307 2660 miser
319 2613 455 2674 interceptus
466 2624 534 2677 atque
547 2614 695 2676 interemptus
706 2627 746 2663 est.
772 2618 820 2665 Nec

54 2681 144 2743 mirum,
157 2679 180 2735 si,
194 2690 219 2725 ut
230 2688 319 2725 sanctus
330 2677 394 2734 dixit,
404 2687 479 2724 secuta
491 2688 544 2725 sunt
553 2696 606 2726 eum
615 2680 690 2742 peiora
701 2682 820 2743 prioribus,

54 2761 107 2789 cum
119 2744 147 2789 de
158 2753 247 2804 accepta
254 2744 320 2789 venia
327 2752 416 2803 gratum
425 2760 472 2788 esse
479 2754 584 2804 oporteat
592 2754 615 2788 et
625 2745 696 2805 duplo
707 2746 821 2808 displiceat

54 2806 139 2852 facinus
150 2807 261 2852 iteratum.
