1919 3169
75 82 76 85 ¹
144 130 186 176 132
331 116 530 166 tracturus
547 118 722 167 sncuuuus

142 215 182 279 qui
195 215 219 260 in
230 213 276 260 alto
292 214 398 272 iacuerat,
409 225 486 277 stupet
502 233 548 262 esse
559 213 645 263 factum
662 218 724 281 quod
735 217 784 263 fieri
794 232 840 261 non
857 231 908 277 per-

142 290 235 341 ceperat.
256 279 326 325 Mox
348 296 422 325 coram
448 281 552 327 omnibus
579 282 724 344 penitentiam
751 297 774 326 se
795 278 908 326 facturum

142 345 274 406 promittit3
291 354 337 390 eta
353 344 446 392 domino
457 362 498 392 suo
515 358 602 409 recepta
617 345 713 405 licentia,
725 343 908 408 peregrinationis

133 410 185 455 >iter
206 409 306 470 arripuit.
340 410 455 456 Dominus
473 428 527 458 vero
549 411 653 474 pulcrum
674 410 814 458 sacerdotale
842 409 909 455 vesti-

143 484 245 520 mentum
264 472 372 521 fratr'rbus
394 474 417 521 in
435 486 508 522 castro
527 492 569 523 suo
588 475 728 523 morantibus
751 486 812 522 extra
830 474 909 520 urbem

143 538 276 584 transmittit
294 538 323 583 ob
342 540 411 584 sancti
430 542 579 586 reverentiam
601 551 623 586 et
645 542 761 587 honorem.
796 541 909 601 Magnum

143 602 302 665 hospitalitatis
323 602 429 649 meritum
453 605 566 667 Scripture
588 604 710 668 predicant,
732 603 835 665 exemplo
857 618 910 648 con-

144 668 242 715 firmant.
276 668 397 730 Receperat
418 670 478 716 enim
498 670 597 733 hospitio
616 671 730 733 predictus
749 670 855 717 dominus
874 667 911 714 illa

145 743 209 779 nocte
220 733 300 779 fratres
316 733 415 791 minores
426 734 483 780 duos
500 735 529 780 ob
540 736 689 782 reverentiam
705 735 776 781 sancti
792 735 811 780 F
812 733 910 789 remissi,

146 798 185 861 qui
196 798 263 844 etiam
275 815 327 844 cum
338 797 430 860 reliquis
442 800 469 845 ad
481 815 556 846 casum
565 800 658 862 predicti
667 798 746 846 famuli
756 808 909 846 cucurrerunt.

196 863 223 910 ln
246 872 317 908 castro
341 862 433 924 Pophis‚
457 864 519 926 quod
541 865 564 909 in
592 865 715 927 Campania
741 864 849 926 positum>
869 872 909 917 est,

146 926 250 973 sacerdos
268 925 367 990 quidam,
380 927 481 973 Thomas
499 929 598 983 nomine,
616 930 643 974 ad
659 929 808 990 reparandum
825 926 910 973 molen·
959 967 960 985 ,

146 991 227 1038 diuum
243 992 332 1038 ecclesie
347 1007 386 1038 sue
402 993 493 1039 accessit
507 1010 559 1040 cum
574 993 683 1057 pluribus.
709 992 762 1046 ,Sub
781 990 911 1038 molendino
959 989 960 1016 ³

146 1067 221 1101 autem
237 1072 320 1118 gurges
336 1068 383 1101 erat
398 1057 534 1117 profundus,
548 1069 570 1104 et
586 1059 666 1103 canalis
677 1059 806 1119 prominens
822 1057 912 1118 copioso

146 1120 260 1166 meabatur
268 1119 363 1167 influxu.
398 1121 458 1169 Cum
467 1122 537 1184 igitur
545 1123 648 1168 sacerdos
654 1122 756 1168 incautus
767 1120 912 1167 deambulans

147 1202 210 1232 secus
235 1195 333 1233 extrema
361 1185 448 1244 canalis,
471 1185 548 1235 subito
575 1204 626 1235 casu
647 1186 730 1235 decidit
757 1187 780 1232 in
807 1185 911 1233 canalem,

147 1251 251 1314 Moxque
272 1251 360 1312 impetu
382 1251 445 1297 celeri
473 1253 578 1298 cavillose
605 1252 667 1316 ligno
694 1252 827 1308 retruditur,
851 1252 913 1297 cuius

147 1315 248 1377 impulsu
263 1316 363 1360 volvitur
380 1316 544 1362 molendinum.
578 1317 702 1364 Consertus
714 1317 797 1362 iacebat
808 1316 831 1360 in
842 1315 912 1377 ligno,

148 1395 194 1426 non
215 1379 290 1427 valens
312 1380 450 1442 aliquatenus
472 1396 495 1426 se
517 1397 614 1427 movere.
648 1382 720 1443 Super
742 1397 767 1426 os
785 1379 841 1437 eius,
861 1380 913 1443 quia

108 1504 109 1507 Ἰ
148 1446 257 1507 suppinus
277 1455 329 1500 erat,
349 1462 457 1509 aquarum
472 1445 571 1509 impetus
588 1445 703 1502 influebat,
720 1462 766 1508 quo
783 1455 806 1490 et
822 1445 913 1491 auditus

148 1508 302 1556 miserabiliter
321 1508 490 1557 obtundebatur
510 1521 532 1556 et
552 1511 634 1558 visus
655 1511 702 1558 Cor
719 1521 807 1557 tantum
823 1509 851 1565 ei,
867 1526 913 1555 non

148 1575 226 1636 lingua
247 1585 390 1632 remanserat,
410 1591 456 1637 quo
476 1585 576 1620 sanctum
597 1577 739 1620 Franciscum
759 1573 862 1619 flebiliter
880 1575 914 1619 in-

148 1638 247 1686 vocabat.
282 1638 326 1684 Per
337 1653 445 1702 magnum
454 1638 551 1700 spatium
564 1639 594 1686 sic
605 1639 644 1685 illo
653 1639 736 1685 iacente
745 1655 769 1685 ae
780 1638 915 1684 recurrenti-

149 1703 191 1750 bus
209 1703 273 1750 sotiis
292 1703 319 1750 de
339 1705 386 1750 vita
403 1705 451 1751 eius
466 1705 509 1751 ianr
529 1704 618 1767 penitus
635 1703 772 1767 desperatis:
790 1703 912 1759 Violenter,

149 1770 230 1832 inquid
238 1767 914 1830 molendinarius,revolvamusincontrariummolendinum,

150 1841 177 1878 ut
196 1834 256 1878 sica
275 1848 297 1877 se
317 1833 410 1879 cadaver
428 1834 532 1879 excutiat.
566 1833 701 1879 Obnitentes
717 1834 787 1894 igitur
803 1833 916 1878 contrario

58 1900 99 1938 Fol·
109 1897 234 1950 53¹⁰molam
245 1895 367 1944 revolvunt
375 1907 397 1943 et
406 1898 502 1944 eiectum
510 1898 534 1944 in
542 1914 622 1962 aquam
631 1896 753 1961 inspiciunt
761 1896 914 1960 palpitantem.
956 1894 959 1917 ³

150 1963 214 2010 Dum
226 1961 256 2009 sic
270 1962 392 2011 semivivus
408 1963 482 2010 adhuc
493 1980 532 2026 per
549 1963 663 2027 gurgitem
678 1962 791 2009 volutatur
807 1961 915 2019 sacerdos,
956 2007 959 2012 f

151 2029 213 2075 adest
234 2028 327 2091 quidam
349 2027 416 2074 frater
438 2028 519 2087 minor,
539 2029 587 2074 alba
608 2028 703 2081 indutus
725 2028 801 2074 tunica
819 2038 842 2072 et
860 2026 916 2072 fune

150 2094 282 2149 succinctus,
293 2108 417 2155 magnaque
434 2109 486 2137 cum
501 2094 609 2138 suavitate
620 2109 658 2154 per
674 2092 790 2137 brachium
801 2101 916 2153 arreptum

152 2167 214 2203 extra
232 2156 318 2202 flumen
337 2157 420 2213 educit,
440 2156 529 2202 dicens:
556 2157 608 2219 Ego
627 2173 678 2202 sum
695 2157 832 2212 Franciscus‚
849 2171 915 2219 quem
956 2180 959 2208 5

152 2222 265 2270 invocasti.
300 2220 340 2268 llle
356 2239 411 2269 vero
426 2222 457 2269 sic
473 2220 579 2269 liberatus
597 2221 663 2268 nimis
680 2220 806 2284 obstupuit,
819 2230 842 2267 et
858 2218 916 2283 cepit

153 2289 195 2334 huc
206 2299 273 2351 atque
284 2287 337 2334 illuc
351 2303 446 2342 currere,
459 2288 550 2335 dicens:
568 2288 654 2344 Frater,
666 2286 741 2337 frater.
776 2287 807 2334 Et
821 2287 916 2333 circum·
953 2285 959 2342 ,ᾧ

152 2363 250 2398 stantes:
276 2351 324 2396 Ubi
343 2362 376 2396 est
393 2351 446 2399 ille?
472 2352 526 2403 Qua
544 2353 580 2398 via
597 2353 711 2398 discessit?
728 2352 777 2398 Viri
793 2362 868 2397 autem
885 2350 916 2396 illi
954 2351 959 2411 {j

152 2414 276 2466 tremefacti
290 2415 419 2464 ceciderunt
429 2416 495 2479 proni
509 2416 632 2476 interram,
645 2415 796 2480 glorificantes
806 2416 883 2461 Deum
896 2422 917 2459 et
952 2413 959 2471 2}

153 2494 321 2531 sanctumerus.
387 2494 389 2498 “

203 2550 231 2595 In
246 2547 359 2609 provintia
376 2547 502 2608 Capitinate
519 2547 582 2609 pueri
600 2547 693 2609 quidam
709 2546 737 2593 de
753 2544 827 2608 burgo
840 2542 918 2593 Celani

153 2614 181 2659 ad
192 2610 270 2658 herbas
281 2611 395 2656 metendas
407 2611 506 2656 exierant
516 2611 623 2657 sotiatim.
657 2612 713 2657 Erat
725 2611 747 2655 in
759 2609 918 2671 campestribus
954 2612 959 2665 J}

152 2677 196 2722 illis
205 2685 270 2723 vetus
277 2686 365 2736 puteus,
375 2673 449 2720 herbis
457 2675 480 2720 in
487 2691 577 2721 summo
586 2691 623 2720 ore
630 2674 756 2720 virentibus
764 2673 916 2727 obumbratus,

153 2742 192 2806 qui
214 2757 324 2805 aquarum
346 2738 489 2787 altitudinem
512 2756 551 2803 per
574 2755 650 2803 passus
667 2749 764 2805 quatuor
784 2737 917 2785 continebat.

153 2808 262 2855 Semotim
280 2807 350 2869 igitur
369 2804 546 2853 discurrentibus
566 2806 650 2868 pueris,
669 2822 728 2852 unus
747 2822 775 2851 ex
794 2804 918 2867 improviso

152 2873 251 2918 decurrit
272 2871 303 2916 in'
318 2883 419 2933 puteum.
453 2871 539 2917 Verum
567 2871 623 2916 dum
651 2880 757 2917 terrestre
777 2870 918 2932 naufragium
