1919 3169
154 58 183 117 96
365 54 526 100 LEGENDA
543 53 703 100 GREGORII

153 153 284 214 possideret.
317 153 399 197 Factus
405 158 420 175 ¹¹
432 159 465 195 est
476 149 571 212 proinde
582 151 605 195 in
616 159 666 196 toto
677 150 741 213 quod
752 151 826 198 noluit
837 167 883 196 esse
894 150 917 195 in

153 228 216 279 parte
225 235 232 275 ;
248 228 271 264 et
281 217 422 264 eternitatem
433 230 475 276 pro
486 223 588 277 ternpore
599 215 755 262 commutavit.

202 281 296 346 Ubique
315 279 419 328 omnibus
436 277 549 337 subvenit,
566 278 651 342 ubique
668 279 775 326 omnibus
793 281 874 336 adest;
895 288 918 323 et

153 364 206 393 vere
222 346 356 393 uniunitatis
372 353 457 391 amator
479 344 591 407 participii
614 344 749 390 detrimenta
764 361 810 390 non
827 344 916 391 novit.¹²

153 411 238 458 Vivens
262 410 335 457 adhuc
362 410 421 455 inter
447 418 575 469 peccatores
602 409 733 455 universum
757 419 861 472 peragrat
887 418 917 465 et,

153 476 253 536 predicat
278 473 371 520 orbem:
400 489 497 535 regnans
520 472 565 519 iam
592 489 644 520 cum
671 473 757 535 angelis
783 474 807 520 in
826 473 918 521 excelsis

153 537 241 585 facilius
259 539 359 600 cogitatu
381 535 443 582 volat
465 546 580 599 tamquam
600 538 693 583 nuntius
715 538 798 582 summi
816 537 874 600 regis
895 546 918 582 et

153 603 242 666 populis
253 600 360 648 omnibus
370 610 454 663 prestat
465 600 571 646 beneficia
585 609 715 665 generosa.¹³
747 602 809 647 Tota
822 602 918 664 proinde

154 667 287 715 universitas
319 666 458 729 populorum
486 666 583 712 honorat
614 682 674 724 eum,
707 677 828 713 veneratur
864 682 918 713 eum

153 733 262 795 glorificat
280 741 303 777 et
318 731 435 778 collaudat.
471 732 557 776 Revera
574 730 689 778 communi
697 739 712 762 ²¹
728 731 790 777 bono
797 739 812 762 ¹¹
828 731 918 793 partiei-

153 807 236 857 pantur
252 810 337 840 omnes,
354 827 356 830 .

202 859 262 911 Quis
283 874 415 905 enumerare
437 857 532 904 sufficiat
559 869 650 920 quanta,
679 858 730 922 quis
752 858 824 904 dicere
845 858 918 905 valeat

152 925 226 987 qualia
242 939 281 986 per
298 940 351 968 eum
368 922 450 984 ubique
467 922 521 967 deus
528 929 544 953 ¹⁵
561 922 668 985 dignatur
687 923 795 969 miracula
813 923 919 984 operari?

154 990 247 1042 Quanta
257 1004 339 1050 nempe
345 987 361 1014 ¹⁶
373 988 397 1033 in
408 986 455 1033 sola
471 985 555 1033 francia
565 985 688 1035 franciscus
703 987 812 1034 mirabilia
828 987 918 1050 patrat?

154 1054 193 1101 ubi
209 1055 237 1101 ad
256 1052 435 1100 deosculandum
453 1062 475 1098 et
493 1051 633 1099 adorandum
652 1052 751 1114 capitale,
766 1069 813 1116 quo
829 1062 919 1100 sanctus

153 1117 275 1165 franciscus
286 1117 309 1163 in
320 1117 449 1163 infirmitate
460 1116 534 1163 fuerat
545 1134 605 1174 usus
618 1117 748 1164 francorum
759 1134 797 1163 rex
808 1128 831 1164 et
842 1118 918 1180 regina

154 1195 176 1228 et
199 1182 298 1229 universi
320 1191 434 1242 magnates
455 1190 601 1227 occurrunt.¹⁷
642 1181 690 1228 Ubi
716 1182 784 1227 etiam
809 1183 918 1243 sapientes

153 1246 213 1292 urbis
229 1256 252 1293 et
269 1244 425 1292 litteratissimi
444 1244 494 1301 viri,'
514 1262 611 1307 quorum
634 1245 721 1306 copiam
740 1262 807 1307 super
827 1262 917 1291 omnem

153 1321 235 1358 terram
257 1310 351 1372 parisius
372 1309 491 1356 maximam
516 1325 543 1354 ex
564 1325 626 1355 more
650 1309 762 1373 producit,
784 1309 918 1356 franciscum

153 1378 229 1423 virum
250 1375 346 1422 idiotam
368 1384 391 1420 et
409 1389 462 1421 vere
482 1374 629 1437 simplicitatis
648 1376 765 1438 totiusque
786 1375 919 1421 sinceritatis

153 1442 250 1489 amicum
272 1439 387 1486 humiliter
410 1450 432 1485 et
440 1440 455 1464 ¹⁸
475 1439 619 1486 devotissime
640 1450 784 1498 venerantur,
805 1441 919 1487 admiran-

153 1516 191 1552 tur
197 1514 213 1539 ¹⁹
224 1515 246 1553 et
263 1505 349 1551 colunt.
381 1503 413 1549 Et
429 1520 482 1550 vere
497 1503 625 1561 franciscus,
644 1505 684 1567 qui
697 1521 764 1567 super
782 1521 860 1551 omncs
880 1521 919 1552 cor

154 1569 256 1616 francum
268 1579 291 1614 et
301 1567 376 1613 nobile
387 1568 462 1630 gessit.

201 1635 296 1680 Norunt
307 1634 391 1695 quippe
402 1633 442 1694 qui
453 1632 660 1695 magnanimitatem
675 1633 723 1678 eius
738 1635 823 1695 experti
840 1642 919 1690 sunt‚²⁰

154 1707 243 1764 quam²¹
266 1697 345 1756 liber‚²¹
368 1713 437 1760 quam
458 1696 555 1743 liberalis
577 1697 599 1743 in
622 1697 750 1745 omnibus²²
777 1697 828 1755 fuit,
850 1715 918 1762 quam

154 1780 245 1818 securus
261 1773 284 1809 et
299 1762 425 1824 impavidus
435 1763 458 1807 in
472 1761 579 1809 omnibus
595 1762 676 1819 extitit,
687 1771 794 1826 quanta²3
810 1764 920 1820 virtute‚²³

154 1840 240 1892 quanto
251 1826 341 1874 fervore
357 1826 426 1873 animi
442 1835 522 1872 cuncta
536 1826 641 1872 secularia
652 1826 798 1875 conculcavit.
832 1828 919 1875 Verum

154 1893 211 1955 quid
227 1892 255 1937 de
270 1890 317 1937 aliis
333 1891 413 1937 mundi
429 1889 529 1952 partibus
548 1891 634 1952 loquar,
651 1891 674 1936 in
694 1890 776 1953 quibus
795 1908 834 1953 per
853 1894 919 1937 semi-

154 1957 233 2003 cinctia
251 1972 290 2001 sua
305 1953 378 2001 morbi
397 1954 522 2010 discedunt,
539 1953 634 2016 fugiunt
649 1955 806 2018 egritudines;
827 1965 872 2002 et²¹
891 1958 919 2004 ad

153 2021 224 2068 solam
246 2019 366 2067 nominis²s
385 2019 550 2066 invocationem
570 2020 687 2082 utriusque
708 2036 774 2067 sexus
793 2019 919 2084 frequentia

154 2087 226 2134 multa
236 2087 283 2133 suis
294 2103 307 2132 a
317 2084 417 2132 cladibus
426 2083 562 2130 liberantur?

202 2151 240 2195 Ad
250 2151 299 2194 eius
309 2165 401 2211 quoque
417 2149 520 2192 tumbam
531 2149 619 2193 assidue
624 2150 641 2174 ²⁶
653 2165 712 2194 nova
722 2150 829 2194 miracula
843 2152 902 2196 fiunt
912 2170 918 2206 3

154 2224 177 2261 et
198 2212 352 2275 multiplicatis
370 2212 565 2259 intercessionibus
586 2228 613 2259 eo
635 2212 658 2259 in
674 2211 724 2259 loco
746 2214 872 2260 animarum
896 2225 919 2261 et

154 2293 274 2341 corporum
296 2276 392 2340 gloriosa
413 2275 519 2322 beneficia
535 2277 693 2338 impetrantur,
715 2279 771 2323 cecis
792 2279 919 2325 restituitur

154 2344 225 2400 visus
245 2341 318 2390 surdis
339 2350 456 2403 reparatur
478 2341 576 2400 auditus
596 2341 679 2389 claudis
700 2342 804 2388 redditur
823 2359 919 2406 gressus,

155 2419 233 2455 mutus
239 2415 255 2439 ²⁷
271 2406 397 2470 loquitur,²⁷
420 2405 470 2451 salit
478 2413 493 2437 ²⁷
510 2405 652 2468 podagricus
672 2406 794 2453 mundator
810 2406 918 2469 leprosus,

194 2526 208 2545 ¹¹
219 2523 252 2559 Os.
262 2522 332 2568 factum.
437 2524 452 2542 ¹²
462 2522 494 2558 Os.
504 2522 569 2559 habuit.
674 2525 689 2549 ¹³
699 2522 720 2559 L.
729 2520 810 2570 gloriosa,

194 2577 208 2604 ¹¹
218 2574 256 2611 Ox.
267 2586 305 2611 cum
314 2574 332 2610 in
341 2573 387 2609 bono
396 2574 438 2610 eius.
465 2574 498 2610 Os.
507 2574 525 2609 in
534 2574 586 2610 omini
596 2575 648 2611 bono.
735 2575 750 2601 ¹⁵
760 2575 798 2613 Ox.
807 2574 892 2613 domiuus.

190 2625 209 2655 ¹⁶
218 2627 251 2664 Os.
261 2639 340 2676 namque.
393 2627 407 2655 ¹7
417 2623 445 2662 H.
455 2624 489 2662 aud
498 2627 536 2663 Ox.
547 2636 643 2664 accurrunt.
696 2624 711 2648 ¹⁸
721 2627 754 2666 Os.
763 2627 802 2665 hec.

194 2682 209 2708 ¹9
219 2679 252 2716 Os.
261 2679 358 2715 admiratur.
411 2680 427 2699 ²⁰
437 2678 469 2715 Os.
479 2678 536 2716 omits.
588 2682 604 2701 ²¹
614 2681 653 2717 Ox.
662 2679 719 2715 omits.
771 2682 787 2702 ²²
797 2679 818 2716 L.
827 2692 873 2717 cum.

192 2734 208 2759 ²3
218 2731 251 2767 Os.
260 2732 318 2766 omits.
422 2732 438 2758 ²¹
448 2730 486 2766 Ox.
496 2731 553 2767 omits.
656 2732 673 2758 ²⁵
682 2731 703 2767 L.
713 2730 746 2767 aud
756 2732 789 2769 Os.
799 2731 834 2769 add
842 2733 883 2769 eius.

193 2780 209 2804 ²⁶
218 2782 251 2818 Os.
260 2781 317 2817 omits.
395 2782 411 2809 ²7
422 2782 454 2818 Os.
464 2782 521 2817 omits.
