1919 3169
151 151 193 208 146
340 147 541 195 TRACTATUS
557 148 729 195 SECUNDUS

148 263 251 292 accensus
270 256 303 291 est
325 245 383 307 ignis
405 244 446 290 sub
467 244 516 306 ipso
537 262 584 291 non
606 245 717 301 modicus,
737 262 777 291 nec
799 255 916 307 propterea

149 310 242 371 capillus
259 311 307 356 eius
322 311 382 354 lesus
398 319 439 367 est,
457 324 509 354 cum
529 310 601 370 capite
623 310 760 370 dependeret
776 310 803 354 ad
826 320 914 354 terram.

149 373 253 421 Tandem
265 371 367 421 bullienti
379 372 429 419 oleo
446 371 585 436 superfusus,
597 374 649 437 quia
663 373 770 420 innocens
780 383 827 420 erat
838 382 861 419 et
871 390 893 419 se
905 389 917 418 a

150 442 262 503 principio
283 439 424 486 commiserat
447 439 513 485 beato
535 441 659 495 Francisco,
682 440 758 486 ridens
779 441 820 485 hec
842 438 918 485 omnia

150 506 270 568 superavit.
304 504 379 550 Nocte
387 504 447 549 enirn
455 503 493 549 illa
502 520 553 550 curn
565 521 629 550 mane
638 505 666 551 ad
674 505 816 567 puniendum
827 504 917 550 deberet

150 570 239 625 adduci,
249 570 318 615 sancti
328 570 439 615 Francisci
450 570 562 629 presentia
572 570 647 614 extitit
657 571 761 615 visitatus
772 580 795 614 et
807 569 918 614 immenso

150 634 240 699 fulgore
250 633 345 679 luminis
356 633 507 678 circumdatus
518 644 590 696 usque
607 650 678 691 mane,
690 634 789 696 repletus
801 633 885 696 gaudio
896 642 919 678 et

152 700 234 747 fiducia
246 700 325 755 multa,
336 699 360 744 in
371 698 409 743 illa
422 699 522 744 claritate
537 699 667 761 permansit.
700 699 835 744 Benedictus
846 699 918 753 Deus,

152 766 191 826 qui
213 782 259 810 non
280 763 335 809 sinit
359 762 490 808 innocentes
511 764 582 824 perire
603 773 626 808 et
647 764 671 808 in
693 764 781 810 diluvio
808 775 919 826 aquarum

153 828 278 873 multarum
295 828 319 872 in
337 843 360 871 se
373 826 514 887 sperantibus
530 837 607 886 presto
622 837 661 873 est.

98 998 164 1083 [xij]s
183 989 228 1085 'tDe
241 989 342 1031 liberatis
351 1001 366 1029 a
379 987 479 1040 periculo
493 982 574 1038 partus
582 990 606 1029 et
615 988 644 1039 de
653 1000 699 1030 non
712 985 857 1030 servantibus
870 987 920 1029 eius

162 1053 188 1085 es
199 1054 244 1084 urn-
447 1052 448 1055 ¹

202 1125 346 1210 &omitissa
378 1157 475 1220 quedam
508 1156 531 1201 in
559 1155 682 1215 Sclavonia,
714 1157 773 1203 sicut
805 1156 921 1202 nobilitate

154 1224 255 1280 illustris,
278 1223 353 1269 sicet
374 1222 449 1268 emula
474 1221 600 1284 probitatis,
621 1238 675 1285 erga
695 1232 798 1268 sanctum
820 1223 922 1268 Francis-

155 1306 207 1337 cum
227 1290 347 1336 devotione
364 1287 479 1350 flagrabat,
499 1302 551 1349 erga
570 1286 649 1331 fratres
667 1304 721 1333 vero
739 1287 816 1333 sedula
832 1287 920 1349 pietate.

155 1355 270 1414 Tempore
302 1361 380 1413 partus
412 1351 474 1397 duris
506 1367 598 1412 pervasa
629 1351 752 1407 doloribus,
784 1363 847 1397 tanta
876 1352 922 1396 fuit

156 1417 260 1482 angustia
291 1416 451 1471 circumventa,
478 1423 505 1459 ut
532 1415 600 1478 prolis
627 1414 705 1461 future
737 1424 802 1461 ortus
834 1429 923 1477 presens

65 1484 272 1531 Fot60¹⁰videretur
305 1481 381 1528 matris
413 1496 511 1526 occasus.
575 1480 629 1525 Non
662 1478 781 1526 videbatur
813 1480 922 1526 infantem

157 1549 211 1594 eniti
230 1564 294 1611 posse
313 1547 341 1592 ad
363 1546 440 1601 vitam,
460 1545 501 1589 nisi
523 1543 633 1606 expiraret
652 1562 664 1589 e
683 1546 737 1602 vita,
756 1562 795 1591 nec
814 1546 853 1590 tali
872 1547 922 1590 nisu

157 1629 234 1677 parere
255 1614 294 1658 sed
316 1611 394 1673 perire.
439 1608 547 1654 Subvenit
569 1610 632 1654 cordi
654 1609 702 1655 eius
724 1610 835 1655 Francisci
856 1609 923 1666 fama,

157 1679 231 1725 virtus
258 1687 281 1723 et
308 1676 395 1737 gloria3
423 1675 532 1721 excitatur
553 1673 618 1730 fides,
646 1674 737 1721 devotio
763 1674 922 1721 inflammatur.

159 1741 279 1792 Convertit
290 1756 313 1787 sc
324 1740 351 1787 ad
363 1738 472 1787 auxilium
482 1739 564 1794 efficax,
577 1739 604 1785 ad
616 1739 688 1785 fidum
700 1740 804 1796 amicum,
817 1741 844 1786 ad
855 1740 923 1785 devo-

158 1820 236 1855 torum
255 1806 369 1861 solatium,
388 1803 504 1867 refugium
526 1804 675 1851 afflictorum:
690 1806 780 1851 Sancte
800 1806 924 1862 ancisce,

159 1873 247 1936 inquid,
260 1872 338 1935 pietati
354 1880 393 1916 tue
409 1869 537 1931 supplicant
553 1869 629 1915 omnia
645 1870 729 1915 viscera
745 1887 795 1915 mea
812 1881 834 1916 et
850 1879 926 1916 mente

159 1953 233 1984 voveo
245 1935 308 1998 quod
319 1934 429 1995 explicare
444 1950 489 1978 non
506 1949 604 1994 possum.
640 1934 702 1978 Mira
719 1934 818 1979 celeritas
829 1934 924 1996 pietatis.

161 2001 223 2047 Finis
241 1998 329 2047 dicendi
346 1998 397 2043 finis
412 1996 458 2043 fuit
474 1997 574 2052 dolendi,
592 1997 732 2060 parturiendi
748 2008 808 2044 meta
826 1998 926 2060 pariendi

160 2067 303 2130 principium.
344 2064 424 2109 Statim
441 2063 501 2108 enim
518 2063 581 2108 omni
597 2075 694 2108 cessante
710 2079 818 2124 pressura,
835 2074 926 2125 partum

160 2132 232 2179 edidit
243 2147 295 2178 cum
312 2128 389 2175 salute.
423 2128 477 2174 Non
489 2126 534 2174 fuit
551 2127 671 2174 immemor
687 2129 743 2185 voti,
755 2145 800 2175 non
817 2129 926 2192 propositi

160 2196 246 2257 refuga.
280 2194 403 2240 Ecclesiam
418 2193 531 2254 quandam
546 2193 720 2253 pulcherrimam
739 2194 839 2240 construi
857 2192 928 2247 fecit3

161 2271 184 2307 et
195 2267 347 2306 constructam
359 2257 387 2303 ad
397 2256 467 2302 sancti
478 2256 546 2303 huius
559 2256 669 2303 honorem
680 2256 788 2304 fratribus
799 2257 927 2319 assignavit.

210 2326 237 2372 ln
258 2323 359 2387 partibus
378 2322 485 2368 Romanis
504 2321 593 2368 Beatrix
615 2322 713 2387 quedam
735 2323 834 2380 nomine,
856 2322 928 2369 vicine

162 2392 245 2454 partui,
265 2406 317 2437 cum
339 2403 379 2449 per
401 2387 448 2433 dies
470 2397 569 2450 quatuor
590 2387 664 2434 fetum
685 2389 709 2433 in
730 2399 808 2435 ventre
830 2399 930 2450 portaret

163 2456 295 2510 extinctum,
308 2452 386 2496 multis
401 2451 480 2495 infelix
496 2450 626 2495 attitabatur
643 2453 754 2513 angustiis
768 2463 791 2497 et
804 2452 930 2498 exitialibus

163 2518 281 2566 doloribus
303 2516 432 2579 urgebatur.
466 2516 577 2562 Mortuus
593 2513 652 2563 fetus
674 2525 770 2562 matrem
792 2516 886 2579 cogebat
902 2515 930 2561 ad

165 2595 270 2640 mortem,
287 2592 310 2629 et
329 2581 432 2628 nondum
454 2591 544 2641 partum
566 2580 696 2627 abortivum
715 2581 833 2644 publicum
853 2581 931 2629 matris

164 2650 291 2712 periculum
302 2646 408 2709 pariebat.
441 2645 552 2708 Temptat
568 2646 708 2692 medicorum
724 2646 833 2693 auxilium
844 2646 931 2709 experi-

166 2725 269 2762 mentum
280 2711 347 2760 fallax
358 2728 363 2767 ;
381 2711 420 2757 sed
432 2727 499 2756 omne
509 2712 636 2757 humanum
647 2712 774 2768 remedium
785 2712 898 2759 laborabat
909 2711 932 2756 in

166 2796 261 2826 vanum.
303 2776 337 2821 Sic
357 2775 384 2821 de
403 2775 481 2837 primis
501 2774 696 2821 maledictionibus
715 2776 828 2837 copiosius
847 2775 933 2839 aliquid

167 2844 292 2892 declinabat
303 2843 327 2888 in
343 2841 455 2897 miseram,
466 2850 492 2886 ut
508 2840 636 2903 sepulcrum
648 2838 704 2887 facta
721 2851 842 2904 conceptus
858 2840 933 2904 sepul-

168 2928 233 2958 erum
249 2927 292 2973 pro
308 2918 369 2954 certo
386 2906 515 2970 proximum
534 2916 666 2968 expectaret.
708 2907 824 2954 Fratribus
842 2908 934 2954 tandem
