1919 3169
342 97 520 143 MIRACULA
563 128 564 131 =
765 110 807 154 123

47 196 138 240 adeum
150 213 155 240 :
173 196 239 240 Tolle
250 205 324 239 tecum
336 197 377 238 hee
388 194 470 248 omnia,
482 203 505 237 et
518 191 654 252 pauperibus
667 191 711 234 hiis
725 192 750 235 in
761 192 811 237 navi

46 258 185 304 latitantibus
204 258 338 304 necessitatis
353 267 456 317 ternpore
473 256 570 302 fideliter
588 252 693 301 exibebis.
734 254 813 316 Sicque

47 321 131 369 factum
153 333 186 369 est
205 334 239 382 ut,
257 340 308 370 cum
328 330 459 383 tempestate
481 320 549 366 nimia
568 326 645 365 exorta
666 333 707 380 per
728 317 813 365 multos

47 389 94 436 dies
117 387 242 435 laborantes
263 389 286 433 in
307 387 439 449 remigando
462 385 543 431 cibaria
564 384 640 430 omnia
661 383 813 446 consumpsis-

47 462 103 508 sent,
127 453 174 497 sola
195 453 297 512 pauperis
322 451 430 494 Francisci
454 450 536 494 cibaria
563 458 713 509 superessent.
759 449 813 497 Que

47 517 70 561 in
98 525 188 560 tanturn
217 515 293 560 divina
320 514 392 577 gratia
421 523 443 557 et
470 513 554 557 virtute
584 511 732 573 multiplicata
761 520 814 554 sunt

47 590 80 637 ut,
110 596 162 626 cum
190 579 264 625 adhuc
291 579 391 640 plurium
424 577 513 623 dierum
551 575 632 630 forent
664 575 814 638 nauigationis

47 645 133 701 itinera,
158 659 185 687 ex
210 644 245 688 sui
273 644 337 705 copia
365 658 437 705 usque
464 643 492 688 ad
520 651 614 703 portum
639 642 735 686 Ancone
764 656 814 686 om·
839 664 841 667 ⁴

48 708 109 752 nium
143 706 310 751 necessitatibus
342 706 493 751 subvenirent.
540 705 650 750 Videntes
682 705 759 766 itaque
791 720 814 749 se

49 781 115 815 naute
125 786 165 831 per
176 785 265 814 servum
276 770 320 814 Dei
332 770 474 815 Franciscum
490 769 557 813 maris
573 767 671 831 pericula
687 768 781 814 evasisse
791 777 815 813 et
820 781 858 818 Fol
869 782 907 828 48m

47 847 86 897 per·
97 850 149 879 eum
160 835 268 896 accepisse
279 835 342 896 quod
352 835 372 878 ei
384 844 524 897 negaverant,
537 834 620 895 gratias
634 843 729 895 egerunt
740 833 815 877 omni-

47 900 134 962 potenti
151 900 208 952 De0‚
226 899 264 961 qui
282 915 369 961 semper
385 899 408 944 in
425 899 494 945 servis
510 899 556 944 suis
572 897 696 944 mirabilem
714 908 736 944 et
753 915 814 944 ama-

48 964 116 1007 bilem
127 980 149 1005 se
160 963 265 1006 ostendit.

95 1026 130 1070 De
152 1025 252 1086 Yspania
273 1024 400 1087 regrediens
421 1035 510 1071 sanctus
532 1024 669 1081 Franciscus,
692 1040 747 1071 cum·
767 1041 813 1070 non

48 1089 157 1153 potuisset
173 1091 234 1137 iuxta
253 1099 331 1136 votum
350 1090 506 1137 Marrochium
528 1090 644 1153 proficisci,
661 1089 814 1154 egritudinem

48 1157 141 1201 incurrit
156 1155 316 1216 gravissimam.
352 1155 412 1200 Nam
429 1164 526 1216 egestate
543 1171 594 1200 cum
609 1156 699 1217 langore
715 1155 812 1201 afflictus
828 1185 830 1188 .

47 1231 69 1265 et
81 1220 178 1280 hospitio
190 1219 284 1279 hospitis
300 1219 424 1265 rusticitate
434 1218 521 1279 pulsus,
532 1235 571 1280 per
582 1220 685 1265 triduum
699 1219 812 1280 loquelam

48 1283 129 1327 amisit.
169 1282 262 1326 Viribus
283 1283 375 1327 tandem
397 1294 520 1343 utcumque
541 1283 670 1342 resumptis,
692 1298 731 1343 per
752 1283 812 1328 viam

47 1347 150 1410 gradiens
161 1345 225 1391 fratri
236 1347 351 1392 Bernardo
364 1346 425 1392 dixit
441 1363 471 1402 se,
483 1347 501 1392 si
513 1345 611 1405 haberet,
622 1347 655 1392 de.
666 1363 711 1393 una
727 1346 814 1393 avicula

48 1422 208 1458 comesturum.
241 1411 272 1456 Et
283 1428 333 1457 ecce
344 1427 383 1473 per
400 1427 503 1473 campum
520 1411 611 1474 quidam
628 1428 694 1475 eques
710 1412 812 1469 accurrit,

48 1493 112 1521 avem
120 1486 211 1535 portans
222 1477 371 1535 peroptimam
381 1491 387 1528 ς
405 1477 443 1537 qui
454 1476 520 1520 beato
528 1476 646 1520 Francisco
655 1476 711 1521 dixit
722 1494 727 1521 :
745 1477 813 1522 Serve

48 1538 100 1598 Dei,
108 1538 195 1601 suscipe
206 1538 326 1601 diligenter
335 1537 397 1602 quod
405 1538 446 1582 tibi
455 1538 572 1582 clementia
583 1539 659 1584 divina
670 1539 812 1584 transmictit.

48 1605 148 1666 Suscepit
160 1619 211 1648 cum
223 1604 305 1666 gaudio
322 1619 420 1659 munus3
437 1613 459 1648 et
471 1604 586 1648 Christum
600 1605 632 1649 sui
644 1604 723 1649 habere
735 1620 811 1650 curam

48 1669 182 1731 intelligens,
193 1669 267 1729 ipsum
278 1684 318 1728 per
329 1668 404 1713 omnia
415 1667 535 1713 benedixit.

95 1732 153 1778 Cum
164 1732 187 1778 in
200 1732 283 1792 palatio
295 1732 391 1793 episcopi
401 1732 489 1777 Reatini
502 1733 580 1777 iaceret
592 1732 702 1789 infirmus,
712 1733 811 1779 tunicula

48 1806 138 1842 vetusta
148 1805 271 1850 contectus,
282 1811 406 1855 pauperum
423 1805 485 1856 pater
497 1796 554 1841 dixit
570 1796 637 1840 semel
648 1797 687 1841 uni
698 1797 727 1842 de
741 1798 811 1853 sotiis,

49 1875 116 1921 quem
137 1876 204 1904 suum
226 1858 371 1904 constituerat
393 1858 555 1921 guardianum:
579 1858 673 1916 Vellem,
696 1859 771 1918 frater,
792 1861 810 1905 si

48 1939 129 1984 posses,
142 1935 168 1969 ut
179 1940 278 1985 pannum
290 1923 345 1969 mihi
356 1939 397 1984 pro
409 1940 452 1969 una
463 1923 539 1968 tunica
554 1923 670 1970 invenires.
702 1925 810 1972 ,Revolvit

48 1988 71 2032 in
91 1999 166 2034 mente
187 2005 227 2035 sua
246 1986 321 2045 frater,
341 1989 383 2033 hoc
403 1988 501 2043 audiens,
520 1989 635 2051 quomodo
653 2004 753 2050 pannum
764 2001 810 2036 tam

50 2053 196 2097 necessarium
220 2063 312 2113 tamque
338 2053 452 2096 humiliter
479 2052 616 2112 postulatum
643 2054 750 2115 acquirat.
783 2055 811 2098 ln

49 2116 144 2162 crastino
160 2126 235 2162 autem
251 2131 340 2161 summo
357 2116 456 2162 diluculo
472 2115 572 2177 procedit
588 2116 616 2162 ad
632 2126 721 2177 portam
736 2117 810 2165 iturus

49 2181 72 2227 in
88 2182 165 2228 villam
177 2199 219 2244 pro
229 2198 310 2244 panno.
343 2180 375 2227 Et
386 2198 436 2228 ecce
452 2179 624 2244 homoquidam
637 2180 700 2227 iuxta
711 2182 810 2229 hostium

49 2244 126 2292 volens
144 2246 207 2310 loqui
225 2246 264 2302 illi,
284 2246 322 2309 qui
342 2246 400 2293 dixit
418 2247 445 2292 ad
462 2245 569 2293 fratrem:
602 2246 687 2292 Amore
707 2247 826 2306 Domini,

49 2309 123 2367 frater,
135 2312 208 2371 accipe
220 2328 232 2356 a
248 2327 284 2355 me
295 2326 395 2371 pannum
411 2326 453 2371 pro
463 2326 501 2354 sex
512 2309 592 2354 tunicis
603 2325 609 2363 ;
626 2320 648 2354 et
660 2326 705 2355 una
718 2312 810 2373 quidem

50 2372 89 2417 tibi
102 2383 196 2431 retenta,
208 2373 305 2437 reliquas
321 2390 362 2434 pro
379 2375 452 2419 anima
468 2389 516 2419 mea
532 2372 640 2418 distribue
656 2373 714 2420 sicut
731 2375 810 2435 placet.

50 2436 178 2485 Exilaratus
199 2437 268 2485 frater
289 2439 348 2486 redit
368 2439 396 2484 ad
418 2437 509 2483 beatum
531 2436 673 2483 Franciscum
692 2448 714 2484 et
733 2438 811 2486 celitus

49 2499 129 2549 factam
145 2504 281 2550 oblationem
294 2504 424 2550 denuntiat.
458 2503 502 2550 Cui
518 2512 594 2564 pater:
617 2503 701 2564 Accipe
717 2504 808 2560 tunicas,

50 2566 101 2626 quia
111 2568 134 2612 in
146 2570 188 2612 hoc
201 2569 282 2612 missus
293 2579 332 2623 est,
344 2578 371 2612 ut
387 2584 436 2612 mee
447 2567 570 2613 necessitati
587 2567 661 2611 taliter
674 2567 809 2614 subveniret.

31 2688 33 2690 v
51 2629 144 2689 Gratias,
153 2632 238 2695 inquid,
249 2630 281 2677 illi
292 2631 331 2695 qui
339 2629 412 2677 solum
425 2630 453 2677 de
464 2630 528 2677 nobis
537 2629 628 2675 videtur
639 2646 686 2674 esse
694 2631 809 2685 sollicitus.

97 2695 282 2743 Commorantem
303 2697 392 2742 beatum
413 2696 487 2743 virum
507 2696 530 2741 in
551 2695 694 2741 heremitorio
711 2698 809 2760 quodam

51 2760 148 2807 medicus
159 2779 201 2823 pro
213 2779 266 2808 cura
276 2761 391 2808 oculorum
402 2761 484 2807 cotidie
493 2760 601 2808 visitabat.
636 2760 745 2811 Quodam
756 2778 810 2808 vero

51 2822 87 2868 die
108 2826 165 2873 dixit
184 2837 272 2873 sanctus
288 2828 316 2873 ad
333 2842 399 2872 suos:
417 2826 513 2871 Invitate
532 2824 642 2870 medicum
665 2836 688 2870 et
707 2826 758 2871 date
777 2826 810 2872 illi
