1919 3169
143 82 173 128 24
328 71 526 119 TRACTATUS
544 72 717 119 SECUNDUS

142 164 173 211 ait
183 174 206 211 et
222 166 265 212 hoc
276 166 365 213 audite:
385 168 472 215 lterum
485 168 595 215 annuntio
606 166 675 223 vobis
689 167 752 230 quod
765 166 783 212 si
796 163 909 211 beneficiis

142 228 223 292 ingrati
234 230 262 278 ad
273 231 386 279 vomitum
397 232 478 280 revomi
489 231 582 290 sueritis,
593 230 737 279 innovabitur
751 229 823 295 plaga,
833 228 910 291 dupli-

143 295 228 343 cabitur
239 313 295 359 pena
306 307 329 343 et
339 297 409 344 maior
419 297 444 345 in
454 297 519 345 vobis
530 299 562 345 ira
572 298 679 345 deseviet.

193 361 287 407 Factum
305 371 339 407 est
356 362 433 426 itaque
449 363 534 410 meritis
552 373 574 410 et
589 361 728 408 orationibus
747 361 815 407 sancti
834 359 910 422 patris,

144 424 207 486 quod
226 424 253 469 ab
272 424 309 469 illa
327 440 365 471 ora
384 437 526 472 cessaverunt
544 427 621 483 clades,
641 427 725 486 periere
746 424 851 486 pericula,
870 438 911 467 nec

144 488 245 535 molestie
255 489 375 552 quicquam
388 490 436 553 lupi
447 490 550 550 intulere,
562 489 597 538 vel
609 489 741 553 grandines;
759 489 835 546 immo,
848 485 911 549 quod

144 553 216 598 maius
237 564 276 610 est,
297 555 314 599 si
336 556 426 617 quando
444 556 570 602 vicinorum
591 556 680 618 grando
699 571 752 601 arva
772 552 911 615 pervaderet,

144 616 239 665 istorum
250 618 351 665 terminis
367 620 546 683 appropinquans
562 630 637 668 autern
654 619 742 673 ibidemi
752 617 912 666 terminabatur

145 682 237 744 quidem
253 691 327 728 autem
344 684 367 729 in
383 693 446 747 parte
462 684 528 730 aliam
544 684 674 732 divertebat.

193 746 253 792 Data
271 747 354 812 requie,
373 748 515 811 multiplicati
536 759 590 795 sunt
608 749 680 804 nimis,
702 746 813 810 nimisque
833 743 912 807 repleti

145 811 305 873 temporalibus
315 811 388 872 bonis,
397 815 436 860 sed
447 814 519 860 effecti
531 815 593 877 quod
604 814 660 861 solet
675 812 823 876 prosperitas;
840 809 913 872 operi—

146 886 216 922 untur
236 876 346 939 siquidem
365 878 512 924 crassitudine
531 879 596 925 facies
617 888 640 924 et
661 878 726 940 adipe
747 875 912 938 temporalium,

145 938 182 983 vel
199 948 296 984 stercore
311 941 388 1000 potius
404 952 551 987 excecantur:
575 943 681 988 Tandem
699 941 727 985 ad
744 941 820 1001 peiora
835 938 913 998 relapsi

146 1001 210 1048 obliti
221 1013 275 1048 sunt
287 1004 329 1061 dei,
342 1003 381 1068 qui
397 1003 491 1051 salvavit
507 1022 552 1051 eos.
585 1005 640 1052 Non
656 1016 731 1050 tamen
747 1004 847 1065 impune,
861 1000 914 1063 quia

146 1066 222 1113 divine
232 1084 325 1114 censura
335 1068 418 1115 iustitie
429 1069 517 1132 lapsum
528 1071 603 1116 minus
610 1070 702 1135 judicat,
715 1085 783 1133 quarn
794 1066 911 1129 relapsum.

148 1131 268 1179 Excitatur
285 1131 348 1179 furor
363 1134 400 1181 dei
416 1145 493 1181 contra
508 1151 545 1182 eos
562 1145 584 1182 et
601 1136 695 1183 reversis
711 1150 755 1197 que
771 1134 914 1180 discesserant

146 1197 217 1254 malis,
228 1197 316 1259 gladius
333 1198 424 1261 insuper
439 1200 529 1245 additus
546 1211 579 1245 est
595 1200 706 1246 humanus
721 1208 744 1243 et
761 1215 772 1242 e
790 1197 837 1243 celo
852 1212 914 1240 mor-

147 1261 219 1308 talitas
238 1260 346 1324 imperata
365 1279 432 1325 quam
451 1264 536 1309 multos
552 1265 677 1326 assumpsit.
714 1262 802 1308 Totum
818 1260 914 1322 denique

147 1335 245 1371 castrum
273 1327 368 1371 flammis
395 1327 513 1373 ultricibus
541 1339 707 1374 concrematum
736 1338 776 1372 est.
826 1324 914 1387 Utique

147 1389 232 1436 iustum
244 1400 284 1447 est,
296 1390 406 1437 benefitiis
417 1401 479 1454 terga
490 1402 601 1439 vertentes
612 1393 636 1438 in
647 1391 712 1440 exitia
723 1390 832 1438 devenire.

48 1531 144 1575 [axxVJ]
186 1534 306 1587 Quomodo
319 1536 432 1587 perusinis
446 1535 565 1586 predicans
579 1537 678 1579 futuram
692 1536 762 1578 ineis
779 1533 913 1577 seditionem

147 1588 247 1636 predixit
260 1590 284 1628 et
297 1587 325 1628 de
339 1588 534 1630 commendatione
547 1590 647 1631 unitatis.

193 1677 240 1765 P
243 1720 278 1756 ost
310 1711 356 1757 dies
385 1711 471 1775 aliquot
504 1728 555 1759 cum
589 1711 657 1759 semel
688 1712 765 1758 beatus
793 1720 856 1772 pater
885 1708 913 1754 de

148 1774 248 1837 predicta
271 1775 326 1821 cella
352 1776 504 1835 descenderet,
528 1776 642 1833 fratribus,
667 1778 706 1840 qui
728 1777 824 1831 aderant,
846 1789 912 1836 quer-

149 1840 186 1884 ula
210 1856 264 1886 voce
288 1841 357 1886 dixit:
382 1841 460 1886 Multa
482 1843 539 1887 mala
562 1842 664 1889 fecerunt
685 1841 786 1887 homines
809 1837 914 1885 Perusini

148 1903 228 1949 vicinis
239 1904 285 1949 suis
298 1914 321 1949 et
333 1904 445 1950 elevatum
462 1915 495 1951 est
511 1921 550 1951 cor
566 1921 644 1952 eorum
660 1906 688 1951 ad
704 1903 849 1966 ignominiam
865 1901 913 1947 sibi.

149 1967 311 2014 Verumtamen
337 1984 409 2031 prope
433 1979 467 2013 est
488 1968 546 2015 ultio
568 1969 653 2016 domini
675 1980 697 2014 et
718 1985 796 2015 manus
817 1965 865 2012 eius
886 1965 914 2011 ad

149 2032 251 2094 gladium
267 2042 307 2079 est.
341 2033 420 2079 Paucis
431 2033 501 2095 igitur
518 2034 596 2096 elapsis
613 2034 698 2089 diebus,
710 2033 781 2097 surgit
792 2033 815 2078 in
826 2031 914 2077 fervore

150 2097 241 2159 spiritus
268 2107 291 2142 et
320 2114 399 2144 versus
428 2098 541 2145 civitatem
570 2098 648 2162 dirigit
676 2115 768 2145 cursum.
813 2095 914 2159 Liquido

149 2160 229 2206 fratres
248 2163 386 2221 perpendere
403 2171 535 2223 potuerunt,
553 2164 651 2226 aliquam
669 2164 776 2208 visionem
798 2162 872 2222 ipsum
890 2161 914 2204 in

150 2224 205 2271 cella
220 2223 307 2272 vidisse.

198 2291 325 2338 Deveniens
347 2307 401 2353 ergo
422 2291 548 2349 Perusiam,
567 2290 652 2354 populo
673 2300 812 2354 congregato,
831 2287 914 2352 incepit

69 2360 111 2397 Fol.
122 2356 276 2416 8¹⁰predicare;
292 2372 389 2418 cumque
404 2357 486 2403 milites
502 2357 525 2402 in
542 2358 611 2421 equis,
624 2367 650 2402 ut
664 2357 748 2414 assolet,
761 2364 876 2402 currerent
892 2364 914 2399 et

151 2421 174 2466 in
182 2419 241 2467 ludis
250 2419 384 2466 militaribus
391 2436 450 2467 arma
457 2431 563 2477 tenentes,
572 2421 667 2467 verbum
674 2421 758 2467 domini
765 2419 914 2482 prepedirent,

150 2500 270 2530 conversus
291 2494 379 2530 sanctus
396 2484 424 2530 ad
443 2501 480 2531 eos
499 2485 610 2548 ingemuit
631 2485 719 2532 dicens:
741 2486 762 2530 O
780 2485 914 2529 miserorum

150 2549 269 2595 hominum
290 2549 414 2595 miseranda
437 2550 546 2606 vecordia,
570 2549 622 2613 quia
640 2566 687 2596 non
706 2547 855 2604 consideratis,
875 2562 916 2592 nec

150 2616 235 2661 timetis
244 2614 352 2660 iudicium
364 2615 410 2670 dei;
421 2615 459 2661 sed
468 2616 543 2662 audite
554 2632 598 2678 que
606 2615 718 2673 dominus,
727 2630 764 2676 per
775 2629 811 2659 me
822 2629 916 2674 pauper-

151 2679 236 2735 culum,
252 2677 317 2724 vobis
338 2678 463 2723 annuntiat.
507 2680 628 2734 Dominus,
646 2680 730 2741 inquid,
750 2678 855 2722 exaltavit
873 2693 915 2723 vos

151 2759 219 2805 super
238 2758 322 2796 omnes,
341 2742 380 2807 qui
400 2742 424 2787 in
443 2741 539 2789 circuitu
557 2752 633 2790 vestro
651 2753 717 2798 sunt;
739 2751 830 2804 propter
852 2738 915 2804 quod

151 2808 229 2855 vicinis
251 2807 396 2870 benigniores,
418 2807 460 2854 deo
481 2807 588 2871 gratiores
610 2807 701 2855 existere
721 2806 836 2853 deberetis.
872 2804 914 2851 Sed
