1919 3169
284 101 443 146 Lucanus
460 93 617 161 annona
805 115 833 161 73

68 195 142 241 tamen
153 196 238 241 vulnus
249 213 316 242 nemo
327 195 410 258 dignus
424 195 501 241 videre
512 194 557 241 fuit
568 197 590 241 in
602 196 656 254 vita,
668 197 735 243 unico
745 206 835 242 tantum

68 271 91 308 et
97 260 166 307 semel
172 269 271 324 excepto.
284 261 398 314 Quotiens
406 260 466 307 enim
473 261 573 307 tunicam
580 260 663 307 faceret
669 260 749 318 excuti,
757 261 837 308 dextro

69 327 172 372 bracchio
194 327 334 389 cooperiebat
362 326 436 371 lateris
463 326 564 384 vulnus;
592 342 756 389 nonnunquam
784 342 838 373 vero

70 407 137 436 manu
154 392 242 436 sinistra
259 391 324 435 lateri
341 390 430 434 confixo
446 391 555 451 applicata
570 391 657 435 beatam
670 391 732 435 illam
749 390 837 453 plagam

69 454 165 516 tegebat.
200 455 302 505 Quidam
320 469 376 500 vero
395 454 442 500 eius
462 455 533 499 sotius
552 455 608 500 dum
630 455 736 515 scalperet
755 455 838 516 ipsum,

71 535 140 565 manu
155 518 244 565 vulneri
264 518 341 580 illapsa
359 533 468 580 magnum
488 518 508 564 ei
530 517 632 565 dolorem
652 518 741 565 inflixit.
774 518 839 565 Alter

71 584 163 647 quidam
175 584 203 630 de
214 582 327 640 fratribus,
340 583 427 629 curiosa
440 583 591 646 inquisitione,
604 585 665 631 nisus
682 585 759 631 videre
776 585 839 647 quod

71 649 118 693 aliis
140 659 186 694 erat
209 648 374 702 absconditum,
397 647 455 694 dixit
476 659 553 693 sancto
577 651 634 709 patri
662 649 698 694 die
725 650 838 711 quadam:

71 712 148 758 Placet
164 729 192 757 ne
208 711 257 769 tibi,
274 722 344 774 pater,
364 722 389 757 ut
408 712 546 758 excutiamus
565 714 665 759 tunicam
684 714 763 759 tuam?
797 714 840 760 Cui

72 787 177 823 sanctus:
201 776 322 822 Retribuat
339 774 380 821 tibi
398 776 510 833 dominus,
531 774 605 834 frater,
623 778 731 841 quoniam
749 778 840 840 indigeo

73 842 173 904 quidem.
206 841 249 886 Illo
267 843 342 904 itaque
360 857 383 886 se
402 851 504 898 exuente,
522 843 613 887 attentis
633 842 703 888 oculis
721 841 789 888 frater
807 843 841 887 in-

72 906 166 967 spiciens
177 922 307 968 expressum
318 906 376 952 vidit
391 906 474 952 vulnus
491 907 514 951 in
530 907 604 953 latere.
640 907 689 953 Hic
705 908 767 954 solus
783 907 840 954 vidit

74 971 97 1015 in
107 971 161 1025 vita,
173 981 307 1026 ceterorum,
320 970 396 1015 nullus
408 986 479 1032 usque
490 982 541 1032 post
552 982 657 1017 mortem.

120 1062 228 1146 &aliter
239 1097 310 1146 homo
322 1098 364 1146 iste
382 1115 465 1146 omnen
482 1097 584 1163 gloriam,
597 1115 641 1162 que
659 1098 778 1146 Christum
795 1105 905 1147 non[S·11J]

75 1174 169 1226 saperet,
191 1165 346 1219 abiuraverat;
374 1165 447 1209 taliter
468 1164 572 1210 humanis
596 1164 712 1211 favoribus
738 1175 842 1210 eternum

75 1230 212 1291 irrogaverat
233 1228 355 1275 anathema.
401 1227 486 1274 Sciebat
508 1227 567 1273 fame
589 1229 689 1290 pretium
710 1231 843 1275 conscientie

75 1303 186 1338 secretum
197 1293 306 1348 minuere,
318 1293 431 1355 longeque
444 1293 589 1355 dampnosius
605 1292 674 1350 abuti,
686 1310 753 1356 quam
771 1310 844 1339 carere

77 1357 208 1403 virtutibus.
252 1358 322 1402 Heu!
350 1357 378 1402 ad
400 1357 464 1419 plura
486 1373 528 1402 nos
555 1357 647 1415 vanitas,
670 1373 738 1421 quam
766 1359 843 1404 caritas

76 1431 199 1485 provocat3
219 1431 241 1467 et
253 1421 338 1467 Christi
351 1422 421 1467 amori
433 1423 532 1484 prevalet
543 1421 608 1467 favor
621 1423 708 1469 mundi.
741 1423 844 1470 Affectus

77 1504 123 1533 non
142 1487 282 1543 discutimus,
301 1488 392 1548 spiritus
412 1503 457 1532 non
476 1487 597 1549 probamus
616 1499 638 1534 et
658 1504 709 1534 cum
728 1488 750 1534 in
769 1499 843 1535 actum

78 1552 148 1612 gloria
165 1568 223 1597 vana
242 1552 381 1612 compulerit,
399 1552 488 1596 caritate
506 1562 612 1611 putamus
630 1553 736 1598 elicitum.
773 1554 844 1599 Porro

78 1615 96 1660 si
108 1614 160 1661 boni
172 1615 207 1660 vel
219 1630 298 1675 parum
312 1614 406 1677 agimus,
418 1614 507 1677 pondus
518 1615 564 1660 eius
580 1613 639 1660 ferre
656 1632 701 1661 non
717 1632 844 1679 possumus,

78 1678 190 1742 quoslibet
209 1679 265 1726 illud
284 1696 431 1725 exoneramus
451 1680 551 1725 viventes
569 1691 592 1726 et
613 1681 641 1727 ad
662 1681 770 1727 ultimum
791 1682 845 1728 litus

77 1744 208 1791 amittimus.
243 1744 358 1790 Patienter
368 1744 461 1790 ferimus
473 1761 518 1791 non
536 1761 582 1791 esse
598 1745 685 1803 bonos;
703 1764 749 1793 non
765 1748 843 1803 videri,

78 1826 124 1854 non
136 1810 203 1864 credi,
215 1810 261 1868 pati
273 1809 389 1853 nonlicet.
422 1809 456 1854 Sic
474 1820 549 1854 totum
565 1809 588 1853 in
605 1810 709 1856 laudibus
725 1811 843 1857 hominum

78 1872 183 1930 vivimus,
195 1872 248 1936 quia
259 1872 327 1919 nichil
338 1872 398 1920 aliud
410 1890 478 1936 quam
489 1873 591 1920 homines
602 1891 686 1923 sumus.

376 2018 410 2060 De
424 2019 552 2061 humilitate

128 2108 259 2181 Omnium
280 2134 393 2178 virtutum
415 2145 490 2180 custos
512 2145 535 2180 et
553 2137 620 2181 decor
638 2138 761 2185 humilitas,
794 2141 880 2189 Hacl‘s]

82 2217 127 2246 non
138 2199 259 2245 substituta
275 2196 356 2243 fabrice
373 2198 490 2258 spirituali,
502 2215 554 2245 cum
572 2216 667 2247 crescere
685 2203 783 2260 videtur,
794 2221 847 2267 pro-

81 2265 128 2310 ficit
138 2264 162 2309 in
173 2263 268 2308 ruinam.
302 2261 361 2319 Hec,
374 2278 401 2306 ne
412 2263 469 2325 quid
479 2263 529 2309 viro
540 2274 575 2310 tot
586 2265 652 2312 donis
662 2278 743 2313 ornato
754 2269 847 2326 deesset,

82 2329 201 2392 copiosiori
223 2343 276 2373 eum
297 2325 398 2372 ubertate
422 2327 560 2389 repleverat:
588 2330 612 2375 in
638 2333 728 2394 propria
755 2334 846 2396 quidem

83 2395 222 2455 reputatione
242 2391 309 2436 nichil
328 2401 381 2445 erat,
401 2392 442 2436 nisi
465 2404 573 2452 peccator,
593 2411 644 2440 cum
663 2396 731 2441 decor
749 2410 806 2443 esset
825 2410 848 2444 et

83 2457 188 2520 splendor
207 2454 337 2502 omnimode
355 2455 483 2501 sanctitatis.
525 2458 552 2502 In
570 2458 611 2503 hac
627 2459 715 2506 studuit
731 2460 849 2508 hedificare

83 2539 106 2568 se
117 2523 198 2584 ipsum,
210 2530 236 2567 ut
247 2520 419 2566 fundamentum
431 2520 517 2577 iaceret,
529 2523 614 2584 quoda
631 2523 722 2572 Christo
734 2526 847 2574 didicerat.

85 2586 180 2644 Eorum,
203 2602 247 2649 que
268 2585 366 2631 lucratus
394 2583 473 2641 fuerat,
496 2585 585 2644 oblitus,
607 2588 666 2634 solos
694 2601 745 2636 ante
773 2593 849 2638 oculos

85 2650 182 2711 ponebat
192 2649 301 2704 defectus,
312 2648 362 2710 plus
376 2647 416 2692 sibi
433 2650 514 2706 adesse,
526 2667 594 2712 quam
610 2653 685 2697 deesse
701 2656 849 2701 considerans.

49 2723 50 2726 ’
86 2713 136 2760 Sola
146 2714 169 2758 in
180 2731 208 2759 eo
219 2713 328 2775 cupiditas
335 2712 416 2773 viguit,
423 2722 449 2758 ut
460 2714 539 2759 melior
548 2716 609 2761 fieret
621 2726 643 2762 et
653 2717 732 2777 primis
743 2736 788 2765 non
797 2736 850 2766 con-

86 2788 162 2824 tentus
172 2794 241 2823 novas
249 2778 344 2822 virtutes
352 2775 461 2834 adiiceret,
469 2778 560 2824 humilis
569 2779 653 2835 habitu,
662 2781 770 2828 humilior
778 2801 850 2843 sensu,

86 2841 226 2891 humillimus
237 2851 348 2906 reputato.
383 2841 436 2888 Nou
448 2841 613 2891 discernebatur
623 2845 660 2892 dei
675 2847 777 2912 princeps
788 2851 894 2914 quodFol.
902 2855 926 2908 69
