1919 3169
116 56 147 99 40
328 38 490 85 LEGENDA
506 40 667 87 GREGORH

116 135 271 198 duplicitatem
293 136 361 181 animi
382 136 472 196 penitus
493 137 631 200 ignorarent.
672 136 735 188 Quia
756 136 814 182 sicut
836 151 882 184 una

118 201 180 260 fides,
203 202 234 247 ita
256 216 314 246 unus
336 199 428 262 spiritus
452 211 499 247 erat
524 201 548 247 in
573 201 612 258 eis,
634 217 680 247 una
701 200 815 258 voluntas,
837 215 882 245 una
952 197 959 240 ῑῑὶ

118 265 209 322 karitaS,
234 265 361 311 animorum
383 264 518 323 coherentia,
537 279 625 326 semper
646 279 736 310 morum
754 262 881 320 eoncordia,
947 258 958 265 ”

117 330 231 377 virtutum
243 329 325 385 cultus,
336 325 483 375 conformitas
494 330 564 375 menti
575 340 597 374 et
607 329 679 390 pietas
689 329 810 375 actionum.
955 362 959 380 ,ἶ

166 393 227 439 Nam
239 393 294 439 dum
306 391 395 438 cuidam
408 393 517 441 sacerdoti
530 409 557 439 ex
570 392 712 452 secularibus,
724 392 762 457 qui
773 389 859 438 meritis
867 398 882 424 ¹⁴
950 389 953 409 *

118 458 183 505 valde
205 457 317 504 infamis²⁵
339 467 387 503 erat
408 468 431 504 et
455 459 588 505 enormitate
609 459 718 504 scelerum
734 457 761 504 ab
777 456 884 504 omnibus
954 456 955 459 ’

119 521 298 568 contemnendus
315 522 475 569 confiterentur
492 540 543 586 sepe
556 532 643 586 peccata
654 539 693 569 sua
707 532 730 569 et
742 538 782 583 per
799 519 882 568 multos

118 587 150 631 eis
166 588 301 632 innotuisset
317 585 377 630 illius
384 586 400 610 ²⁶
416 587 539 647 nequitia,²⁷
556 587 688 632 nullomodo
704 597 779 631 tamen
795 585 884 630 credere

119 648 247 705 voluerunt,
258 665 298 695 nec
314 659 431 709 propterea
447 649 609 696 obmiserunt¹8
626 659 713 711 peccata
730 666 768 695 sua
785 650 805 695 ei
816 647 883 694 solito

119 713 229 772 confiteri,
241 728 281 759 nec
297 711 396 758 debitam
412 713 543 777 impendere
560 715 715 761 reverentiam.
748 713 780 759 Et
791 712 882 777 quidem
953 710 954 724 ³

120 778 237 840 cumipse,
248 778 284 824 vel
295 776 352 823 alius
363 779 464 825 sacerdos
480 779 570 825 cuidam
587 797 600 826 e
616 778 722 826 fratribus
738 778 835 841 quadam
847 776 884 823 die

120 842 219 901 dixisset,
241 842 301 900 vide,
322 841 398 898 frater,
426 859 454 888 ne
481 844 510 890 sis
537 844 662 906 hypocrita,
689 844 764 889 statim
792 852 884 904 propter

119 907 241 953 sacerdotis
249 914 265 939 ¹⁹
281 906 377 953 verbum
393 906 490 954 credidit
511 924 534 953 se
550 907 618 954 frater
635 908 673 954 ille
688 906 814 971 ypocritam
830 922 886 968 esse,
951 912 953 921 ”

119 981 212 1033 propter
234 971 296 1033 quod
304 978 320 995 ²⁰
341 971 384 1027 die,
407 988 432 1016 ac
453 982 518 1017 nocte
539 972 703 1018 lamentabatur
719 972 790 1016 nimio
806 971 885 1016 dolore

119 1035 219 1082 affectus.
253 1034 409 1086 Querentibus
417 1044 494 1082 autem
502 1035 529 1082 ab
540 1052 569 1083 eo
580 1035 693 1092 fratribus,
705 1034 760 1099 quid
767 1034 809 1081 sibi
815 1033 884 1081 vellet

120 1111 181 1147 tanta
197 1099 295 1147 mestitia
312 1109 334 1146 et
350 1109 405 1155 tarn,
415 1101 518 1147 insuetus
526 1109 541 1127 ²¹
559 1117 641 1159 meror,
659 1099 776 1162 respondit
793 1100 883 1147 dicens:
951 1122 954 1129 0

120 1166 227 1213 Sacerdos
244 1165 336 1228 quidam
345 1174 362 1191 ²²
378 1164 423 1211 tale
440 1165 536 1213 verbum
553 1167 609 1213 mihi
627 1167 716 1214 locutus
732 1175 774 1223 est,
792 1166 821 1214 de
838 1181 884 1227 quo

121 1240 184 1276 tanto
195 1228 274 1277 dolore
285 1229 376 1287 afficior,
388 1231 451 1292 quod
462 1231 501 1277 vix
511 1247 604 1293 possum
615 1231 675 1277 aliud
686 1231 800 1293 cogitare.v
824 1229 885 1274 Con-

120 1293 249 1339 solabantur
271 1309 324 1338 eum
345 1294 425 1338 fratres
447 1304 470 1338 et
491 1312 519 1339 ne
542 1296 573 1339 sic
600 1296 707 1349 crederet,
730 1294 884 1339 hortabantur.

121 1357 212 1410 Quibus
233 1358 280 1419 ipse
304 1357 408 1403 dicebat:
436 1358 501 1410 Quid
528 1368 561 1405 est
588 1359 650 1421 quod
677 1358 767 1404 dicite²³
788 1357 885 1404 fratres?

120 1422 225 1468 Sacerdos
236 1431 276 1477 est,
288 1421 328 1483 qui
339 1421 429 1467 locutus
440 1431 474 1468 est
482 1421 578 1468 verbum
590 1424 638 1471 hoc,
672 1422 751 1468 Potest
759 1438 787 1467 ne
795 1421 885 1467 mentiri
949 1430 951 1483 J

120 1486 237 1534 sacerdos?
281 1486 342 1532 Cum
369 1502 424 1548 ergo
451 1487 553 1534 sacerdos
580 1504 626 1534 non
648 1487 776 1543 mentiatur,
798 1502 885 1533 necesse
949 1489 951 1549 ¹,

120 1552 212 1615 igitur²⁴
234 1561 275 1607 est,
298 1562 324 1597 ut
346 1552 408 1613 quod
430 1551 521 1599 locutus
543 1563 576 1598 est
594 1568 675 1599 verum
697 1569 743 1599 esse
759 1552 884 1598 credamus.
950 1550 951 1557 ³

120 1617 199 1679 Sicque
211 1616 250 1662 diu
261 1615 285 1660 in
296 1616 336 1660 hac
347 1615 489 1676 simplicitate
504 1616 633 1679 perdurans,
644 1617 672 1662 ad
681 1624 696 1647 ²⁵
708 1616 782 1662 verbis
792 1615 885 1662 tandem

120 1682 189 1742 patris
208 1679 328 1727 beatissimi
345 1680 465 1741 acquievit,
487 1681 527 1743 qui
550 1682 570 1726 ei
591 1681 694 1736 verbum,
711 1681 831 1727 sacerdotis
847 1697 886 1726 ex·
950 1734 952 1743 2

120 1745 197 1806 posuit
215 1744 299 1792 eteius
314 1743 467 1792 intentionem
480 1745 587 1807 sagaciter
602 1745 722 1792 excusavit.
755 1745 800 1791 Vix
816 1743 885 1806 aliqui
950 1764 952 1803 χ

121 1809 216 1855 fratrum
227 1818 288 1854 tanta
300 1818 376 1870 posset
393 1809 475 1854 mentis
492 1809 563 1854 inesse
580 1809 687 1865 turbatio,
699 1809 763 1872 quod
772 1809 787 1835 ²⁶
798 1808 827 1855 ad
837 1809 886 1855 eius

120 1874 218 1935 ignitum
229 1874 344 1935 eloquium
356 1888 403 1918 non
413 1873 536 1919 discederet
552 1890 619 1919 omne
636 1872 747 1931 nubilum,
759 1873 886 1934 rediretque

120 1953 232 1983 serenum.

13 2087 117 2128 [nxva]
150 2081 184 2124 De
197 2091 265 2124 curru
278 2081 359 2133 ignem
378 2083 402 2121 et
415 2080 444 2122 de
457 2079 538 2123 notitia
551 2080 687 2133 absentium,
695 2091 765 2133 quam
778 2080 860 2125 beatus

384 2132 510 2174 franciscus
518 2132 623 2174 habebat-

168 2208 438 2299 ,Hmbulantescoram
446 2236 490 2284 deo
498 2236 630 2299 simpliciter
641 2248 664 2284 et
672 2253 747 2283 coram
758 2236 887 2283 hominibus
955 2241 958 2282 ἶ

122 2304 268 2360 confidenter,
274 2311 404 2348 meruerunt
410 2312 465 2348 tunc
471 2303 579 2364 temporis
586 2301 888 2348 fratresdivinarevelatione

121 2368 230 2417 letificari,
252 2369 316 2414 Dum
327 2367 388 2413 enim
399 2366 452 2430 igne
462 2367 554 2429 spiritus
565 2367 636 2414 sancti
647 2367 746 2414 succensi
757 2382 803 2413 non
814 2367 888 2413 solum
955 2377 958 2400 ¹

122 2434 248 2481 constitutis
260 2433 329 2488 horis,
340 2440 427 2494 neque²
439 2432 521 2478 etiam²
537 2432 640 2494 qualibus
652 2433 723 2488 hora‚³
739 2447 791 2477 cum
807 2447 887 2494 parum

161 2568 176 2594 14
190 2563 229 2602 Ox.
243 2565 309 2602 merito.
382 2564 397 2590 ¹⁵
411 2561 440 2599 Μ.
455 2562 533 2600 iniamus.
606 2561 621 2585 ¹⁶
636 2563 667 2608 L,
678 2563 711 2600 Os.
721 2561 755 2601 and
765 2564 803 2601 Ox.
812 2562 861 2601 omit.

161 2619 176 2644 17
190 2620 228 2653 Ox.
239 2617 282 2652 adds
290 2628 326 2651 sua.
432 2614 447 2636 1⁸
460 2615 492 2650 W.
505 2616 615 2651 demiserent.
725 2618 741 2643 19
754 2616 787 2651 Os.
798 2615 855 2651 omits.

160 2672 176 2689 ²⁰
190 2670 223 2705 Os.
233 2680 272 2717 que.
316 2669 332 2687 ²¹
346 2666 373 2703 M.
381 2674 483 2703 mansuetus.
536 2670 552 2687 ²²
566 2668 599 2703 Os.
607 2666 650 2703 adds
657 2666 706 2703 mihi.
752 2669 768 2694 13
781 2666 813 2704 W.
823 2665 886 2703 dicitis.

159 2723 175 2750 ²⁴
189 2722 222 2758 Os.
232 2718 266 2756 and
275 2718 306 2756 W.
316 2718 365 2755 omit.
431 2719 447 2746 ²⁵
461 2716 496 2761 M„
507 2719 540 2755 Os.
549 2718 583 2755 and
592 2718 614 2756 P.
624 2718 672 2755 omit,
741 2715 757 2740 ²⁶
771 2719 803 2755 Os.
814 2718 860 2768 quin.

161 2776 166 2796 ¹
181 2774 214 2811 Os.
224 2784 286 2809 rerum.
348 2774 355 2792 ²
369 2768 397 2807 H.
407 2770 464 2818 igitur.
526 2774 533 2798 ³
548 2771 586 2808 Ox.
596 2771 649 2809 horis.
