1919 3169
256 58 416 107 LEGENDA
433 56 593 105 GREGORII

46 347 165 401 Quomodo
175 347 236 390 misit
245 356 286 388 eos
294 344 360 386 binos
370 353 410 395 per
418 346 424 365 ¹
437 343 561 385 mundum²
570 345 593 385 et
602 343 625 386 in
639 327 895 395 brevitemporetA-x111]

277 398 361 439 iterum
370 396 504 446 congregati
513 398 573 436 sunt.

95 484 205 571 &odem
232 524 324 570 quoque
352 516 453 566 ternpore
480 505 581 567 quodam
608 504 651 549 alio
676 505 737 549 bono
764 504 814 548 viro

46 574 179 635 religionem
192 573 296 626 intrante,
308 571 336 616 ad
353 569 495 614 octonarium
512 582 631 613 numerum
648 576 811 628 processerunt

47 636 115 683 Tunc
131 635 208 682 beatus
219 634 341 681 franciscus
352 648 431 678 omnes
443 631 471 678 ad
483 649 506 678 se
519 631 651 678 convocavit
662 641 685 677 et
701 630 765 694 plura
782 631 813 677 eis

49 703 78 749 de
89 718 159 763 regno
176 700 220 757 dei,
232 700 260 745 de
271 707 403 759 contemptu
414 696 503 755 mundi,
515 696 543 742 de
560 696 706 758 abnegatione
723 698 813 758 proprie

48 764 172 813 voluntatis
199 774 222 811 et
249 762 334 825 proprii
362 762 463 823 corporis
495 760 633 807 subiectione
657 761 814 822 pronuntians,

49 829 116 876 binos
133 827 183 874 illos
200 828 224 873 in
242 837 315 889 partes
334 835 432 890 quatuor
449 824 576 889 segregavit
583 834 593 881 '3
611 834 634 871 et
650 825 681 871 ait
698 825 726 871 ad
743 841 781 871 eos
793 832 814 871 :³

50 895 92 951 lte,
116 892 239 950 carissimi,⁴
262 891 309 937 bini
331 898 369 935 et⁵
392 890 452 935 bini⁵
474 906 514 952 per
535 889 633 935 diversas
654 900 727 951 partes
754 889 814 935 orbis

50 957 222 1003 annuntiantes⁶
240 954 370 1001 hominibus
391 970 468 1015 pacem
493 964 515 999 et
532 953 680 1015 penitentiam
696 954 720 998 in
739 954 815 999 remis-

50 1022 136 1068 sionem
158 1030 306 1083 peccatorum.
340 1018 372 1064 Et
393 1028 465 1065 estote
486 1017 597 1080 patientes
619 1018 643 1063 in
664 1016 816 1075 tribulatione,

50 1086 121 1130 securi
148 1084 201 1145 quia
227 1083 379 1143 propositum,
402 1091 424 1126 et
451 1080 588 1142 promissum
615 1096 684 1127 suum
710 1081 817 1126 dominus

50 1145 196 1211 adimplebit.⁷
239 1144 446 1211 Interrogantibus8
462 1143 579 1192 humiliter
606 1144 747 1208 respondete,
769 1162 817 1209 per-

51 1212 196 1275 sequentibus
211 1212 343 1270 benedicite,
354 1210 420 1258 uobis
436 1210 609 1256 iniuriantibus⁹
620 1221 643 1256 et
659 1210 792 1256 calumniam
801 1219 817 1237 ¹⁰

52 1276 220 1322 inferentibus¹²
240 1276 322 1339 gratias
344 1276 410 1339 agite,
427 1275 479 1338 quia
497 1291 539 1336 pro
561 1273 603 1320 hiis
631 1273 695 1321 nobis
722 1290 817 1338 regnum

52 1351 182 1405 preparatur
196 1351 305 1388 eternum.
378 1350 380 1352 ’

101 1407 134 1449 At
166 1405 206 1459 illi,
233 1419 285 1448 cum
312 1404 395 1464 gaudio
422 1413 444 1447 et
471 1402 541 1447 letitia
568 1402 639 1447 multa
670 1403 816 1463 suscipientes

53 1466 179 1514 obedientie
210 1479 284 1512 sancte
317 1467 456 1523 mandatum,
489 1482 563 1511 coram
595 1475 671 1511 sancto
705 1466 814 1513 francisco

54 1532 164 1594 supplices
175 1547 197 1576 se
208 1531 379 1594 prosternebant
389 1531 412 1576 in
430 1540 516 1578 terram.
553 1530 605 1592 lpse
621 1546 675 1576 vero
691 1529 818 1593 amplexans

53 1613 90 1642 eos
108 1596 203 1642 dulciter
220 1606 243 1641 et
259 1597 341 1641 devote
363 1591 451 1640 dicebat
468 1594 562 1656 singulis
573 1595 672 1639 t—lacta
693 1596 817 1658 cogitatum

56 1671 121 1707 tuum
149 1661 172 1705 in
199 1660 293 1706 domino
321 1671 343 1706 et
373 1659 420 1721 ipse
450 1669 473 1704 te
498 1658 694 1705 enutriet-Hoc
724 1659 818 1707 verbum

55 1725 165 1780 dicebat,¹²
186 1724 292 1786 quotiens
313 1725 342 1771 ad
364 1723 515 1770 obedientiam
537 1722 616 1769 fratres
637 1724 724 1787 aliquos
746 1734 818 1771 trans-

54 1786 164 1835 mittebat.
333 1800 334 1803 ’

101 1853 168 1899 Tunc
179 1851 247 1898 frater
258 1852 381 1899 bernardus
392 1869 444 1898 eum
460 1850 526 1899 fratre
537 1852 612 1916 egidio
628 1869 707 1899 versus
717 1864 818 1901 sanctum

55 1918 157 1961 iacobum
169 1928 202 1961 ter
213 1918 314 1975 arripuit,
327 1927 417 1961 sanctus
428 1917 550 1961 franciscus
567 1933 621 1961 vero
633 1932 683 1960 cum
695 1933 742 1961 uno
759 1920 819 1962 socio

55 1978 119 2025 aliam
136 1979 216 2025 mundi
227 1978 296 2042 elegit
311 1989 406 2040 partem,
417 1979 497 2041 reliqui
514 1989 612 2042 quatuor
627 1979 756 2026 incedentes
773 1980 820 2026 bini

56 2059 96 2106 per
104 2053 119 2076 ¹³
130 2054 204 2105 partes
214 2043 311 2107 reliquas
322 2053 450 2090 tenuerunt.

104 2108 154 2163 Sed,
166 2108 256 2154 modico
272 2119 374 2169 tempore
385 2110 429 2154 iam
445 2109 527 2170 elapso,
538 2117 627 2154 sanctus
643 2107 765 2155 franciscus
781 2127 820 2156 eos

57 2187 134 2217 omnes
155 2172 232 2218 videre
249 2172 383 2230 desiderans,
400 2172 478 2218 orabat
495 2172 621 2228 dominum,
644 2174 682 2235 qui
699 2183 820 2236 congregat

58 2236 169 2298 dispersos
186 2236 258 2294 israel,
275 2246 301 2283 ut
318 2254 355 2283 eos
375 2254 509 2300 congregare
528 2237 551 2282 in
570 2237 631 2284 brevi
649 2238 820 2286 misericorditer

58 2300 195 2363 dignaretur.
239 2301 318 2364 Sicque
340 2300 482 2358 factumest,
500 2302 565 2348 utin
584 2302 674 2348 modico
696 2303 820 2350 secundum

58 2364 192 2412 desiderium
204 2382 272 2411 suum
283 2364 366 2427 absque
378 2367 475 2412 humana
491 2367 609 2413 vocatione
626 2367 707 2429 gratias
718 2375 821 2429 agente²⁴

98 2505 142 2541 ΙΙ-Ι.
152 2507 186 2543 and
195 2507 223 2544 M.
233 2508 262 2548 in.
316 2507 360 2545 ΖΗ.
370 2510 404 2546 and
414 2508 442 2547 M.
451 2511 523 2552 insert
532 2509 603 2551 binos.
656 2510 706 2548 3Οε.
716 2510 760 2549 illos.

97 2562 105 2587 4
114 2557 155 2595 Bot.
165 2560 263 2596 cautissimi.
341 2562 349 2588 5
358 2559 392 2598 Os.
401 2562 459 2599 omits.
537 2560 545 2584 ⁶
554 2561 587 2599 Os.
597 2563 740 2602 annuntiantibus.

98 2611 106 2637 ⁷
116 2609 148 2646 Os.
159 2611 265 2661 adimplevit.
420 2611 428 2635 ⁸
438 2614 467 2651 M.
478 2614 511 2651 and
520 2613 553 2650 W.
562 2615 744 2664 interrogantibusque.

97 2665 105 2688 ⁹
119 2660 152 2698 Os.
161 2664 246 2711 injuriam.
525 2669 540 2689 1⁰
550 2665 576 2703 H.
586 2666 744 2714 calumpniantibus.

100 2715 113 2734 Π
123 2711 151 2747 H.
161 2714 218 2749 omits.
246 2713 278 2749 Ox
289 2714 407 2750 referentibus.
461 2719 476 2738 1²
486 2717 515 2751 M.
525 2717 578 2752 insert
586 2716 663 2765 singulis.

99 2764 113 2789 1³
123 2760 156 2799 Os.
166 2764 223 2800 omits.
380 2768 395 2794 ³4
404 2764 435 2802 W.
445 2776 520 2815 agentes.
