<?xml version="1.0" encoding="UTF-8"?>
<!DOCTYPE html PUBLIC "-//W3C//DTD XHTML 1.0 Transitional//EN"
    "http://www.w3.org/TR/xhtml1/DTD/xhtml1-transitional.dtd">
<html xmlns="http://www.w3.org/1999/xhtml" xml:lang="en" lang="en">
 <head>
  <title>
</title>
<meta http-equiv="Content-Type" content="text/html;charset=utf-8" />
  <meta name='ocr-system' content='tesseract 3.04.00' />
  <meta name='ocr-capabilities' content='ocr_page ocr_carea ocr_par ocr_line ocrx_word'/>
</head>
<body>
  <div class='ocr_page' id='page_1' title='image "./MN5146ucmf_4_0421.png"; bbox 0 0 1919 3169; ppageno 0'>
   <div class='ocr_carea' id='block_1_1' title="bbox 337 104 803 172">
    <p class='ocr_par' dir='ltr' id='par_1_1' title="bbox 337 104 803 172">
     <span class='ocr_line' id='line_1_1' title="bbox 337 104 803 172; baseline 0.006 -19"><span class='ocrx_word' id='word_1_1' title='bbox 337 104 520 155; x_wconf 73' lang='lat' dir='ltr'>Minaeum</span> <span class='ocrx_word' id='word_1_2' title='bbox 758 125 803 172; x_wconf 63' lang='lat'>&#39;143</span> 
     </span>
    </p>
   </div>
   <div class='ocr_carea' id='block_1_2' title="bbox 41 201 904 2920">
    <p class='ocr_par' dir='ltr' id='par_1_2' title="bbox 41 201 806 380">
     <span class='ocr_line' id='line_1_2' title="bbox 41 201 805 266; baseline 0.005 -19"><span class='ocrx_word' id='word_1_3' title='bbox 41 201 121 248; x_wconf 88' lang='lat' dir='ltr'>morbo</span> <span class='ocrx_word' id='word_1_4' title='bbox 138 202 187 263; x_wconf 90' lang='lat' dir='ltr'>ipse</span> <span class='ocrx_word' id='word_1_5' title='bbox 205 218 324 264; x_wconf 88' lang='lat' dir='ltr'>percussus</span> <span class='ocrx_word' id='word_1_6' title='bbox 341 204 440 264; x_wconf 86' lang='lat' dir='ltr'>graviter</span> <span class='ocrx_word' id='word_1_7' title='bbox 461 204 598 259; x_wconf 86' lang='lat' dir='ltr'>infirmatur,</span> <span class='ocrx_word' id='word_1_8' title='bbox 616 220 628 247; x_wconf 86' lang='lat' dir='ltr'>a</span> <span class='ocrx_word' id='word_1_9' title='bbox 650 220 696 266; x_wconf 90' lang='lat' dir='ltr'>quo</span> <span class='ocrx_word' id='word_1_10' title='bbox 717 205 805 251; x_wconf 87' lang='lat' dir='ltr'>liberari</span> 
     </span>
     <span class='ocr_line' id='line_1_3' title="bbox 41 265 806 329; baseline 0.004 -17"><span class='ocrx_word' id='word_1_11' title='bbox 41 265 169 313; x_wconf 85' lang='lat' dir='ltr'>nullatenus</span> <span class='ocrx_word' id='word_1_12' title='bbox 190 266 273 329; x_wconf 87' lang='lat' dir='ltr'>potuit,</span> <span class='ocrx_word' id='word_1_13' title='bbox 296 267 368 313; x_wconf 90' lang='lat' dir='ltr'>donec</span> <span class='ocrx_word' id='word_1_14' title='bbox 390 267 478 329; x_wconf 90' lang='lat' dir='ltr'>culpam</span> <span class='ocrx_word' id='word_1_15' title='bbox 500 265 615 314; x_wconf 84' lang='lat' dir='ltr'>confessus</span> <span class='ocrx_word' id='word_1_16' title='bbox 637 277 740 315; x_wconf 88' lang='lat' dir='ltr'>sanctum</span> <span class='ocrx_word' id='word_1_17' title='bbox 762 269 806 315; x_wconf 91' lang='lat' dir='ltr'>Dei</span> 
     </span>
     <span class='ocr_line' id='line_1_4' title="bbox 41 331 497 380; baseline 0.002 -1"><span class='ocrx_word' id='word_1_18' title='bbox 41 331 60 379; x_wconf 88' lang='lat' dir='ltr'><strong>F</strong></span> <span class='ocrx_word' id='word_1_19' title='bbox 61 331 185 379; x_wconf 88' lang='lat' dir='ltr'>ranciscum</span> <span class='ocrx_word' id='word_1_20' title='bbox 196 331 285 379; x_wconf 89' lang='lat' dir='ltr'>devotis</span> <span class='ocrx_word' id='word_1_21' title='bbox 295 331 399 379; x_wconf 85' lang='lat' dir='ltr'>laudibus</span> <span class='ocrx_word' id='word_1_22' title='bbox 410 331 497 380; x_wconf 80' lang='lat' dir='ltr'>extulit.</span> 
     </span>
    </p>

    <p class='ocr_par' dir='ltr' id='par_1_3' title="bbox 41 396 904 1560">
     <span class='ocr_line' id='line_1_5' title="bbox 90 396 807 460; baseline 0.004 -18"><span class='ocrx_word' id='word_1_23' title='bbox 90 397 118 442; x_wconf 92' lang='lat' dir='ltr'>ln</span> <span class='ocrx_word' id='word_1_24' title='bbox 135 398 209 444; x_wconf 90' lang='lat' dir='ltr'>Massa</span> <span class='ocrx_word' id='word_1_25' title='bbox 227 398 300 444; x_wconf 84' lang='lat' dir='ltr'>Sancti</span> <span class='ocrx_word' id='word_1_26' title='bbox 317 398 380 443; x_wconf 89' lang='lat' dir='ltr'>Petri</span> <span class='ocrx_word' id='word_1_27' title='bbox 398 398 488 444; x_wconf 89' lang='lat' dir='ltr'>cuidam</span> <span class='ocrx_word' id='word_1_28' title='bbox 510 397 577 444; x_wconf 91' lang='lat' dir='ltr'>militi</span> <span class='ocrx_word' id='word_1_29' title='bbox 600 396 694 444; x_wconf 87' lang='lat' dir='ltr'>debebat</span> <span class='ocrx_word' id='word_1_30' title='bbox 712 400 807 460; x_wconf 85' lang='lat' dir='ltr'>pecunie</span> 
     </span>
     <span class='ocr_line' id='line_1_6' title="bbox 41 461 808 526; baseline 0.004 -20"><span class='ocrx_word' id='word_1_31' title='bbox 41 462 190 525; x_wconf 78' lang='lat' dir='ltr'><strong>quantitatem</strong></span> <span class='ocrx_word' id='word_1_32' title='bbox 217 461 366 523; x_wconf 89' lang='lat' dir='ltr'>pauperculus</span> <span class='ocrx_word' id='word_1_33' title='bbox 388 464 487 525; x_wconf 90' lang='lat' dir='ltr'>quidam.</span> <span class='ocrx_word' id='word_1_34' title='bbox 538 463 645 526; x_wconf 88' lang='lat' dir='ltr'>Cumque</span> <span class='ocrx_word' id='word_1_35' title='bbox 671 478 711 525; x_wconf 88' lang='lat' dir='ltr'>pre</span> <span class='ocrx_word' id='word_1_36' title='bbox 732 463 808 526; x_wconf 87' lang='lat' dir='ltr'>inopia</span> 
     </span>
     <span class='ocr_line' id='line_1_7' title="bbox 41 525 809 589; baseline 0.001 -17"><span class='ocrx_word' id='word_1_37' title='bbox 41 525 133 573; x_wconf 81' lang='lat' dir='ltr'>facultas</span> <span class='ocrx_word' id='word_1_38' title='bbox 155 542 202 572; x_wconf 91' lang='lat' dir='ltr'>non</span> <span class='ocrx_word' id='word_1_39' title='bbox 220 535 350 588; x_wconf 81' lang='lat' dir='ltr'><strong>suppeteret</strong></span> <span class='ocrx_word' id='word_1_40' title='bbox 367 527 515 588; x_wconf 85' lang='lat' dir='ltr'>persolvendi,</span> <span class='ocrx_word' id='word_1_41' title='bbox 538 536 617 589; x_wconf 86' lang='lat' dir='ltr'>captus</span> <span class='ocrx_word' id='word_1_42' title='bbox 638 537 672 572; x_wconf 88' lang='lat' dir='ltr'>est</span> <span class='ocrx_word' id='word_1_43' title='bbox 689 526 779 573; x_wconf 89' lang='lat' dir='ltr'>debitor</span> <span class='ocrx_word' id='word_1_44' title='bbox 796 544 809 573; x_wconf 88' lang='lat' dir='ltr'>a</span> 
     </span>
     <span class='ocr_line' id='line_1_8' title="bbox 41 590 809 654; baseline 0.003 -17"><span class='ocrx_word' id='word_1_45' title='bbox 41 590 113 637; x_wconf 91' lang='lat' dir='ltr'>milite</span> <span class='ocrx_word' id='word_1_46' title='bbox 127 601 226 653; x_wconf 91' lang='lat' dir='ltr'>repente.</span> <span class='ocrx_word' id='word_1_47' title='bbox 259 591 364 637; x_wconf 84' lang='lat' dir='ltr'>Misereri</span> <span class='ocrx_word' id='word_1_48' title='bbox 376 591 417 637; x_wconf 90' lang='lat' dir='ltr'>sibi</span> <span class='ocrx_word' id='word_1_49' title='bbox 429 602 477 639; x_wconf 89' lang='lat' dir='ltr'>orat</span> <span class='ocrx_word' id='word_1_50' title='bbox 490 592 627 654; x_wconf 80' lang='lat' dir='ltr'>suppliciter,</span> <span class='ocrx_word' id='word_1_51' title='bbox 639 602 662 639; x_wconf 91' lang='lat' dir='ltr'>et</span> <span class='ocrx_word' id='word_1_52' title='bbox 677 592 809 640; x_wconf 88' lang='lat' dir='ltr'>dilationem</span> 
     </span>
     <span class='ocr_line' id='line_1_9' title="bbox 42 656 810 721; baseline 0.003 -18"><span class='ocrx_word' id='word_1_53' title='bbox 42 672 138 721; x_wconf 89' lang='lat' dir='ltr'>querens</span> <span class='ocrx_word' id='word_1_54' title='bbox 146 673 221 702; x_wconf 87' lang='lat' dir='ltr'>amore</span> <span class='ocrx_word' id='word_1_55' title='bbox 232 657 302 703; x_wconf 88' lang='lat' dir='ltr'>sancti</span> <span class='ocrx_word' id='word_1_56' title='bbox 314 656 431 712; x_wconf 70' lang='lat' dir='ltr'>Francisci</span> <span class='ocrx_word' id='word_1_57' title='bbox 442 657 543 719; x_wconf 88' lang='lat' dir='ltr'>precibus</span> <span class='ocrx_word' id='word_1_58' title='bbox 555 658 694 715; x_wconf 86' lang='lat' dir='ltr'>intermissis,</span> <span class='ocrx_word' id='word_1_59' title='bbox 706 658 810 706; x_wconf 88' lang='lat' dir='ltr'>credebat</span> 
     </span>
     <span class='ocr_line' id='line_1_10' title="bbox 44 719 810 783; baseline 0.001 -17"><span class='ocrx_word' id='word_1_60' title='bbox 44 731 70 767; x_wconf 89' lang='lat' dir='ltr'>ut</span> <span class='ocrx_word' id='word_1_61' title='bbox 86 719 199 766; x_wconf 85' lang='lat' dir='ltr'>famosum</span> <span class='ocrx_word' id='word_1_62' title='bbox 216 731 319 773; x_wconf 82' lang='lat' dir='ltr'>sanctum</span> <span class='ocrx_word' id='word_1_63' title='bbox 335 732 474 766; x_wconf 91' lang='lat' dir='ltr'>revereretur</span> <span class='ocrx_word' id='word_1_64' title='bbox 490 723 561 766; x_wconf 90' lang='lat' dir='ltr'>miles.</span> <span class='ocrx_word' id='word_1_65' title='bbox 594 723 683 783; x_wconf 84' lang='lat' dir='ltr'>Spernit</span> <span class='ocrx_word' id='word_1_66' title='bbox 702 722 810 783; x_wconf 88' lang='lat' dir='ltr'>superbus</span> 
     </span>
     <span class='ocr_line' id='line_1_11' title="bbox 43 784 809 849; baseline 0.001 -18"><span class='ocrx_word' id='word_1_67' title='bbox 43 784 107 839; x_wconf 84' lang='lat' dir='ltr'>miles</span> <span class='ocrx_word' id='word_1_68' title='bbox 128 801 204 846; x_wconf 85' lang='lat' dir='ltr'>preces</span> <span class='ocrx_word' id='word_1_69' title='bbox 222 784 307 832; x_wconf 87' lang='lat' dir='ltr'>oblatas</span> <span class='ocrx_word' id='word_1_70' title='bbox 326 794 349 830; x_wconf 92' lang='lat' dir='ltr'>et</span> <span class='ocrx_word' id='word_1_71' title='bbox 368 785 437 831; x_wconf 88' lang='lat' dir='ltr'>sancti</span> <span class='ocrx_word' id='word_1_72' title='bbox 457 801 556 831; x_wconf 88' lang='lat' dir='ltr'>amorem</span> <span class='ocrx_word' id='word_1_73' title='bbox 576 785 645 832; x_wconf 90' lang='lat' dir='ltr'>velud</span> <span class='ocrx_word' id='word_1_74' title='bbox 666 786 731 832; x_wconf 88' lang='lat' dir='ltr'>inane</span> <span class='ocrx_word' id='word_1_75' title='bbox 753 786 809 849; x_wconf 92' lang='lat' dir='ltr'>quid</span> 
     </span>
     <span class='ocr_line' id='line_1_12' title="bbox 43 849 808 913; baseline 0.004 -17"><span class='ocrx_word' id='word_1_76' title='bbox 43 850 139 896; x_wconf 91' lang='lat' dir='ltr'>inaniter</span> <span class='ocrx_word' id='word_1_77' title='bbox 150 849 275 912; x_wconf 87' lang='lat' dir='ltr'>vilipendit.</span> <span class='ocrx_word' id='word_1_78' title='bbox 309 849 369 896; x_wconf 90' lang='lat' dir='ltr'>Nam</span> <span class='ocrx_word' id='word_1_79' title='bbox 381 849 491 897; x_wconf 85' lang='lat' dir='ltr'>cervicose</span> <span class='ocrx_word' id='word_1_80' title='bbox 500 849 637 913; x_wconf 86' lang='lat' dir='ltr'>respondens</span> <span class='ocrx_word' id='word_1_81' title='bbox 648 868 654 897; x_wconf 92' lang='lat'>:</span> <span class='ocrx_word' id='word_1_82' title='bbox 671 851 723 897; x_wconf 90' lang='lat' dir='ltr'>Tali</span> <span class='ocrx_word' id='word_1_83' title='bbox 733 862 764 909; x_wconf 82' lang='lat' dir='ltr'>te,</span> <span class='ocrx_word' id='word_1_84' title='bbox 770 852 808 908; x_wconf 82' lang='lat' dir='ltr'>ait,</span> 
     </span>
     <span class='ocr_line' id='line_1_13' title="bbox 43 915 810 972; baseline 0.003 -11"><span class='ocrx_word' id='word_1_85' title='bbox 43 916 94 961; x_wconf 92' lang='lat' dir='ltr'>loco</span> <span class='ocrx_word' id='word_1_86' title='bbox 105 915 219 962; x_wconf 87' lang='lat' dir='ltr'>recludam</span> <span class='ocrx_word' id='word_1_87' title='bbox 228 926 251 961; x_wconf 90' lang='lat' dir='ltr'>et</span> <span class='ocrx_word' id='word_1_88' title='bbox 262 915 300 961; x_wconf 87' lang='lat' dir='ltr'>tali</span> <span class='ocrx_word' id='word_1_89' title='bbox 311 915 425 961; x_wconf 89' lang='lat' dir='ltr'>retrudam</span> <span class='ocrx_word' id='word_1_90' title='bbox 436 931 527 972; x_wconf 86' lang='lat' dir='ltr'>carcere,</span> <span class='ocrx_word' id='word_1_91' title='bbox 535 915 573 962; x_wconf 92' lang='lat' dir='ltr'>ubi</span> <span class='ocrx_word' id='word_1_92' title='bbox 582 932 623 962; x_wconf 91' lang='lat' dir='ltr'>nec</span> <span class='ocrx_word' id='word_1_93' title='bbox 631 916 761 963; x_wconf 88' lang='lat' dir='ltr'>Franciscus</span> <span class='ocrx_word' id='word_1_94' title='bbox 770 933 810 963; x_wconf 90' lang='lat' dir='ltr'>nec</span> 
     </span>
     <span class='ocr_line' id='line_1_14' title="bbox 44 979 810 1043; baseline 0.005 -18"><span class='ocrx_word' id='word_1_95' title='bbox 44 980 100 1026; x_wconf 89' lang='lat' dir='ltr'>alius</span> <span class='ocrx_word' id='word_1_96' title='bbox 116 980 199 1043; x_wconf 90' lang='lat' dir='ltr'>poterit</span> <span class='ocrx_word' id='word_1_97' title='bbox 215 990 238 1025; x_wconf 92' lang='lat' dir='ltr'>te</span> <span class='ocrx_word' id='word_1_98' title='bbox 249 981 330 1027; x_wconf 91' lang='lat' dir='ltr'>iuvare.</span> <span class='ocrx_word' id='word_1_99' title='bbox 365 980 498 1042; x_wconf 82' lang='lat' dir='ltr'>Temptavit</span> <span class='ocrx_word' id='word_1_100' title='bbox 514 980 577 1042; x_wconf 91' lang='lat' dir='ltr'>quod</span> <span class='ocrx_word' id='word_1_101' title='bbox 594 981 658 1027; x_wconf 87' lang='lat' dir='ltr'>dixit.</span> <span class='ocrx_word' id='word_1_102' title='bbox 692 979 810 1029; x_wconf 88' lang='lat' dir='ltr'>Carcerem</span> 
     </span>
     <span class='ocr_line' id='line_1_15' title="bbox 44 1043 810 1106; baseline 0.004 -17"><span class='ocrx_word' id='word_1_103' title='bbox 44 1044 161 1089; x_wconf 84' lang='lat' dir='ltr'>adinvenit</span> <span class='ocrx_word' id='word_1_104' title='bbox 176 1044 304 1101; x_wconf 85' lang='lat' dir='ltr'>obscurum,</span> <span class='ocrx_word' id='word_1_105' title='bbox 318 1043 342 1088; x_wconf 90' lang='lat' dir='ltr'>in</span> <span class='ocrx_word' id='word_1_106' title='bbox 358 1060 404 1106; x_wconf 93' lang='lat' dir='ltr'>quo</span> <span class='ocrx_word' id='word_1_107' title='bbox 420 1044 536 1089; x_wconf 90' lang='lat' dir='ltr'>hominem</span> <span class='ocrx_word' id='word_1_108' title='bbox 552 1044 692 1089; x_wconf 89' lang='lat' dir='ltr'>vinculatum</span> <span class='ocrx_word' id='word_1_109' title='bbox 708 1046 810 1092; x_wconf 88' lang='lat' dir='ltr'>coniecit.</span> 
     </span>
     <span class='ocr_line' id='line_1_16' title="bbox 44 1107 811 1174; baseline 0.003 -19"><span class='ocrx_word' id='word_1_110' title='bbox 44 1107 116 1156; x_wconf 90' lang='lat' dir='ltr'>Paulo</span> <span class='ocrx_word' id='word_1_111' title='bbox 127 1119 178 1171; x_wconf 91' lang='lat' dir='ltr'>post</span> <span class='ocrx_word' id='word_1_112' title='bbox 189 1108 254 1155; x_wconf 87' lang='lat' dir='ltr'>affuit</span> <span class='ocrx_word' id='word_1_113' title='bbox 265 1117 353 1155; x_wconf 91' lang='lat' dir='ltr'>sanctus</span> <span class='ocrx_word' id='word_1_114' title='bbox 365 1109 494 1154; x_wconf 88' lang='lat' dir='ltr'>Franciscus</span> <span class='ocrx_word' id='word_1_115' title='bbox 508 1118 531 1154; x_wconf 88' lang='lat' dir='ltr'>et</span> <span class='ocrx_word' id='word_1_116' title='bbox 546 1108 618 1155; x_wconf 79' lang='lat' dir='ltr'>fracto</span> <span class='ocrx_word' id='word_1_117' title='bbox 632 1114 717 1156; x_wconf 85' lang='lat' dir='ltr'>carcere</span> <span class='ocrx_word' id='word_1_118' title='bbox 726 1110 811 1174; x_wconf 89' lang='lat' dir='ltr'>ruptis-</span> 
     </span>
     <span class='ocr_line' id='line_1_17' title="bbox 44 1172 810 1238; baseline 0.005 -19"><span class='ocrx_word' id='word_1_119' title='bbox 44 1190 89 1237; x_wconf 88' lang='lat' dir='ltr'>que</span> <span class='ocrx_word' id='word_1_120' title='bbox 116 1173 268 1237; x_wconf 83' lang='lat' dir='ltr'>compedibus,</span> <span class='ocrx_word' id='word_1_121' title='bbox 290 1172 379 1220; x_wconf 91' lang='lat' dir='ltr'>illesum</span> <span class='ocrx_word' id='word_1_122' title='bbox 406 1174 520 1220; x_wconf 90' lang='lat' dir='ltr'>hominem</span> <span class='ocrx_word' id='word_1_123' title='bbox 541 1174 630 1221; x_wconf 87' lang='lat' dir='ltr'>reduxit</span> <span class='ocrx_word' id='word_1_124' title='bbox 657 1175 685 1221; x_wconf 88' lang='lat' dir='ltr'>ad</span> <span class='ocrx_word' id='word_1_125' title='bbox 712 1177 810 1238; x_wconf 82' lang='lat' dir='ltr'>propria.</span> 
     </span>
     <span class='ocr_line' id='line_1_18' title="bbox 41 1237 811 1300; baseline 0.003 -17"><span class='ocrx_word' id='word_1_126' title='bbox 41 1240 124 1285; x_wconf 50' lang='lat' dir='ltr'>:Portat</span> <span class='ocrx_word' id='word_1_127' title='bbox 141 1239 238 1300; x_wconf 88' lang='lat' dir='ltr'>denique</span> <span class='ocrx_word' id='word_1_128' title='bbox 257 1238 326 1283; x_wconf 89' lang='lat' dir='ltr'>homo</span> <span class='ocrx_word' id='word_1_129' title='bbox 343 1237 381 1283; x_wconf 92' lang='lat' dir='ltr'>ille</span> <span class='ocrx_word' id='word_1_130' title='bbox 399 1238 488 1284; x_wconf 86' lang='lat' dir='ltr'>vincula</span> <span class='ocrx_word' id='word_1_131' title='bbox 504 1239 631 1299; x_wconf 88' lang='lat' dir='ltr'>supradicta</span> <span class='ocrx_word' id='word_1_132' title='bbox 647 1240 674 1284; x_wconf 89' lang='lat' dir='ltr'>ad</span> <span class='ocrx_word' id='word_1_133' title='bbox 696 1240 811 1285; x_wconf 90' lang='lat' dir='ltr'>ecclesiam</span> 
     </span>
     <span class='ocr_line' id='line_1_19' title="bbox 45 1301 810 1365; baseline 0.005 -19"><span class='ocrx_word' id='word_1_134' title='bbox 45 1301 103 1347; x_wconf 89' lang='lat' dir='ltr'>beati</span> <span class='ocrx_word' id='word_1_135' title='bbox 131 1302 241 1348; x_wconf 88' lang='lat' dir='ltr'>Francisci</span> <span class='ocrx_word' id='word_1_136' title='bbox 268 1301 328 1364; x_wconf 88' lang='lat' dir='ltr'>apud</span> <span class='ocrx_word' id='word_1_137' title='bbox 349 1301 471 1358; x_wconf 66' lang='lat' dir='ltr'>Aesimum,</span> <span class='ocrx_word' id='word_1_138' title='bbox 494 1311 520 1347; x_wconf 92' lang='lat' dir='ltr'>ut</span> <span class='ocrx_word' id='word_1_139' title='bbox 547 1302 570 1347; x_wconf 90' lang='lat' dir='ltr'>in</span> <span class='ocrx_word' id='word_1_140' title='bbox 597 1301 679 1364; x_wconf 92' lang='lat' dir='ltr'>quibus</span> <span class='ocrx_word' id='word_1_141' title='bbox 705 1313 810 1365; x_wconf 87' lang='lat' dir='ltr'>expertus</span> 
     </span>
     <span class='ocr_line' id='line_1_20' title="bbox 44 1365 808 1429; baseline 0.003 -17"><span class='ocrx_word' id='word_1_142' title='bbox 44 1366 118 1413; x_wconf 87' lang='lat' dir='ltr'>fuerat</span> <span class='ocrx_word' id='word_1_143' title='bbox 147 1367 216 1429; x_wconf 85' lang='lat' dir='ltr'>patris</span> <span class='ocrx_word' id='word_1_144' title='bbox 243 1366 390 1422; x_wconf 89' lang='lat' dir='ltr'>clementiam,</span> <span class='ocrx_word' id='word_1_145' title='bbox 415 1366 439 1412; x_wconf 91' lang='lat' dir='ltr'>in</span> <span class='ocrx_word' id='word_1_146' title='bbox 468 1365 500 1412; x_wconf 92' lang='lat' dir='ltr'>eis</span> <span class='ocrx_word' id='word_1_147' title='bbox 528 1375 662 1428; x_wconf 83' lang='lat' dir='ltr'>potestatem</span> <span class='ocrx_word' id='word_1_148' title='bbox 692 1367 808 1415; x_wconf 84' lang='lat' dir='ltr'>mirificam</span> 
     </span>
     <span class='ocr_line' id='line_1_21' title="bbox 44 1431 904 1496; baseline 0.008 -18"><span class='ocrx_word' id='word_1_149' title='bbox 44 1432 215 1479; x_wconf 79' lang='lat' dir='ltr'>demonstraret.</span> <span class='ocrx_word' id='word_1_150' title='bbox 265 1432 301 1478; x_wconf 86' lang='lat' dir='ltr'>Sic</span> <span class='ocrx_word' id='word_1_151' title='bbox 322 1431 435 1477; x_wconf 86' lang='lat' dir='ltr'>fortitudo</span> <span class='ocrx_word' id='word_1_152' title='bbox 459 1431 578 1490; x_wconf 88' lang='lat' dir='ltr'>Francisci,</span> <span class='ocrx_word' id='word_1_153' title='bbox 600 1431 696 1479; x_wconf 85' lang='lat' dir='ltr'>militem</span> <span class='ocrx_word' id='word_1_154' title='bbox 719 1433 904 1496; x_wconf 75' lang='lat' dir='ltr'>predataFol.58&#39;·</span> 
     </span>
     <span class='ocr_line' id='line_1_22' title="bbox 44 1495 786 1560; baseline 0.003 -17"><span class='ocrx_word' id='word_1_155' title='bbox 44 1496 174 1559; x_wconf 87' lang='lat' dir='ltr'>superbum,</span> <span class='ocrx_word' id='word_1_156' title='bbox 187 1497 300 1559; x_wconf 88' lang='lat' dir='ltr'>captivum</span> <span class='ocrx_word' id='word_1_157' title='bbox 311 1496 352 1560; x_wconf 86' lang='lat' dir='ltr'>qui</span> <span class='ocrx_word' id='word_1_158' title='bbox 364 1513 386 1542; x_wconf 84' lang='lat' dir='ltr'>se</span> <span class='ocrx_word' id='word_1_159' title='bbox 397 1495 439 1542; x_wconf 87' lang='lat' dir='ltr'>sibi</span> <span class='ocrx_word' id='word_1_160' title='bbox 451 1496 573 1543; x_wconf 89' lang='lat' dir='ltr'>subiecerat</span> <span class='ocrx_word' id='word_1_161' title='bbox 583 1497 686 1543; x_wconf 88' lang='lat' dir='ltr'>liberavit</span> <span class='ocrx_word' id='word_1_162' title='bbox 697 1514 709 1543; x_wconf 87' lang='lat' dir='ltr'>a</span> <span class='ocrx_word' id='word_1_163' title='bbox 719 1498 786 1545; x_wconf 90' lang='lat' dir='ltr'>malo.</span> 
     </span>
    </p>

    <p class='ocr_par' dir='ltr' id='par_1_4' title="bbox 45 1561 812 2660">
     <span class='ocr_line' id='line_1_23' title="bbox 93 1561 809 1625; baseline 0.004 -19"><span class='ocrx_word' id='word_1_164' title='bbox 93 1562 205 1625; x_wconf 86' lang='lat' dir='ltr'>Quinque</span> <span class='ocrx_word' id='word_1_165' title='bbox 221 1562 325 1607; x_wconf 84' lang='lat' dir='ltr'>officiales</span> <span class='ocrx_word' id='word_1_166' title='bbox 343 1562 460 1606; x_wconf 89' lang='lat' dir='ltr'>cuiusdam</span> <span class='ocrx_word' id='word_1_167' title='bbox 479 1561 555 1621; x_wconf 87' lang='lat' dir='ltr'>magni</span> <span class='ocrx_word' id='word_1_168' title='bbox 571 1561 683 1622; x_wconf 82' lang='lat' dir='ltr'>principis,</span> <span class='ocrx_word' id='word_1_169' title='bbox 700 1578 740 1623; x_wconf 90' lang='lat' dir='ltr'>per</span> <span class='ocrx_word' id='word_1_170' title='bbox 761 1579 809 1609; x_wconf 86' lang='lat' dir='ltr'>sus·</span> 
     </span>
     <span class='ocr_line' id='line_1_24' title="bbox 45 1624 810 1687; baseline 0 -15"><span class='ocrx_word' id='word_1_171' title='bbox 45 1625 156 1687; x_wconf 88' lang='lat' dir='ltr'>pitionem</span> <span class='ocrx_word' id='word_1_172' title='bbox 173 1625 239 1687; x_wconf 87' lang='lat' dir='ltr'>capti,</span> <span class='ocrx_word' id='word_1_173' title='bbox 256 1642 302 1671; x_wconf 89' lang='lat' dir='ltr'>non</span> <span class='ocrx_word' id='word_1_174' title='bbox 318 1625 392 1672; x_wconf 89' lang='lat' dir='ltr'>solum</span> <span class='ocrx_word' id='word_1_175' title='bbox 408 1625 472 1672; x_wconf 90' lang='lat' dir='ltr'>duris</span> <span class='ocrx_word' id='word_1_176' title='bbox 489 1624 584 1671; x_wconf 89' lang='lat' dir='ltr'>vinculis</span> <span class='ocrx_word' id='word_1_177' title='bbox 600 1625 754 1683; x_wconf 85' lang='lat' dir='ltr'>innectuntur,</span> <span class='ocrx_word' id='word_1_178' title='bbox 771 1627 810 1672; x_wconf 90' lang='lat' dir='ltr'>sed</span> 
     </span>
     <span class='ocr_line' id='line_1_25' title="bbox 45 1689 809 1754; baseline 0.001 -16"><span class='ocrx_word' id='word_1_179' title='bbox 45 1690 122 1738; x_wconf 90' lang='lat' dir='ltr'>artiori</span> <span class='ocrx_word' id='word_1_180' title='bbox 141 1691 295 1754; x_wconf 88' lang='lat' dir='ltr'>mancipantur</span> <span class='ocrx_word' id='word_1_181' title='bbox 314 1689 416 1738; x_wconf 89' lang='lat' dir='ltr'>custodie</span> <span class='ocrx_word' id='word_1_182' title='bbox 437 1689 546 1737; x_wconf 85' lang='lat' dir='ltr'>carcerali.</span> <span class='ocrx_word' id='word_1_183' title='bbox 579 1690 628 1743; x_wconf 90' lang='lat' dir='ltr'>Qui</span> <span class='ocrx_word' id='word_1_184' title='bbox 647 1706 700 1739; x_wconf 88' lang='lat' dir='ltr'>cum</span> <span class='ocrx_word' id='word_1_185' title='bbox 719 1691 809 1739; x_wconf 86' lang='lat' dir='ltr'>beatum</span> 
     </span>
     <span class='ocr_line' id='line_1_26' title="bbox 46 1755 810 1818; baseline 0.001 -16"><span class='ocrx_word' id='word_1_186' title='bbox 46 1757 190 1803; x_wconf 89' lang='lat' dir='ltr'>Franciscum</span> <span class='ocrx_word' id='word_1_187' title='bbox 212 1756 316 1803; x_wconf 83' lang='lat' dir='ltr'>audirent</span> <span class='ocrx_word' id='word_1_188' title='bbox 342 1755 426 1818; x_wconf 90' lang='lat' dir='ltr'>ubique</span> <span class='ocrx_word' id='word_1_189' title='bbox 450 1772 576 1803; x_wconf 88' lang='lat' dir='ltr'>corruscare</span> <span class='ocrx_word' id='word_1_190' title='bbox 598 1756 719 1814; x_wconf 87' lang='lat' dir='ltr'>miraculis,</span> <span class='ocrx_word' id='word_1_191' title='bbox 739 1758 760 1803; x_wconf 88' lang='lat' dir='ltr'>ei</span> <span class='ocrx_word' id='word_1_192' title='bbox 787 1774 810 1803; x_wconf 90' lang='lat' dir='ltr'>se</span> 
     </span>
     <span class='ocr_line' id='line_1_27' title="bbox 45 1820 810 1882; baseline 0.001 -15"><span class='ocrx_word' id='word_1_193' title='bbox 45 1821 188 1867; x_wconf 88' lang='lat' dir='ltr'>devotissime</span> <span class='ocrx_word' id='word_1_194' title='bbox 204 1822 372 1867; x_wconf 89' lang='lat' dir='ltr'>commiserunt.</span> <span class='ocrx_word' id='word_1_195' title='bbox 405 1821 520 1882; x_wconf 81' lang='lat' dir='ltr'>Apparuit</span> <span class='ocrx_word' id='word_1_196' title='bbox 536 1820 606 1882; x_wconf 84' lang='lat' dir='ltr'>igitur</span> <span class='ocrx_word' id='word_1_197' title='bbox 627 1831 693 1865; x_wconf 91' lang='lat' dir='ltr'>nocte</span> <span class='ocrx_word' id='word_1_198' title='bbox 712 1821 810 1882; x_wconf 88' lang='lat' dir='ltr'>quadam</span> 
     </span>
     <span class='ocr_line' id='line_1_28' title="bbox 47 1883 810 1940; baseline 0.001 -10"><span class='ocrx_word' id='word_1_199' title='bbox 47 1886 86 1931; x_wconf 91' lang='lat' dir='ltr'>uni</span> <span class='ocrx_word' id='word_1_200' title='bbox 107 1900 187 1931; x_wconf 89' lang='lat' dir='ltr'>eorum</span> <span class='ocrx_word' id='word_1_201' title='bbox 207 1894 297 1930; x_wconf 88' lang='lat' dir='ltr'>sanctus</span> <span class='ocrx_word' id='word_1_202' title='bbox 319 1883 455 1940; x_wconf 87' lang='lat' dir='ltr'>Franciscus‚</span> <span class='ocrx_word' id='word_1_203' title='bbox 478 1892 500 1929; x_wconf 89' lang='lat' dir='ltr'>te</span> <span class='ocrx_word' id='word_1_204' title='bbox 520 1883 657 1929; x_wconf 83' lang='lat' dir='ltr'>liberationis</span> <span class='ocrx_word' id='word_1_205' title='bbox 677 1883 810 1932; x_wconf 88' lang='lat' dir='ltr'>beneficium</span> 
     </span>
     <span class='ocr_line' id='line_1_29' title="bbox 46 1948 810 2012; baseline 0.001 -16"><span class='ocrx_word' id='word_1_206' title='bbox 46 1949 180 2012; x_wconf 88' lang='lat' dir='ltr'>repromisit.</span> <span class='ocrx_word' id='word_1_207' title='bbox 207 1948 427 2011; x_wconf 83' lang='lat' dir='ltr'>Exilaratusillequi</span> <span class='ocrx_word' id='word_1_208' title='bbox 435 1948 645 2007; x_wconf 88' lang='lat' dir='ltr'>videratvisionem‚</span> <span class='ocrx_word' id='word_1_209' title='bbox 653 1951 810 2011; x_wconf 84' lang='lat' dir='ltr'>repromissam</span> 
     </span>
     <span class='ocr_line' id='line_1_30' title="bbox 46 2013 811 2078; baseline 0 -17"><span class='ocrx_word' id='word_1_210' title='bbox 46 2015 141 2078; x_wconf 88' lang='lat' dir='ltr'>gratiam</span> <span class='ocrx_word' id='word_1_211' title='bbox 157 2014 241 2060; x_wconf 88' lang='lat' dir='ltr'>indicat</span> <span class='ocrx_word' id='word_1_212' title='bbox 257 2013 399 2076; x_wconf 85' lang='lat' dir='ltr'>concaptivis.</span> <span class='ocrx_word' id='word_1_213' title='bbox 432 2013 590 2060; x_wconf 87' lang='lat' dir='ltr'>Lacrimantur</span> <span class='ocrx_word' id='word_1_214' title='bbox 606 2025 629 2060; x_wconf 90' lang='lat' dir='ltr'>et</span> <span class='ocrx_word' id='word_1_215' title='bbox 642 2015 749 2078; x_wconf 85' lang='lat' dir='ltr'>gaudent,</span> <span class='ocrx_word' id='word_1_216' title='bbox 759 2015 811 2062; x_wconf 87' lang='lat' dir='ltr'>licet</span> 
     </span>
     <span class='ocr_line' id='line_1_31' title="bbox 46 2079 810 2141; baseline 0.001 -15"><span class='ocrx_word' id='word_1_217' title='bbox 46 2080 70 2126; x_wconf 88' lang='lat' dir='ltr'>in</span> <span class='ocrx_word' id='word_1_218' title='bbox 80 2079 185 2138; x_wconf 84' lang='lat' dir='ltr'>tenebris,</span> <span class='ocrx_word' id='word_1_219' title='bbox 196 2090 249 2128; x_wconf 89' lang='lat' dir='ltr'>vota</span> <span class='ocrx_word' id='word_1_220' title='bbox 259 2091 344 2127; x_wconf 88' lang='lat' dir='ltr'>vovent</span> <span class='ocrx_word' id='word_1_221' title='bbox 351 2089 373 2124; x_wconf 87' lang='lat' dir='ltr'>et</span> <span class='ocrx_word' id='word_1_222' title='bbox 384 2094 459 2139; x_wconf 85' lang='lat' dir='ltr'>preces</span> <span class='ocrx_word' id='word_1_223' title='bbox 470 2079 627 2139; x_wconf 85' lang='lat' dir='ltr'>multiplicant.</span> <span class='ocrx_word' id='word_1_224' title='bbox 661 2080 727 2141; x_wconf 89' lang='lat' dir='ltr'>Cepit</span> <span class='ocrx_word' id='word_1_225' title='bbox 735 2081 810 2127; x_wconf 88' lang='lat' dir='ltr'>statim</span> 
     </span>
     <span class='ocr_line' id='line_1_32' title="bbox 47 2142 810 2207; baseline 0.001 -18"><span class='ocrx_word' id='word_1_226' title='bbox 47 2160 106 2191; x_wconf 90' lang='lat' dir='ltr'>unus</span> <span class='ocrx_word' id='word_1_227' title='bbox 122 2161 200 2190; x_wconf 89' lang='lat' dir='ltr'>eorum</span> <span class='ocrx_word' id='word_1_228' title='bbox 217 2144 316 2206; x_wconf 90' lang='lat' dir='ltr'>quodam</span> <span class='ocrx_word' id='word_1_229' title='bbox 328 2160 376 2189; x_wconf 86' lang='lat' dir='ltr'>osse</span> <span class='ocrx_word' id='word_1_230' title='bbox 386 2142 499 2188; x_wconf 90' lang='lat' dir='ltr'>tutissime</span> <span class='ocrx_word' id='word_1_231' title='bbox 510 2143 579 2188; x_wconf 86' lang='lat' dir='ltr'>turris</span> <span class='ocrx_word' id='word_1_232' title='bbox 590 2158 682 2188; x_wconf 89' lang='lat' dir='ltr'>murum</span> <span class='ocrx_word' id='word_1_233' title='bbox 695 2144 810 2207; x_wconf 87' lang='lat' dir='ltr'>impetere,</span> 
     </span>
     <span class='ocr_line' id='line_1_33' title="bbox 47 2206 811 2265; baseline 0.001 -10"><span class='ocrx_word' id='word_1_234' title='bbox 47 2210 83 2255; x_wconf 90' lang='lat' dir='ltr'>cui</span> <span class='ocrx_word' id='word_1_235' title='bbox 102 2218 169 2255; x_wconf 86' lang='lat' dir='ltr'>tenax</span> <span class='ocrx_word' id='word_1_236' title='bbox 185 2209 313 2255; x_wconf 88' lang='lat' dir='ltr'>commistio</span> <span class='ocrx_word' id='word_1_237' title='bbox 332 2217 394 2254; x_wconf 89' lang='lat' dir='ltr'>tanta</span> <span class='ocrx_word' id='word_1_238' title='bbox 412 2206 517 2253; x_wconf 84' lang='lat' dir='ltr'>facilitate</span> <span class='ocrx_word' id='word_1_239' title='bbox 535 2206 634 2265; x_wconf 84' lang='lat' dir='ltr'>cedebat,</span> <span class='ocrx_word' id='word_1_240' title='bbox 650 2225 675 2254; x_wconf 91' lang='lat' dir='ltr'>ac</span> <span class='ocrx_word' id='word_1_241' title='bbox 691 2209 709 2255; x_wconf 88' lang='lat' dir='ltr'>si</span> <span class='ocrx_word' id='word_1_242' title='bbox 725 2209 811 2256; x_wconf 86' lang='lat' dir='ltr'>cinerea</span> 
     </span>
     <span class='ocr_line' id='line_1_34' title="bbox 45 2273 811 2338; baseline 0 -17"><span class='ocrx_word' id='word_1_243' title='bbox 45 2291 155 2338; x_wconf 86' lang='lat' dir='ltr'>compago</span> <span class='ocrx_word' id='word_1_244' title='bbox 171 2273 257 2321; x_wconf 75' lang='lat' dir='ltr'>fuisset¹</span> <span class='ocrx_word' id='word_1_245' title='bbox 290 2273 396 2320; x_wconf 83' lang='lat' dir='ltr'>Perfosso</span> <span class='ocrx_word' id='word_1_246' title='bbox 412 2274 456 2319; x_wconf 90' lang='lat' dir='ltr'>iam</span> <span class='ocrx_word' id='word_1_247' title='bbox 473 2289 547 2329; x_wconf 84' lang='lat' dir='ltr'>muro,</span> <span class='ocrx_word' id='word_1_248' title='bbox 563 2283 674 2335; x_wconf 84' lang='lat' dir='ltr'>temptant</span> <span class='ocrx_word' id='word_1_249' title='bbox 690 2274 766 2330; x_wconf 80' lang='lat' dir='ltr'>exire;</span> <span class='ocrx_word' id='word_1_250' title='bbox 788 2285 811 2321; x_wconf 88' lang='lat' dir='ltr'>et</span> 
     </span>
     <span class='ocr_line' id='line_1_35' title="bbox 46 2336 811 2400; baseline 0.003 -17"><span class='ocrx_word' id='word_1_251' title='bbox 46 2339 143 2385; x_wconf 85' lang='lat' dir='ltr'>vinculis</span> <span class='ocrx_word' id='word_1_252' title='bbox 155 2340 307 2394; x_wconf 87' lang='lat' dir='ltr'>comminutis,</span> <span class='ocrx_word' id='word_1_253' title='bbox 319 2355 378 2383; x_wconf 91' lang='lat' dir='ltr'>unus</span> <span class='ocrx_word' id='word_1_254' title='bbox 394 2348 445 2399; x_wconf 89' lang='lat' dir='ltr'>post</span> <span class='ocrx_word' id='word_1_255' title='bbox 456 2354 527 2384; x_wconf 89' lang='lat' dir='ltr'>unum</span> <span class='ocrx_word' id='word_1_256' title='bbox 538 2336 593 2383; x_wconf 89' lang='lat' dir='ltr'>liber</span> <span class='ocrx_word' id='word_1_257' title='bbox 601 2338 723 2400; x_wconf 89' lang='lat' dir='ltr'>egreditur.</span> <span class='ocrx_word' id='word_1_258' title='bbox 756 2340 811 2385; x_wconf 92' lang='lat' dir='ltr'>Pre-</span> 
     </span>
     <span class='ocr_line' id='line_1_36' title="bbox 47 2401 811 2464; baseline 0.004 -19"><span class='ocrx_word' id='word_1_259' title='bbox 47 2403 150 2464; x_wconf 86' lang='lat' dir='ltr'>cipitium</span> <span class='ocrx_word' id='word_1_260' title='bbox 164 2403 261 2448; x_wconf 87' lang='lat' dir='ltr'>restabat</span> <span class='ocrx_word' id='word_1_261' title='bbox 276 2403 420 2459; x_wconf 89' lang='lat' dir='ltr'>immensum,</span> <span class='ocrx_word' id='word_1_262' title='bbox 432 2402 449 2446; x_wconf 89' lang='lat' dir='ltr'>si</span> <span class='ocrx_word' id='word_1_263' title='bbox 467 2401 570 2446; x_wconf 89' lang='lat' dir='ltr'>volebant</span> <span class='ocrx_word' id='word_1_264' title='bbox 581 2401 692 2458; x_wconf 83' lang='lat' dir='ltr'>evadere3</span> <span class='ocrx_word' id='word_1_265' title='bbox 709 2403 748 2448; x_wconf 92' lang='lat' dir='ltr'>sed</span> <span class='ocrx_word' id='word_1_266' title='bbox 765 2403 811 2448; x_wconf 76' lang='lat' dir='ltr'>dux</span> 
     </span>
     <span class='ocr_line' id='line_1_37' title="bbox 46 2464 811 2530; baseline 0 -19"><span class='ocrx_word' id='word_1_267' title='bbox 46 2481 125 2513; x_wconf 88' lang='lat' dir='ltr'>eorum</span> <span class='ocrx_word' id='word_1_268' title='bbox 137 2466 209 2513; x_wconf 85' lang='lat' dir='ltr'>audax</span> <span class='ocrx_word' id='word_1_269' title='bbox 218 2467 349 2512; x_wconf 86' lang='lat' dir='ltr'>Franciscus</span> <span class='ocrx_word' id='word_1_270' title='bbox 357 2465 420 2511; x_wconf 91' lang='lat' dir='ltr'>dedit</span> <span class='ocrx_word' id='word_1_271' title='bbox 427 2464 540 2511; x_wconf 87' lang='lat' dir='ltr'>audaciam</span> <span class='ocrx_word' id='word_1_272' title='bbox 549 2465 704 2514; x_wconf 81' lang='lat' dir='ltr'>descendendi</span> <span class='ocrx_word' id='word_1_273' title='bbox 738 2466 811 2530; x_wconf 85' lang='lat' dir='ltr'>Igitur</span> 
     </span>
     <span class='ocr_line' id='line_1_38' title="bbox 47 2529 812 2593; baseline 0.004 -18"><span class='ocrx_word' id='word_1_274' title='bbox 47 2531 171 2578; x_wconf 85' lang='lat' dir='ltr'>incolumes</span> <span class='ocrx_word' id='word_1_275' title='bbox 181 2532 310 2578; x_wconf 86' lang='lat' dir='ltr'>recedentes</span> <span class='ocrx_word' id='word_1_276' title='bbox 321 2530 424 2577; x_wconf 86' lang='lat' dir='ltr'>abierunt</span> <span class='ocrx_word' id='word_1_277' title='bbox 434 2531 513 2588; x_wconf 88' lang='lat' dir='ltr'>securi,</span> <span class='ocrx_word' id='word_1_278' title='bbox 525 2529 612 2593; x_wconf 88' lang='lat' dir='ltr'>magnis</span> <span class='ocrx_word' id='word_1_279' title='bbox 622 2531 733 2592; x_wconf 87' lang='lat' dir='ltr'>preconiis</span> <span class='ocrx_word' id='word_1_280' title='bbox 743 2531 812 2580; x_wconf 86' lang='lat' dir='ltr'>huius</span> 
     </span>
     <span class='ocr_line' id='line_1_39' title="bbox 47 2597 392 2660; baseline 0 -19"><span class='ocrx_word' id='word_1_281' title='bbox 47 2598 117 2644; x_wconf 88' lang='lat' dir='ltr'>sancti</span> <span class='ocrx_word' id='word_1_282' title='bbox 128 2597 238 2660; x_wconf 83' lang='lat' dir='ltr'>magnalia</span> <span class='ocrx_word' id='word_1_283' title='bbox 248 2597 392 2659; x_wconf 87' lang='lat' dir='ltr'>predicantes.</span> 
     </span>
    </p>

    <p class='ocr_par' dir='ltr' id='par_1_5' title="bbox 48 2660 811 2920">
     <span class='ocr_line' id='line_1_40' title="bbox 95 2660 811 2717; baseline -0.006 -9"><span class='ocrx_word' id='word_1_284' title='bbox 95 2662 206 2717; x_wconf 62' lang='lat' dir='ltr'>Albpertus</span> <span class='ocrx_word' id='word_1_285' title='bbox 216 2663 245 2707; x_wconf 90' lang='lat' dir='ltr'>de</span> <span class='ocrx_word' id='word_1_286' title='bbox 255 2661 343 2717; x_wconf 85' lang='lat' dir='ltr'>Aretio,</span> <span class='ocrx_word' id='word_1_287' title='bbox 355 2676 406 2705; x_wconf 90' lang='lat' dir='ltr'>cum</span> <span class='ocrx_word' id='word_1_288' title='bbox 417 2661 440 2704; x_wconf 92' lang='lat' dir='ltr'>in</span> <span class='ocrx_word' id='word_1_289' title='bbox 462 2660 556 2705; x_wconf 89' lang='lat' dir='ltr'>vinculis</span> <span class='ocrx_word' id='word_1_290' title='bbox 572 2660 686 2704; x_wconf 85' lang='lat' dir='ltr'>artissimis</span> <span class='ocrx_word' id='word_1_291' title='bbox 697 2670 811 2706; x_wconf 86' lang='lat' dir='ltr'>teneretur</span> 
     </span>
     <span class='ocr_line' id='line_1_41' title="bbox 48 2723 811 2789; baseline 0 -18"><span class='ocrx_word' id='word_1_292' title='bbox 48 2730 89 2787; x_wconf 84' lang='lat' dir='ltr'>pro</span> <span class='ocrx_word' id='word_1_293' title='bbox 105 2725 187 2789; x_wconf 79' lang='lat' dir='ltr'>debitis</span> <span class='ocrx_word' id='word_1_294' title='bbox 201 2726 284 2773; x_wconf 90' lang='lat' dir='ltr'>iniuste</span> <span class='ocrx_word' id='word_1_295' title='bbox 300 2724 327 2771; x_wconf 92' lang='lat' dir='ltr'>ab</span> <span class='ocrx_word' id='word_1_296' title='bbox 343 2740 370 2770; x_wconf 91' lang='lat' dir='ltr'>eo</span> <span class='ocrx_word' id='word_1_297' title='bbox 388 2724 472 2786; x_wconf 82' lang='lat' dir='ltr'>petitis,</span> <span class='ocrx_word' id='word_1_298' title='bbox 488 2740 551 2771; x_wconf 90' lang='lat' dir='ltr'>suam</span> <span class='ocrx_word' id='word_1_299' title='bbox 567 2723 717 2771; x_wconf 89' lang='lat' dir='ltr'>innocentiam</span> <span class='ocrx_word' id='word_1_300' title='bbox 734 2735 811 2771; x_wconf 90' lang='lat' dir='ltr'>sancto</span> 
     </span>
     <span class='ocr_line' id='line_1_42' title="bbox 49 2787 810 2852; baseline 0 -16"><span class='ocrx_word' id='word_1_301' title='bbox 49 2790 165 2839; x_wconf 87' lang='lat' dir='ltr'>Francisco</span> <span class='ocrx_word' id='word_1_302' title='bbox 175 2791 291 2838; x_wconf 80' lang='lat' dir='ltr'>humiliter</span> <span class='ocrx_word' id='word_1_303' title='bbox 305 2789 479 2841; x_wconf 87' lang='lat' dir='ltr'>commendavit.</span> <span class='ocrx_word' id='word_1_304' title='bbox 512 2787 622 2835; x_wconf 83' lang='lat' dir='ltr'>Ordinem</span> <span class='ocrx_word' id='word_1_305' title='bbox 633 2787 730 2836; x_wconf 86' lang='lat' dir='ltr'>fratrum</span> <span class='ocrx_word' id='word_1_306' title='bbox 741 2789 810 2852; x_wconf 87' lang='lat' dir='ltr'>pluri-</span> 
     </span>
     <span class='ocr_line' id='line_1_43' title="bbox 48 2854 811 2920; baseline 0.001 -20"><span class='ocrx_word' id='word_1_307' title='bbox 48 2870 113 2902; x_wconf 90' lang='lat' dir='ltr'>mum</span> <span class='ocrx_word' id='word_1_308' title='bbox 124 2857 241 2920; x_wconf 74' lang='lat' dir='ltr'>diligebar,</span> <span class='ocrx_word' id='word_1_309' title='bbox 249 2866 272 2902; x_wconf 89' lang='lat' dir='ltr'>et</span> <span class='ocrx_word' id='word_1_310' title='bbox 281 2866 382 2902; x_wconf 88' lang='lat' dir='ltr'>sanctum</span> <span class='ocrx_word' id='word_1_311' title='bbox 395 2856 453 2900; x_wconf 84' lang='lat' dir='ltr'>inter</span> <span class='ocrx_word' id='word_1_312' title='bbox 466 2865 554 2900; x_wconf 87' lang='lat' dir='ltr'>sanctos</span> <span class='ocrx_word' id='word_1_313' title='bbox 565 2854 654 2916; x_wconf 87' lang='lat' dir='ltr'>speciali</span> <span class='ocrx_word' id='word_1_314' title='bbox 665 2854 811 2903; x_wconf 87' lang='lat' dir='ltr'>venerabatur</span> 
     </span>
    </p>
   </div>
   <div class='ocr_carea' id='block_1_3' title="bbox 0 0 973 3169">
    <p class='ocr_par' dir='ltr' id='par_1_6' title="bbox 0 0 973 3169">
     <span class='ocr_line' id='line_1_44' title="bbox 0 0 973 3169; baseline 0 0"><span class='ocrx_word' id='word_1_315' title='bbox 0 0 973 3169; x_wconf 95' lang='lat' dir='ltr'> </span> 
     </span>
    </p>
   </div>
  </div>
 </body>
</html>
