1919 3169
240 90 442 138 TRACTATUS
459 90 634 140 SECUNDUS
790 93 817 137 81

56 197 158 250 vagetur.
201 185 315 231 Lucrum
329 196 412 239 autem,
440 186 476 229 vel
507 185 633 231 mercedem
662 184 743 228 laboris
775 201 820 229 non

56 250 176 298 laborantis
192 250 291 307 arbitrio,
309 249 348 296 sed
363 249 486 311 guardiani,
503 249 538 297 vel
554 249 639 296 familie
658 247 819 296 commictebat.

183 414 295 467 Lamenta
308 413 337 455 ad
351 413 419 455 deum
433 414 461 455 de
473 415 552 457 otiosis
566 420 589 457 et
600 414 694 466 gulosis.
789 477 790 480 Ἰ
825 426 946 467 [n-cxxva]

106 502 217 586 Iliceat,
236 538 310 574 sancte
330 541 399 590 pater,
422 544 462 591 per
483 528 533 587 illis,
550 530 589 592 qui
611 530 644 577 tui
667 529 781 588 dicuntur,
798 528 822 575 in

57 594 167 643 excelsum
190 594 257 641 hodie
277 593 350 640 levare
370 593 499 642 lamentum.
544 594 606 641 Odio
633 605 686 641 sunt
711 594 822 641 virtutum

37 688 41 694 »
57 661 159 706 exercitia
176 659 260 717 multis,
275 659 314 720 qui
332 668 382 704 ante
399 658 498 705 laborem
514 660 616 706 volentes
633 661 753 723 quiescere,
765 660 822 705 filios

58 742 80 771 se
92 742 137 771 non
152 720 319 781 Francisci,sed
334 722 421 769 luciferi
436 723 539 784 probant.
572 724 739 770 Infirmantibus
755 741 822 787 quam

59 786 205 835 militantibus
215 786 361 842 abundamus,
371 803 421 833 curn
430 796 504 833 tamen
515 787 543 834 ad
553 787 651 834 laborem
663 789 708 834 nati
719 788 823 834 militiam

58 854 128 901 vitam
139 869 202 897 suam
212 863 314 913 reputare
322 852 436 898 deberent.
465 854 519 898 Non
530 853 601 913 placet
611 855 697 899 actione
708 855 823 914 proficere,

58 915 246 979 contemplatione
270 932 315 961 non
339 926 438 977 possunt.
484 916 544 963 Cum
568 933 645 962 omnes
670 916 824 980 singularitate

58 981 204 1036 turbaverint,
225 979 277 1040 plus
298 979 361 1025 fauce
382 996 449 1042 quam
474 980 577 1025 manibus
598 991 721 1042 operantes,
743 982 824 1028 odiunt

59 1045 216 1105 corripientem
227 1043 251 1086 in
262 1052 333 1104 porta,
343 1058 382 1087 nec
393 1043 485 1087 summis
493 1043 608 1105 patiuntur
616 1043 693 1106 digitis
703 1044 823 1089 attrectari.

60 1107 153 1153 Illorum
164 1117 239 1152 tamen
250 1106 311 1152 iuxta
321 1106 415 1152 verbum
427 1106 484 1153 beati
502 1108 612 1153 Francisci
623 1108 693 1168 magis
705 1108 825 1169 impuden-

59 1172 113 1218 tiam
130 1170 206 1227 miror,
218 1170 257 1234 qui
268 1170 322 1218 doni
334 1188 379 1218 non
390 1171 432 1217 nisi
443 1188 494 1218 cum
511 1171 592 1218 sudore
608 1172 715 1220 vixissent
726 1184 749 1218 et
765 1190 825 1220 nunc

59 1237 142 1299 absque
153 1235 228 1281 labore
239 1252 363 1298 pauperum
375 1236 456 1282 sudore
467 1246 593 1282 vescuntur.
623 1237 682 1282 Mira
692 1237 824 1298 prudentia!

62 1302 121 1348 Cum
136 1300 204 1347 nichil
219 1312 292 1364 agant,
309 1318 395 1364 semper
411 1318 448 1346 eos
469 1301 572 1347 existiens
588 1312 714 1365 occupatos
748 1303 826 1349 Horas

61 1375 199 1427 cognoscunt
218 1366 246 1410 ad
264 1365 358 1425 epulum
380 1376 402 1410 et
423 1366 441 1409 si
463 1366 554 1426 quando
573 1365 642 1410 fames
663 1377 737 1427 veget,
756 1367 826 1425 solem

62 1429 170 1475 dormisse
186 1439 311 1476 causantur.
345 1429 397 1474 Tua
412 1428 488 1491 gloria,
508 1428 565 1474 bone
584 1440 653 1491 pater,
670 1440 770 1486 monstra
786 1430 832 1476 hec·

61 1494 180 1539 hominurn
191 1492 258 1556 digna
271 1493 421 1539 crediderim?
453 1493 495 1539 Sed
512 1509 552 1538 nec
567 1494 642 1539 tunica
658 1493 756 1556 quidem.
788 1493 827 1541 Tu

62 1558 195 1620 semperhoc
204 1568 305 1619 tempore
312 1557 399 1604 lubrico
409 1567 432 1603 et
440 1557 513 1620 fugaci
522 1558 617 1604 docuisti
628 1559 759 1605 meritorum
769 1559 828 1606 divi-

61 1624 102 1669 tias
111 1638 208 1685 querere,
218 1639 245 1667 ne
255 1623 279 1668 in
289 1621 367 1668 futuro
375 1622 514 1684 contingeret
524 1623 648 1669 mendicare
658 1638 664 1677 ;
675 1624 698 1668 hi
709 1625 761 1670 vero
769 1641 828 1670 nunc

63 1687 133 1747 patria
148 1685 302 1747 perfruuntur,
313 1686 336 1731 in
351 1687 442 1731 exilium
453 1687 598 1747 postmodum
615 1687 736 1732 transituri.
761 1688 828 1750 Viget

0 1804 1 1810 ἵ
64 1750 99 1796 hic
127 1749 219 1796 morbus
246 1749 269 1796 in
296 1748 397 1807 subditis,
427 1750 535 1812 quoniam
570 1750 648 1812 prelati
681 1750 828 1808 dissimulant,

0 1859 1 1862 ,
64 1815 127 1878 quasi
144 1813 240 1877 possible
258 1815 293 1871 sit,
313 1831 411 1878 quorum
429 1815 554 1862 substinent
572 1815 662 1874 vitium,
681 1832 727 1863 non
748 1816 829 1864 lucrari

0 1881 1 1903 ³
64 1880 206 1942 supplicium.

99 2045 133 2088 De
147 2045 256 2089 ministris
269 2045 331 2088 verbi
344 2045 381 2088 dei
395 2047 418 2088 et
431 2045 505 2097 qualis
519 2044 586 2088 debet
599 2058 651 2088 esse
664 2046 796 2097 predicator.
835 2016 955 2107 [nemum]

116 2135 256 2215 OEinistros
267 2160 327 2207 verbi
338 2161 374 2207 dei
385 2161 440 2207 tales
452 2161 548 2218 volebat,
560 2162 599 2223 qui
615 2161 695 2208 studiis
711 2162 924 2227 spirituali-F01,29v0

68 2227 109 2274 bus
122 2226 264 2274 intendentes
278 2224 344 2270 nullis
358 2225 406 2270 aliis
420 2225 589 2286 prepedirentur
605 2224 699 2281 officiis3
715 2227 756 2272 hos
772 2227 832 2272 enim

69 2295 189 2355 aquodam
200 2307 282 2353 magno
293 2305 344 2351 rege
357 2287 444 2334 dicebat
453 2289 534 2335 electos
550 2290 578 2335 ad
593 2290 671 2347 edicta,
683 2306 726 2353 que
742 2307 769 2336 ex
785 2292 833 2337 eius

69 2373 107 2402 ore
131 2357 274 2420 perciperent,
298 2354 387 2415 populis
410 2353 569 2400 demandanda.
619 2353 714 2400 Dicebat
740 2367 831 2402 autem:

69 2421 158 2469 Primus
179 2420 304 2483 predicator
320 2418 406 2464 haurire
422 2419 510 2465 seeretis
526 2418 664 2465 orationibus
681 2418 754 2476 debet,
772 2421 834 2483 quod

69 2497 152 2546 postea,
173 2484 240 2530 sacris
266 2482 371 2528 effundat>
388 2483 537 2539 sermonibus,
557 2483 619 2544 prius
639 2483 700 2528 intus
722 2485 834 2543 calescere,

71 2566 137 2613 quam
150 2549 206 2596 foris
221 2547 302 2611 frigida
317 2545 385 2592 verba
400 2545 507 2608 proferre.
540 2546 697 2593 Reverendum
716 2548 759 2595 hoc
775 2549 834 2595 dice—

71 2614 108 2661 bat
119 2616 217 2661 offitium
227 2624 250 2659 et
261 2613 299 2675 qui
310 2611 366 2657 illud
377 2612 565 2669 administrarent,
576 2612 679 2657 omnibus
689 2616 833 2660 venerandos.

69 2678 111 2725 Isti
138 2680 169 2726 ait
195 2678 241 2725 vita
267 2685 320 2723 sunt
341 2674 447 2737 corporis,
469 2676 505 2722 isti
532 2676 633 2722 demonis
658 2675 834 2741 impugnatores,

72 2745 156 2791 mundi,
165 2744 260 2790 lucerna.
293 2741 356 2786 Sacre
371 2755 426 2787 vero
441 2740 554 2803 theologie
572 2741 674 2786 doctores
689 2742 834 2804 amplioribus

30 2841 32 2843 .
72 2807 153 2872 dignos
163 2805 264 2854 censebat
275 2804 409 2864 honoribus;
425 2803 478 2851 fecit
489 2806 549 2851 enirn
558 2804 692 2869 quandoque
703 2807 835 2872 generaliter

448 2885 460 2918 1³
