1919 3169
263 47 422 96 areauna
438 47 594 110 ANTIQUA
779 62 808 110 st

43 144 153 191 rationem
175 155 280 203 nostram,
298 144 371 191 verbis
392 143 479 199 sanctis,
499 143 606 191 modestis
630 144 674 200 illa,
696 161 739 207 que
763 161 808 192 non

43 209 118 269 querit
128 224 172 270 que
182 224 221 255 sua
234 219 295 266 sunt,
306 218 381 254 sancta
396 207 489 252 charitas
504 208 627 263 eructavit;
645 222 685 253 nec
700 218 747 254 erat
762 218 808 254 tam

44 271 99 318 mire
110 272 234 320 dilectionis
245 272 387 336 prerogativa
403 270 478 318 christi
495 272 523 319 ad
540 288 629 319 servum
646 289 722 328 suum,
734 273 808 320 inutili

42 336 131 383 silentio
143 337 279 386 subticenda.
314 337 400 383 Scimus
410 337 471 383 enim
482 353 567 394 omnes,
574 337 613 401 qui
624 338 730 393 vidimus,
739 354 807 401 quam

42 402 119 465 quieta
135 414 158 450 et
175 404 270 465 pacifica,
289 402 361 448 donec
379 402 436 448 vixit
452 402 528 448 christi
547 401 650 458 famulus,
670 404 808 449 cucurrerint

41 476 150 527 tempora,
161 478 243 531 quanta
253 465 423 512 exuberaverint
439 466 541 510 omnium
557 464 671 512 fertilitate
686 466 807 513 bonorum.

42 529 97 575 Non
114 531 174 576 enim
191 529 260 576 fames
277 528 339 576 verbi
356 529 398 585 dei,
421 545 472 573 cum
490 528 652 591 predicantium
669 529 736 576 verba
752 541 807 577 tunc

40 604 95 641 tunc
113 596 207 641 maxime
226 594 311 641 fuerint
330 593 395 655 plena
412 593 504 652 virtute,
521 610 574 640 cum
592 595 722 641 auditorum
741 597 808 642 corda

41 669 174 705 cunctorum
185 659 307 720 probabilia
321 657 405 704 fuerint
415 658 472 713 deo;
489 658 590 719 exempla
605 659 725 704 sanctitatis
741 659 807 705 reful-

40 720 123 783 gebant
133 723 157 767 in
168 723 271 783 religiosa
282 723 392 783 ymagine,
403 737 444 766 nec
454 722 561 782 ypocrisis
572 721 725 767 dealbatorum
736 723 807 769 adhuc

39 784 144 832 infecerat
152 796 240 832 sanctos
248 796 329 841 tantos
339 802 378 830 nec
386 785 453 831 etiam
461 785 563 831 doctrina
571 803 593 830 se
601 785 806 848 transfigurandum

40 850 191 898 curiositatem
210 851 329 898 induxerat
346 860 443 911 tantam:
463 851 545 897 merito
563 851 657 912 proinde
675 850 733 896 bona
749 862 807 898 tem—

39 915 123 976 poralia
133 915 284 974 abundabant,
296 931 348 961 cum
365 915 396 961 sic
413 924 487 961 eterna
503 915 577 962 forent
594 933 645 962 vere
662 916 766 962 omnibus
783 918 805 962 in

40 995 122 1024 amore.

87 1041 180 1090 Sublato
199 1042 310 1105 siquidem
329 1042 375 1099 illo,
393 1058 458 1091 verso
477 1043 568 1104 penitus
587 1043 670 1100 ordine,
689 1043 807 1090 immutata

40 1118 92 1154 sunt
108 1108 198 1164 omnia;
215 1125 267 1154 nam
283 1106 340 1154 bella
358 1119 380 1154 et
397 1106 517 1154 seditiones
533 1108 645 1154 invaluere
660 1107 758 1171 ubique;
784 1119 806 1155 et

39 1171 176 1219 diversarum
195 1173 304 1220 mortium
325 1183 408 1235 strages
430 1171 505 1218 subito
527 1188 595 1234 regna
615 1172 680 1234 plura
701 1174 804 1235 pervasit.

40 1236 114 1282 Famis
131 1253 186 1301 ergo
202 1237 327 1293 immanitas
343 1254 367 1283 se
383 1237 451 1298 longe
468 1237 557 1299 lateque
573 1236 682 1293 diffudit3
701 1247 723 1283 et
736 1238 806 1300 ipsius

39 1302 163 1356 crudelitas,
172 1318 216 1363 que
227 1319 304 1347 rerum
312 1302 414 1347 omnium
426 1301 555 1346 acerbitates
565 1313 678 1362 exuperat,
684 1302 806 1362 absumpsit

39 1367 200 1428 quammultos.
233 1364 316 1409 Omnia
332 1365 391 1409 enim
406 1364 521 1410 necessitas
536 1375 591 1410 tunc
606 1366 675 1412 vertit
690 1364 713 1410 in
729 1364 803 1411 cibum

38 1437 60 1475 et
82 1446 125 1494 que
146 1429 218 1476 brutis
240 1445 285 1476 non
307 1429 373 1476 edere
397 1445 451 1476 usus
472 1427 523 1486 fuit,
544 1429 648 1476 humanis
669 1429 805 1478 conficienda

39 1494 145 1541 dentibus
164 1494 284 1558 ingerebat.
330 1495 423 1540 Nucum
445 1494 556 1557 siquidem
577 1495 640 1541 testis
657 1504 679 1541 et
698 1494 804 1542 arborum

39 1559 159 1605 corticibus
176 1558 348 1604 conficiebantur
365 1575 438 1620 panes,
455 1575 494 1604 nec
511 1559 551 1604 filii
568 1569 673 1617 mortem,
685 1570 711 1605 ut
728 1560 805 1623 loqua-

39 1640 90 1667 mur
107 1624 191 1680 mitius,
203 1624 259 1669 sicut
276 1622 415 1669 confessione
433 1623 548 1668 cuiusdam
566 1624 652 1681 claruit,
667 1622 727 1668 fame
744 1641 806 1670 com—

39 1688 102 1747 pulsa
113 1697 203 1747 paterna
214 1687 283 1746 pietas
293 1686 373 1731 doluit.

88 1751 131 1797 Sed
142 1761 168 1796 ut
179 1750 266 1814 liquido
278 1750 364 1806 clareat,
377 1750 427 1814 quis
443 1765 520 1795 servus
536 1749 605 1796 fuerit
620 1749 657 1797 ille
674 1750 752 1809 fidelis,
764 1768 806 1813 pro

40 1816 103 1860 cuius
114 1831 197 1871 amore,
209 1816 371 1862 animadversio
383 1815 458 1861 divina
469 1830 561 1860 manum
572 1816 714 1877 suspenderit
730 1833 741 1861 a
758 1818 805 1862 vin-

39 1880 104 1935 dicta,
124 1879 201 1925 beatus
219 1890 282 1939 pater
301 1880 454 1934 Francischus‚
467 1890 518 1938 post
535 1889 630 1924 mortem
649 1897 711 1925 suam
731 1882 806 1940 paucis

39 1942 117 2005 elapsis
128 1941 216 2001 diebus,
224 1941 296 2001 fratri,
307 1942 343 1988 cui
358 1941 437 1989 vivens
453 1941 555 1988 futuram
571 1943 697 2004 predixerat
713 1942 806 2003 cladem,

39 2023 62 2053 se
75 2009 139 2053 illum
157 2008 204 2052 fore
222 2008 258 2053 dei
276 2007 387 2052 famulum
404 2007 522 2053 manifeste
539 2007 629 2053 detexit.
663 2008 722 2053 Nam
741 2018 806 2054 nocte

40 2070 134 2137 quadam
152 2087 204 2118 cum
224 2070 291 2118 frater
310 2069 346 2117 ille
363 2070 478 2128 dormiret,
498 2070 554 2118 clara
573 2088 626 2117 eum
645 2088 699 2118 voce
717 2074 807 2120 vocavit

40 2138 128 2184 dicens:
146 2137 222 2184 Frater
237 2137 282 2183 iam
298 2137 360 2183 venit
378 2135 454 2195 fames,
466 2154 538 2200 quam,
551 2138 623 2184 donec
640 2139 739 2185 viverem
755 2155 805 2202 ego,

39 2203 117 2249 venire
141 2218 209 2263 super
233 2212 316 2248 terram
340 2201 446 2247 dominus
467 2218 513 2247 non
532 2203 641 2264 permisit.
689 2203 806 2249 Excitatur

39 2266 108 2312 frater
135 2267 163 2312 ad
193 2282 278 2321 vocem,
309 2264 386 2311 retulit
417 2275 493 2328 postea
522 2276 600 2313 cuncta
628 2283 667 2328 per
696 2267 805 2314 ordinem.

40 2331 117 2375 Tertia
137 2345 191 2375 vero
213 2341 278 2375 nocte
299 2339 350 2390 post
371 2330 419 2387 hec,
441 2330 523 2375 iterum
545 2330 577 2374 illi
597 2341 684 2377 sanctus
705 2334 806 2392 apparuit

40 2403 62 2439 et
77 2392 146 2440 verba
163 2393 242 2440 similia
257 2392 377 2455 replicavit.

88 2505 247 2595 Gxtraneum
271 2536 344 2584 videri
366 2536 450 2580 nemini
472 2537 544 2592 debet,
564 2538 582 2582 si
604 2540 714 2599 propheta
735 2541 891 2587 nostrin-xva

40 2604 148 2665 temporis
167 2601 248 2647 talibus
269 2600 391 2662 privilegiis
411 2600 522 2656 enitebat;
542 2602 647 2645 nimirum
666 2613 849 2651 terrenarumFol.
857 2627 880 2664 34

41 2669 133 2730 caligine
160 2681 235 2713 rerum
261 2666 356 2721 solutus,
381 2663 494 2726 carnisque
521 2664 676 2726 voluptatibus
703 2666 805 2724 subditis,

41 2731 97 2778 liber
121 2728 212 2778 volabat
235 2729 360 2776 intellectus
382 2728 410 2774 ad
434 2745 529 2785 summa,
548 2746 618 2791 purus
640 2730 806 2794 ingrediebatur

42 2800 65 2844 in
81 2797 160 2845 lucem.
203 2795 238 2842 Sic
259 2794 314 2841 lucis
329 2804 403 2840 eterne
420 2793 537 2840 irradiatus
556 2793 681 2858 fulgoribus
700 2813 712 2843 a
730 2797 807 2845 Verbo
