1919 3169
305 68 466 116 LEGENDA
483 68 640 128 numqua
824 72 851 128 33

334 197 369 239 De
378 197 488 239 ministris
497 195 559 238 verbi
569 196 612 237 Dei

136 269 277 350 ministros
288 296 349 344 verbi
361 297 396 343 dei
408 296 463 342 tales
474 295 571 356 volebat,
582 296 622 361 qui
638 296 719 343 studiis
734 294 887 360 spirituali-[X]

89 364 130 411 bus
144 365 286 412 intendentes
301 361 368 408 nullis
382 362 431 408 aliis
445 363 615 424 prepedirentur
629 362 722 419 officiis3
739 363 780 407 hos
796 362 856 406 enim

88 447 100 474 a
111 431 210 492 quodam
221 444 304 490 magno
315 444 366 489 rege
376 425 464 472 dicebat
474 426 556 472 electos
571 428 600 473 ad
615 427 695 485 edicta,
706 443 749 490 que
766 443 793 472 ex
808 426 856 471 eius

88 510 127 540 ore
151 495 295 557 perciperent,
318 491 407 554 populis
431 491 591 539 demandanda.
642 490 738 537 Dicebat
764 500 856 537 autem:

88 560 154 605 Prius
175 559 301 622 predicator
324 557 412 602 haurire
435 557 524 602 secretis
546 555 685 602 orationibus
707 555 773 603 debet
795 555 857 618 quod

89 634 165 686 postea
192 622 258 668 sacris
285 620 385 667 effundat
409 621 557 678 sermonibus,
578 621 640 682 prius
661 621 722 667 intus
744 621 857 678 calescere,

11 706 14 710 ⁴
89 705 156 750 quam
170 688 225 733 foris
242 686 324 747 frigida
339 684 408 731 verba
424 685 530 747 proferre.
564 686 722 732 Reverendum
739 686 782 730 hoc
798 685 858 731 dice-

89 753 127 797 bat
138 753 237 797 offitium
248 760 270 795 et
282 750 321 810 qui
332 749 388 794 illud
400 750 589 806 administrarent,
600 750 704 794 omnibus
717 750 858 795 reverendos,

90 815 129 860 lsti
151 816 219 860 etiam
239 814 285 859 vita
303 822 356 858 sunt
378 813 484 874 corporis,
501 813 538 859 isti
559 813 661 859 demonis
682 814 858 877 impugnatores,

89 881 170 927 mundi
184 881 279 927 lucerna.
314 879 377 924 Sacre
393 895 448 925 vero
463 879 577 941 theologie
594 879 697 925 doctores
712 878 858 942 amplioribus

90 946 171 1007 dignos
182 943 284 990 censebat
294 943 429 1001 honoribus;
446 942 499 989 fecit
511 945 570 990 enim
580 944 715 1007 quandoque
726 944 859 1006 generaliter

91 1010 172 1054 scribi:
196 1010 283 1053 Omnes
307 1008 426 1069 theologos
450 1018 472 1052 et
494 1009 532 1069 qui
554 1002 683 1053 ministrant
705 1009 769 1053 nobis
791 1007 859 1053 verba

91 1073 173 1129 divina,
191 1072 299 1119 debemus
318 1072 427 1118 honorare
446 1081 468 1118 et
487 1072 586 1118 venerari
605 1081 720 1136 tamquam
738 1071 777 1136 qui
795 1071 859 1118 nobis

90 1138 218 1184 ministrant
229 1138 334 1200 spiritum
345 1148 367 1183 et
380 1137 466 1192 vitam;
484 1147 506 1183 et
522 1137 587 1183 beato
603 1138 707 1183 Antonio
723 1154 775 1183 cum
791 1139 859 1184 semel

89 1202 203 1258 scriberet,
215 1203 246 1249 sic
256 1202 310 1264 poni
322 1201 374 1248 fecit
390 1202 414 1247 in
430 1202 541 1263 principio
556 1202 650 1248 littere:
668 1203 740 1249 Fratri
757 1203 859 1249 Antonio

90 1269 196 1329 episcopo
207 1284 265 1313 meo.

136 1362 308 1457 plangendos
335 1402 410 1439 tamen
435 1394 493 1440 dixit
517 1393 673 1456 predicatores,
695 1394 734 1458 qui
755 1393 909 1446 vendun-rx-Jr

91 1478 141 1523 sepe
153 1461 214 1523 quod
225 1460 317 1515 faciunt,
326 1459 393 1505 obolo
404 1475 460 1506 vane
470 1459 559 1513 laudis;
576 1460 655 1505 talium
667 1475 720 1505 vero
731 1459 858 1505 tumoribus

91 1526 130 1572 tali
142 1524 279 1588 quandoque
289 1522 422 1570 medebatur
433 1523 551 1569 antidoto:
569 1523 616 1569 Cur
633 1524 660 1569 de
677 1525 788 1570 conversis
804 1524 858 1569 hom

92 1590 167 1636 inibus
179 1588 313 1651 gloriamini,
325 1604 383 1650 quos
394 1587 472 1633 fratres
483 1588 527 1633 mei
538 1588 649 1649 simplices
660 1589 706 1633 suis
722 1588 860 1633 orationibus

93 1654 236 1700 convertere?
273 1652 335 1697 lllud
352 1651 449 1713 denique
465 1651 568 1710 verbum,
586 1652 657 1697 donec
674 1653 760 1714 peperit
779 1653 860 1698 sterilis

93 1717 203 1779 plurimos
218 1717 291 1762 taliter
307 1714 446 1776 exponebat:
464 1716 555 1772 sterilis,
566 1716 653 1779 inquid,
664 1726 698 1761 est
714 1715 782 1762 frater
799 1733 861 1762 meus

93 1783 249 1844 pauperculus,
271 1780 310 1843 qui
335 1781 455 1841 generandi
478 1781 501 1826 in
526 1780 614 1826 ecclesia
641 1781 698 1826 filios
725 1797 771 1826 non
795 1781 861 1827 habet

94 1847 200 1893 officium.
233 1845 281 1890 Hic
292 1845 385 1906 accipiet
396 1845 419 1889 in
430 1844 514 1889 iudicio
528 1845 644 1905 plurimos,
657 1846 708 1907 quia
726 1861 783 1908 quos
801 1862 861 1892 nunc

94 1911 186 1972 privatis
197 1909 334 1954 orationibus
346 1909 465 1961 convertit,
475 1925 514 1952 sue
525 1908 596 1970 glorie
604 1919 658 1954 tunc
669 1909 737 1954 iudex
745 1910 860 1955 adscribet.

95 1975 149 2027 Que
168 1974 252 2020 multos
271 1971 336 2018 habet
352 1972 410 2017 filios
428 1972 585 2030 infirmabitur,
602 1973 655 2035 quia
673 1973 806 2035 predicator,
821 1975 861 2037 qui

95 2039 173 2085 multis
183 2038 247 2084 velut
257 2053 298 2083 sua
308 2036 394 2082 virtute
405 2036 486 2099 genitis
496 2037 585 2100 gaudet,
599 2048 717 2100 cognoscet
728 2048 783 2084 tunc
794 2038 862 2084 nichil

95 2104 212 2168 proprium
223 2102 325 2149 habuisse
336 2101 359 2147 in
370 2101 407 2148 eie.
433 2102 487 2149 lllos
498 2111 579 2159 autem,
589 2103 628 2166 qui
639 2118 662 2148 se
672 2103 743 2167 magis
753 2104 861 2163 rethoreS,

95 2186 163 2233 quam
190 2169 340 2230 predicatores
366 2167 451 2213 laudari
479 2168 581 2229 cupiunt,
601 2177 690 2225 ornatu,
712 2185 759 2214 non
780 2169 862 2215 affectu

95 2236 218 2296 loquentes,
237 2248 282 2277 non
302 2231 398 2276 multum
420 2231 513 2278 amabat.
557 2232 605 2276 Eos
626 2247 680 2278 vero
699 2233 786 2278 dicebat
805 2234 862 2278 male

95 2297 202 2354 dividere,
215 2296 254 2359 qui
265 2295 409 2357 predicationi
420 2304 502 2352 toturn,
515 2296 629 2342 devotioni
641 2296 708 2342 nichil
720 2295 861 2360 impendunt.

96 2362 211 2408 Laudabat
221 2378 298 2407 revera
308 2359 475 2421 predicatorem,
487 2361 524 2407 sed
536 2377 596 2417 eum,
605 2363 644 2423 qui
656 2377 697 2422 pro
707 2372 809 2423 ternpore
820 2362 861 2408 sibi

95 2436 189 2489 saperet,
200 2426 287 2490 sibique
297 2433 402 2487 gustaret.

302 2568 336 2608 De
345 2567 536 2617 contemplatione
546 2567 661 2610 creatoris

143 2639 284 2722 mundum
301 2669 363 2733 quasi
379 2668 561 2731 perigrinationis
577 2670 669 2716 exilium
685 2672 744 2717 exire
755 2671 893 2726 festinanmr]

96 2736 215 2782 iurabatur
237 2736 291 2780 felix
311 2736 353 2779 iste
374 2734 448 2779 viator
470 2735 503 2792 iis,
521 2752 566 2796 que
587 2735 610 2780 in
632 2735 719 2781 mundo
741 2748 799 2793 sunt,
815 2754 861 2783 non

97 2802 213 2848 modicum
232 2800 331 2863 quidem.
373 2798 462 2859 Nempe
479 2799 507 2843 ad
524 2800 634 2862 principes
651 2800 793 2855 tenebrarum
811 2813 861 2847 ute-
