1919 3169
157 88 189 129 60
372 88 533 133 LEGENDA
550 89 711 135 GREGORII

205 182 290 228 Verum
302 182 435 229 venerabilis
453 184 559 231 dominus
575 184 694 232 hostiensis
711 185 831 247 episcopus
843 187 925 232 timore

153 262 280 308 suspensus
291 258 344 305 erat,
357 248 410 294 totis
420 247 544 295 visceribus
561 266 627 296 orans
643 250 671 296 ad
687 248 814 308 dominum,
826 267 854 297 ne
866 250 924 297 beati

156 310 199 358 viri
211 322 409 375 contempneretur
419 313 557 376 simplicitas,
565 314 672 378 quoniam
681 314 704 359 in
713 330 766 360 eum
775 316 845 361 sancti
853 314 924 378 gloria

156 377 277 425 resultabat
287 395 294 435 ;
305 387 327 424 et
338 378 443 436 dedecus,
451 395 478 424 eo
490 380 552 441 quod
561 389 608 426 erat
614 389 676 442 pater
685 395 751 442 super
759 380 807 427 eius
816 379 923 428 familiam

157 443 299 489 constitutus.
325 443 478 489 Adheseratei
486 443 801 507 namquesanctusfranciscus
809 455 922 508 tamquam

157 507 217 553 filius
227 508 285 570 patri
297 518 320 553 et
330 508 410 553 unicus
420 508 486 554 matri
498 526 545 566 sue,
557 526 648 555 securus
659 510 682 554 in
693 510 743 554 sinu
755 510 873 556 clementie
884 527 923 556 sue

157 572 271 618 dormiens
287 580 310 617 et
326 573 449 635 quiescens.
482 572 582 620 Pastoris
598 584 656 621 certe
673 572 709 620 ille
726 573 833 635 implebat
848 575 922 621 vicem

157 645 180 682 et
190 635 283 682 faciebat
295 652 359 698 opus,
371 638 411 684 sed
422 647 498 683 sancto
510 638 560 683 viro
571 638 666 700 pastoris
677 638 798 700 reliquerat
809 654 899 685 nomen.

203 702 285 747 Beatus
297 711 359 762 pater
370 702 489 747 necessaria
500 702 639 763 providebat,
650 702 689 748 sed
703 702 756 748 felix
767 702 805 749 ille
815 703 923 749 dominus

156 765 245 824 provisa
256 765 344 809 effectui
362 765 507 826 mancipabat.
541 767 563 809 O
575 767 654 827 quanti
670 768 765 810 maxime
776 768 800 811 in
810 768 923 828 principio

156 844 207 873 cum
218 829 259 874 hec
276 838 404 891 agerentur,
422 828 511 874 novelle
518 835 533 860 ³⁹
552 828 685 890 plantationi
692 837 709 861 ⁴⁰
725 831 812 876 ordinis
830 830 922 876 insidia-

155 894 237 941 bantur
255 904 282 941 ut
298 893 431 956 perderent!
465 895 488 939 Ο
505 895 584 956 quanti
592 902 606 926 ⁴¹
618 894 711 940 electam
721 894 835 952 vineam,⁴²
852 912 921 959 quam

156 960 270 1006 dominica
286 976 366 1005 manus
383 959 542 1020 benignissime
560 975 642 1005 novam
661 961 685 1005 in
702 961 789 1006 mundo
800 959 921 1022 plantabat,

155 1023 270 1085 prefocare
288 1023 422 1069 studebant!
464 1022 541 1073 Quam
561 1023 629 1067 multi
646 1024 732 1083 primos
751 1033 774 1068 et
790 1025 922 1085 purissimos

156 1089 204 1135 eius
215 1087 304 1135 fructus
312 1088 382 1134 furari
399 1098 421 1133 et
438 1103 571 1134 consumere
591 1086 732 1134 nitebantur!
775 1087 823 1140 Qui
843 1104 922 1134 omnes

156 1163 203 1199 tarn
224 1153 344 1200 reverendi
366 1152 436 1215 patris
458 1161 480 1198 et
502 1151 597 1209 domini,
620 1151 695 1215 gladio
717 1152 831 1199 interfecti
850 1162 873 1199 et
893 1153 922 1200 ad

156 1219 254 1265 nihilum
271 1228 324 1264 sunt
342 1217 431 1264 redacti.
466 1217 522 1262 Erat
539 1217 599 1262 enim
617 1218 678 1262 rivus
696 1216 830 1280 eloquentie,
843 1234 922 1264 murus

156 1285 253 1339 ecclesie,
264 1283 365 1329 veritatis
381 1292 479 1327 assertor
490 1292 513 1326 et
529 1292 615 1326 amator
631 1281 759 1329 humilium.
802 1283 922 1328 Benedicta

156 1347 252 1408 proinde
268 1362 292 1392 ac
305 1344 455 1392 memorabilis
463 1353 479 1377 ⁴³
495 1345 533 1389 illa
549 1344 604 1400 dies,
617 1345 640 1389 in
657 1361 702 1408 qua
720 1354 811 1390 sanctus
822 1345 858 1390 dei
874 1357 921 1391 tam

155 1409 296 1459 venerabili!4
303 1411 397 1458 domino
405 1427 428 1457 se
435 1409 554 1456 commisit.
573 1409 635 1457 Cum
644 1410 704 1455 enim
712 1419 814 1473 tempore
821 1412 921 1474 quodam

156 1478 264 1523 dominus
276 1478 318 1522 iste
330 1477 471 1538 legationem,
483 1476 541 1520 sicut
551 1490 602 1536 sepe
613 1475 705 1532 solebat,
717 1491 759 1536 pro
771 1476 823 1521 sede
831 1487 921 1537 aposto-

155 1541 197 1588 lica
208 1542 232 1588 in
243 1541 314 1587 tuscia
324 1539 463 1603 fungeretur,
471 1538 549 1585 beatus
560 1537 686 1596 franciscus
696 1555 741 1585 non
753 1539 837 1585 multos
849 1540 922 1586 adhuc

156 1605 235 1652 fratres
246 1605 330 1652 habens
346 1616 369 1651 et
382 1605 460 1651 volens
479 1605 503 1649 in
514 1602 619 1649 franciam
636 1604 675 1661 ire,
686 1604 778 1651 devenit
794 1605 921 1651 florentiam

156 1669 195 1715 ubi
206 1676 282 1716 tune!⁵
295 1670 425 1714 iamdictus
439 1668 556 1729 episcopus
572 1666 709 1712 morabatur.
742 1668 854 1713 Nondum
865 1669 921 1714 alter

156 1735 218 1782 alteri
237 1745 284 1782 erat
300 1734 405 1796 precipua
421 1731 571 1779 familiaritate
588 1731 728 1788 coniunctus,
740 1731 779 1778 sed
799 1730 846 1779 sola
862 1731 922 1781 fama

156 1799 223 1849 beate
233 1801 280 1847 vite
291 1810 370 1845 mutua
380 1816 418 1845 eos
429 1809 452 1844 et
463 1796 574 1843 affectuali
585 1797 687 1842 iunxerat
697 1797 810 1843 charitate.

205 1866 315 1912 Ceterum
322 1864 338 1897 ⁴⁶
346 1862 420 1925 quia4⁶
432 1862 501 1908 moris
512 1871 559 1907 erat
569 1861 627 1907 beati
638 1860 746 1916 francisci,
758 1878 811 1908 cum
822 1862 920 1923 aliquam

156 1929 277 1988 civitatem,
288 1927 324 1975 vel
335 1938 417 1974 terram
428 1925 588 1991 ingrederetur,
600 1924 627 1970 ad
644 1924 762 1988 episcopos
779 1925 815 1970 vel
822 1933 838 1957 ⁴⁷
849 1942 921 1972 sacer-

156 1995 220 2041 dotes
235 1994 345 2050 accedere,
358 1993 452 2039 audiens
468 1992 497 2037 de
509 1991 620 2052 presentia
635 1990 692 2036 tanti
704 1990 824 2052 pontificis,
841 2007 921 2054 magna

156 2076 207 2106 cum
215 2060 340 2108 reverentia
346 2059 394 2104 eius
403 2074 426 2103 se
436 2056 554 2102 clementie
562 2054 704 2117 presentavit.
728 2054 805 2107 Quem
814 2055 921 2102 dominus

156 2126 275 2189 episcopus
302 2124 389 2181 videns,
416 2120 498 2168 humili
531 2120 653 2167 devotione
682 2120 785 2181 suscepit,
813 2121 871 2166 sicut
898 2131 921 2167 et

156 2207 243 2251 semper
249 2190 265 2222 ⁴⁸
276 2190 383 2236 omnibus
392 2203 475 2234 sacram
483 2184 616 2248 religionem
624 2183 808 2247 pretendentibus
816 2184 921 2244 faciebat3

155 2263 178 2300 et
189 2254 233 2301 illis
243 2253 356 2317 precipue,
368 2253 407 2315 qui
419 2251 482 2295 beate
493 2248 630 2312 paupertatis
646 2259 668 2295 et
685 2258 760 2295 sancte
774 2249 922 2312 simplicitatis

156 2319 243 2381 insigne
254 2318 328 2365 nobile
339 2316 493 2365 deferebant!9

204 2385 236 2430 Et
247 2384 354 2447 quoniam
365 2380 473 2428 sollicitus
488 2389 536 2425 erat
552 2393 677 2440 pauperum
689 2377 793 2439 supplere
803 2379 903 2441 inopiam
914 2397 920 2437 ;

156 2459 178 2496 et
189 2450 291 2512 ipsorum
302 2448 392 2513 negotia
408 2443 532 2509 specialiter
549 2452 691 2506 pertractare,
703 2459 792 2489 causam
809 2443 921 2491 adventus

156 2516 225 2575 ipsuis
232 2523 248 2546 ⁵⁰
259 2514 379 2575 diligenter
390 2510 487 2574 quesivit
502 2519 524 2554 et
540 2509 588 2554 eius
601 2508 744 2569 propositum
761 2507 921 2569 benignissime

156 2614 921 2632 W

194 2684 210 2710 ³9
220 2679 258 2716 Ox.
267 2675 337 2714 novelli.
381 2676 397 2704 40
407 2671 440 2710 Os.
450 2670 559 2722 plantatione.
603 2672 618 2697 41
628 2666 657 2705 M.
667 2680 725 2718 quam.
768 2671 784 2697 4²
794 2666 822 2704 M.
832 2667 890 2704 omits.

194 2738 210 2763 4³
220 2731 253 2768 Os.
262 2727 372 2766 memorialis.
488 2727 504 2753 44
513 2721 547 2759 Os.
556 2721 599 2758 adds
608 2721 657 2770 patri.
760 2722 776 2751 45
786 2719 819 2758 Os.
829 2720 886 2758 omits.

194 2783 210 2813 4⁶
220 2784 244 2819 L.
254 2790 370 2827 ceteramque.
482 2778 497 2803 47
508 2775 532 2811 L.
541 2782 565 2809 et.
689 2770 704 2800 48
714 2771 741 2807 Η.
751 2772 785 2807 aud
794 2771 828 2807 Os.
837 2773 886 2808 omit.

195 2840 211 2865 49
221 2833 260 2871 Ox.
269 2831 371 2884 preferebat.
423 2828 439 2855 ⁵⁰
449 2826 476 2863 H.
486 2825 516 2862 sui.
544 2823 577 2861 Os.
587 2824 629 2860 eius.
