1919 3169
119 104 149 149 66
334 103 496 151 'LEGENDA
512 105 668 167 ANTIQUA

168 202 280 248 Noverint
291 202 330 247 hec
341 201 433 263 palatini
449 212 472 247 et
489 203 558 248 sciant
572 202 686 250 abortivos
703 219 726 248 se
742 219 790 248 esse
806 210 889 248 tractos

120 281 147 311 ex
158 275 224 312 utero
235 265 311 312 matris
326 281 370 312 suc.
405 265 460 311 Non
478 266 628 313 obedientiam
645 268 751 327 dampno,
763 267 802 312 sed
819 264 889 311 ambi-

120 331 214 388 tionem,
234 330 272 377 sed
294 330 374 387 otium,
394 330 432 376 sed
455 330 542 376 delitias
566 330 721 393 reprehend03
747 330 846 393 denique
867 338 890 374 et

121 395 253 442 obedientiis
270 394 355 441 cunctis
373 395 533 441 Francischum
551 397 644 441 omnino
661 412 771 457 propono.
805 395 889 441 Substi-

122 470 201 508 neatur
212 471 287 507 tamen
297 459 411 525 quidquid
426 460 528 522 displicet
545 461 595 519 deo,
612 460 720 524 quoniam
737 459 807 522 placet
824 460 891 506 hom-

121 525 202 571 inibus

48 629 120 710 Foiidi]
171 624 295 698 Occurrit
311 650 374 713 quod
391 649 518 698 nullatenus
535 651 698 699 transeundum
715 661 779 713 puto.
814 652 892 698 Frater

123 717 223 780 quidam,
235 732 287 761 cum
298 715 377 761 fratres
388 716 475 762 videret
491 717 514 761 in
530 717 628 778 quadam
644 716 704 763 curia
720 727 892 775 commorantes,

123 781 215 827 allectus
226 797 271 842 qua
281 780 352 841 gioria
363 781 443 837 nescio,
456 780 591 828 desideravit
603 798 648 828 una
659 797 711 827 cum
722 782 753 827 eis
770 782 817 827 fieri
833 783 892 843 pala-

123 847 184 890 tinus
194 861 200 899 3
212 854 235 888 et
242 860 294 889 curn
301 845 330 889 de
342 844 402 888 curia
413 845 514 889 curiosus
526 845 634 899 existeret,
645 855 712 890 nocte
720 846 818 906 quadam
829 847 893 891 videt

122 909 146 954 in
157 907 257 969 sompnis
268 905 346 952 fratres
359 907 470 969 predictos
487 918 549 953 extra
562 908 638 955 iocum
656 905 751 954 fratrum
767 908 853 969 positos
870 919 892 954 et

123 973 150 1019 ab
161 989 241 1019 eorum
252 972 364 1017 consortio
375 981 486 1034 separatos
496 989 502 1028 ;
519 972 582 1018 videt
592 972 684 1035 insuper
696 989 735 1018 eos
750 975 893 1019 comedentes

123 1038 147 1084 in
166 1055 218 1085 vase
236 1054 357 1098 porcorum
379 1037 509 1099 turpissimo
528 1047 550 1082 et
569 1037 695 1094 immundo,
714 1038 738 1083 in
757 1055 804 1101 quo
823 1038 893 1084 cicera

124 1102 288 1149 manducabant
309 1102 414 1148 humanis
436 1101 572 1148 stercoribus
593 1103 727 1150 intermixta.
786 1104 892 1160 Cernens,

124 1170 167 1215 hoc
180 1167 249 1215 frater
259 1167 402 1214 vehementer
413 1167 532 1230 obstupuit
543 1178 566 1213 ct
577 1168 678 1215 diluculo
688 1185 781 1232 surgens
797 1168 893 1231 amplius

124 1235 153 1280 de
164 1233 225 1279 curia
235 1248 281 1277 non
292 1233 385 1278 curavit.

69 1367 122 1410 [NJ]
172 1333 298 1421 Devenit
319 1362 440 1425 aliquando
461 1373 550 1409 sanctus
572 1379 624 1410 cum
649 1364 708 1410 sotio
730 1365 758 1411 ad
780 1364 893 1412 ecclesiam

126 1431 248 1496 quamdam
255 1429 322 1492 longe
328 1428 356 1474 ab
363 1426 498 1474 habitatione
505 1428 570 1474 sitam
581 1438 604 1474 et
614 1426 736 1475 solitariam
746 1445 752 1486 ;
770 1430 894 1476 orationem

127 1497 207 1543 offerre
218 1495 311 1556 cupiens
321 1503 413 1538 amovet
430 1492 515 1538 sotium
533 1493 625 1540 dicens:
649 1494 743 1553 Vellem,
762 1494 837 1551 frater,
858 1495 894 1541 hic

128 1562 189 1607 solus
199 1562 240 1604 hac
251 1568 317 1603 nocte
328 1574 424 1614 manere,
436 1558 491 1602 vade
502 1558 530 1603 ad
546 1557 655 1618 hospitale
671 1570 693 1605 et
708 1559 735 1604 ad
752 1576 788 1604 me
804 1576 894 1606 summo

127 1641 192 1671 mane
203 1632 321 1670 revertere.
356 1621 415 1666 Cum
427 1637 481 1683 ergo
493 1620 554 1666 solus
562 1622 687 1683 persisteret
695 1622 807 1667 orationes
817 1623 895 1686 longas

127 1707 151 1736 ac
163 1687 318 1737 devotissimas
335 1686 437 1731 Domino
454 1684 558 1740 fundens,
578 1686 728 1748 circumspicit
744 1687 836 1733 tandem
854 1687 893 1734 ubi

127 1764 194 1815 caput
210 1753 238 1800 ad
254 1751 415 1797 dormiendum
432 1751 524 1796 reclinet
541 1761 563 1797 et
580 1751 656 1796 subito
673 1752 782 1808 turbatus
801 1753 894 1813 spiritus

127 1835 208 1881 pavere
219 1826 241 1862 et
251 1816 327 1863 tadere
342 1814 407 1876 cepit,
420 1830 511 1875 corpore
529 1831 583 1860 vero
601 1832 628 1860 ex
645 1815 706 1868 omni
724 1826 787 1877 parte
804 1826 894 1863 contre-

128 1900 195 1927 mere.
224 1880 336 1925 Sentiebat
343 1879 439 1940 liquido,
448 1888 525 1922 contra
535 1895 558 1922 sc
567 1879 693 1939 dyabolicas
704 1881 893 1941 impugnationes,

127 1962 195 2007 supra
204 1953 290 1991 tectum
301 1959 357 1991 vcro
374 1942 456 1988 domus
473 1952 570 1987 catervas
587 1942 711 1988 demonum
729 1960 781 1989 cum
797 1943 894 2006 strepitu

126 2011 283 2060 discurrentes.

176 2073 276 2121 Surrexit
286 2073 362 2135 itaque
376 2072 481 2132 protinus
496 2080 519 2116 et
536 2087 637 2132 egressus
654 2071 715 2118 foras
733 2074 804 2119 crucis
821 2074 893 2135 signa-

129 2140 206 2187 culum
221 2138 290 2184 fronti
308 2136 440 2198 imprimens
457 2135 529 2181 dixit:
547 2136 583 2181 Ex
601 2145 662 2198 parte
679 2138 840 2199 omnipotentis
858 2140 894 2186 dei

129 2206 180 2253 dico
196 2202 261 2250 vobis
278 2202 392 2258 demones,
411 2210 437 2245 ut
454 2200 567 2263 quidquid
584 2200 648 2245 vobis
665 2202 799 2262 permissum
818 2213 852 2247 est
870 2204 894 2248 in

129 2285 180 2315 meo
198 2282 291 2328 corpore
308 2265 408 2318 faciatis;
425 2264 496 2309 libens
513 2264 633 2320 substineo,
647 2265 700 2326 quia
717 2281 769 2311 cum
787 2268 894 2313 maiorem

129 2333 246 2379 inimicum
258 2347 304 2376 non
315 2330 408 2375 habeam
420 2344 517 2390 corpore,
531 2328 671 2375 vindicabitis
682 2345 718 2374 me
729 2330 757 2375 de
768 2331 894 2377 adversario

130 2415 187 2456 mco,
205 2398 261 2444 dum
278 2396 301 2441 in
320 2395 369 2456 ipso
388 2394 436 2439 vice
455 2393 499 2438 mei
518 2394 646 2440 exercebitis
665 2394 782 2441 ultionem.
816 2396 895 2459 Itaque

130 2463 170 2524 qui
192 2471 284 2522 propter
305 2459 411 2519 spiritum
433 2458 592 2503 deterrendum
614 2470 771 2513 convenerant,
790 2461 895 2520 spiritum

131 2525 293 2588 promptiorem
315 2523 339 2567 in
361 2536 426 2567 carne
447 2521 535 2567 infirma
556 2531 677 2579 cernentes,
697 2522 784 2583 pudore
807 2523 895 2570 confusi

131 2590 233 2653 protinus
248 2595 392 2635 evanescunt.

180 2656 251 2700 Mane
272 2652 339 2709 facto,
361 2650 482 2696 revertitur
504 2651 532 2697 ad
553 2667 606 2696 eum
634 2651 705 2696 sotius
731 2662 753 2697 et
780 2653 896 2700 inveniens

130 2730 233 2766 sanctum
250 2734 324 2764 coram
340 2714 404 2762 altari
426 2724 569 2777 prostratum,
589 2724 689 2777 expectat
710 2725 771 2762 extra
792 2717 896 2777 chorum,

131 2796 226 2846 oratque
237 2782 327 2828 interim
343 2782 390 2841 ipse
402 2796 476 2825 coram
493 2795 557 2827 cruce
573 2778 702 2836 ferventer3
719 2791 742 2828 ct
758 2797 808 2828 ecce
824 2782 897 2830 factus

131 2849 155 2894 in
166 2846 235 2894 extasi
247 2847 309 2892 videt
320 2845 378 2891 inter
392 2842 474 2889 multas
492 2844 515 2888 in
533 2843 580 2889 celo
598 2844 659 2889 sedes
677 2860 745 2890 unam
757 2846 835 2891 ceteris
846 2847 897 2910 dig-
