1919 3169
151 88 178 130 82
280 134 282 136 ,
366 83 526 128 LEGENDA
542 82 699 142 ANTIQUA

149 181 221 227 otiosa
239 191 291 243 post
310 179 434 226 orationem
454 180 569 235 deflueret,
590 188 668 225 contra
685 177 772 239 lapsum
792 176 917 222 otiosorum

150 244 273 290 verborum
294 245 337 289 hoe
359 243 485 288 remedium
507 243 627 298 ordinavit,
649 242 742 287 dicens:
771 240 918 302 Quicumque

150 309 220 355 frater
231 311 338 365 otiosum,
350 308 385 353 vel
400 308 480 353 inutile
497 309 591 354 verbum
608 308 711 368 protulit,
722 315 825 352 teneatur
843 304 918 350 statim

151 374 225 422 dicere
236 390 298 422 suam
310 371 398 435 culpam
409 383 431 419 et
443 389 485 434 pro
495 372 589 436 singulis
600 371 677 419 otiosis
687 369 755 417 semel
771 369 845 418 dicere
855 379 919 431 pater

151 451 234 486 noster.
266 439 301 484 Sic
317 446 390 483 autem
407 437 468 495 volu,
485 448 511 483 ut
529 439 547 483 si
567 438 614 498 ipse
632 437 695 497 prius
711 452 734 481 se
751 435 875 495 culpaverit
891 433 919 479 dc

151 504 277 561 commisso,
300 502 359 548 dicat
379 512 442 563 pater
463 512 540 547 noster
562 518 605 564 pro
626 501 699 546 anima
720 516 765 558 sua,
785 499 804 544 si
826 498 853 544 ab
874 497 918 543 alio

151 569 213 630 prius
228 567 297 614 fuerit
313 567 454 629 redargutus,
471 567 544 614 anime
560 566 714 629 redarguentis
729 564 843 611 attribuat.

86 691 148 732 [Ἠ]
197 662 320 757 ὂθρὶάοε
330 693 387 740 nulli
399 710 422 739 se
433 696 525 757 negotio
536 694 673 741 familiariter
689 693 825 755 applicantes
836 693 881 739 cito
892 709 920 738 ex

152 776 190 804 ore
202 759 288 804 domini
299 775 419 805 evomenos
430 760 524 804 dicebat.
557 761 642 805 Nullus
657 775 732 803 coram
748 776 775 803 eo
791 774 919 819 comparere

152 833 239 883 poterat
248 823 341 878 otiosus,
349 823 404 884 quin
411 824 511 869 mordaci
518 840 570 869 eum
581 823 643 869 dicto
654 822 775 883 corriperet
785 838 791 877 ;
807 821 919 883 siquidem

152 888 199 950 ipse
216 888 289 934 omnis
306 886 449 950 perfectionis
465 888 577 950 exemplar
591 886 731 934 laborabatur
748 900 771 933 et
787 885 921 949 operabatur

153 953 255 999 manibus
269 953 321 1010 suis,
337 953 405 999 nichil
421 954 553 1015 permittens
568 953 656 998 effluere
673 954 700 999 de
715 952 795 1014 optimi
812 952 920 1014 temporis

154 1018 222 1063 dono.
256 1018 320 1063 Dixit
337 1017 404 1062 etiam
426 1018 562 1078 aliquando:
587 1017 649 1062 Volo
670 1034 754 1072 omnes,
772 1017 850 1061 fratres
869 1017 920 1072 mei,

153 1080 254 1127 laborare
276 1092 298 1126 et
320 1081 433 1126 exercitari
456 1092 479 1127 et
501 1098 546 1139 eos,
563 1082 602 1144 qui
625 1081 734 1138 nesciunt,
757 1080 841 1143 aliquas
864 1091 921 1126 artes

154 1147 275 1193 addiscere.
308 1146 340 1193 Et
358 1147 467 1193 rationem
486 1147 588 1202 reddens,
605 1156 638 1203 ut,
658 1146 745 1209 inquid,
760 1146 835 1191 minus
851 1146 922 1192 simus

155 1211 283 1258 hominibus
292 1211 395 1257 honerosi
411 1223 434 1258 et
450 1228 479 1257 nc
494 1212 518 1257 in
533 1213 580 1258 otio
595 1227 634 1273 per
649 1211 727 1257 illicita
738 1228 783 1268 cor,
794 1221 833 1257 aut
843 1211 922 1273 lingua

155 1286 258 1339 vagetur.
302 1277 403 1322 Lucrum
430 1287 514 1332 autem,
542 1275 577 1322 vel
607 1276 733 1322 mercedem
761 1274 843 1321 laboris
875 1293 921 1322 non

154 1341 275 1385 laborantis
291 1341 391 1395 arbitrio,
409 1341 447 1385 sed
463 1340 587 1401 guardiam,
604 1340 639 1385 vel
656 1340 740 1385 familie
756 1340 919 1387 committebat.

82 1481 152 1523 [w-nJ]
204 1438 316 1524 Eiceat,
334 1478 423 1514 sanctus
440 1482 509 1530 pater,
528 1485 571 1531 pro
589 1468 640 1525 illis,
657 1469 697 1531 qui
715 1469 749 1515 tui
766 1468 881 1526 dicuntur,
899 1470 923 1515 in

155 1534 266 1580 excelsum
289 1534 356 1579 hodie
377 1533 451 1579 levare
471 1533 601 1580 lamentum.
647 1533 709 1578 Odio
733 1544 786 1579 sunt
811 1534 923 1579 virtutum

154 1599 257 1644 exercitia
274 1597 359 1655 multis,
373 1597 412 1659 qui
429 1607 481 1643 ante
497 1597 597 1644 laborem
614 1597 716 1643 volentes
733 1598 854 1660 quiescere,
866 1598 923 1644 filios

155 1678 177 1707 se
189 1679 234 1708 non
248 1661 366 1717 Francisci,
377 1662 416 1707 sed
432 1661 518 1707 luciferi
535 1661 637 1722 probant.
671 1661 838 1707 infirmantibus
855 1679 922 1723 quam

155 1726 303 1771 militantibus
313 1725 459 1780 abundamus,
469 1741 520 1769 eum
528 1735 602 1770 tamen
614 1724 642 1769 ad
652 1724 751 1769 laborem
762 1725 807 1770 nati
819 1725 922 1771 militiam

154 1791 225 1836 vitam
236 1807 299 1836 suam
310 1800 412 1852 reputare
421 1790 535 1835 deberent.
564 1790 619 1834 Non
630 1790 701 1850 placet
710 1791 796 1835 actione
807 1792 922 1852 proficere,

155 1855 344 1917 contemplatione
368 1870 414 1899 non
438 1865 537 1915 possunt.
584 1855 644 1899 Cum
669 1871 746 1899 omnes
769 1855 923 1917 singularitate

155 1919 302 1974 turbaverint,
324 1917 375 1978 plus
396 1917 460 1963 fauce
481 1935 548 1979 quam
573 1918 675 1963 manibus
697 1929 820 1979 operantes,
842 1920 924 1966 odiunt

155 1983 313 2046 corripientem
324 1982 348 2027 in
360 1992 432 2044 porta,
442 1998 481 2026 nee
492 1981 585 2027 summis
593 1982 709 2044 patiuntur
717 1983 794 2045 digitis
802 1984 922 2030 attrectari.

156 2048 250 2093 lllorum
262 2058 336 2093 tamen
347 2046 409 2091 iuxta
420 2046 514 2092 verbum
526 2046 584 2092 beati
601 2047 712 2093 Francisci
723 2048 793 2110 magis
804 2048 924 2109 impuden-

155 2113 209 2158 tiam
229 2112 305 2168 miror‚
323 2110 362 2176 qui
383 2111 446 2157 domi
465 2111 507 2156 nisi
526 2127 577 2158 cum
596 2111 678 2158 sudore
695 2112 803 2159 vixissent
822 2122 844 2159 et
864 2130 924 2161 nunc

155 2177 239 2240 absque
250 2176 325 2223 labore
336 2193 461 2239 pauperum
471 2177 552 2222 sudore
562 2189 689 2238 pascuntur.
720 2179 780 2223 Mira
790 2180 922 2239 prudentia!

157 2243 217 2287 Cum
232 2242 299 2286 nichil
316 2251 389 2303 agant,
401 2257 488 2302 semper
503 2258 541 2285 eos
557 2241 668 2286 existimes
685 2253 812 2304 occupatos.
845 2244 924 2288 Horas

156 2315 295 2368 cognoscunt
314 2306 342 2351 ad
360 2304 455 2365 epulum
477 2314 499 2350 et
520 2306 538 2351 si
560 2306 651 2367 quando
670 2305 739 2352 fames
761 2316 834 2367 urget,
853 2307 924 2353 solem

157 2370 266 2416 dormisse
283 2379 408 2417 causantur.
442 2369 494 2415 Tua
510 2369 586 2432 gloria,
605 2369 663 2416 bone
681 2381 750 2432 pater,
767 2381 868 2418 monstra
884 2373 924 2418 hec

156 2435 275 2481 hominum
287 2434 355 2497 digna
365 2433 516 2481 crediderim?
548 2435 590 2481 Sed
607 2451 647 2480 nec
662 2436 738 2481 tunica
754 2436 853 2499 quidem.
885 2437 924 2483 Tu

157 2517 243 2561 semper
250 2500 291 2545 hoc
300 2509 401 2559 tempore
409 2498 495 2544 lubrico
506 2509 529 2545 et
537 2499 610 2561 fugaci
617 2500 713 2546 docuisti
724 2502 857 2547 meritorum
866 2502 925 2549 divi-

157 2564 198 2609 tias
207 2579 304 2624 querere,
314 2579 341 2608 ne
352 2563 375 2607 in
386 2562 464 2607 futuro
473 2564 612 2624 contingeret
619 2565 744 2609 mendicare
754 2580 760 2619 ;
772 2565 795 2610 hi
805 2581 857 2610 vero
866 2581 925 2611 nunc

158 2627 229 2689 patria
245 2625 399 2689 perfruuntur,
411 2626 434 2671 in
445 2626 536 2673 exilium
547 2628 693 2690 postmodum
710 2629 832 2675 transituri.
857 2630 925 2694 Viget

80 2693 194 2747 Fol77hic
222 2692 314 2739 morbus
342 2692 365 2737 in
393 2690 494 2749 subditis,
524 2693 632 2756 quoniam
666 2694 744 2756 prelati
777 2695 925 2753 dissimulant,

159 2758 223 2821 quasi
240 2757 336 2818 possible
354 2758 389 2813 sit,
410 2773 508 2819 quorum
526 2758 652 2804 substinent
670 2759 761 2817 vitium,
780 2777 826 2811 non
844 2760 925 2806 lucrari

159 2822 302 2885 supplicium.
