1919 3169
289 71 447 118 LEGENDA
464 71 621 131 ANTIQUA
807 86 818 133 ς
822 86 834 132 5

72 180 161 212 sensum
179 165 341 229 experiebatur,
353 165 438 213 nemini
456 164 570 214 revelaret.
604 166 648 212 Per
665 182 737 212 unum
754 175 836 224 tamen,

73 229 133 291 quod
166 230 234 277 semel
268 231 376 285 innotuit,
409 240 469 291 patet
503 231 575 286 nobis,
608 245 676 291 quarn
708 229 837 292 frequenter

72 293 96 337 in
119 309 215 355 superna
236 295 355 342 dulcedine
379 293 482 340 absortus
505 293 580 341 fuerit.
641 293 714 339 Asino
738 294 836 357 quodam

72 366 173 421 ternpore
205 358 341 418 vectabatur,
373 374 425 404 cum
458 374 498 421 per
532 358 630 422 burgum
663 357 731 405 sancti
764 358 837 421 sepul-

72 423 118 469 chri
140 440 193 471 eum
214 434 328 487 oporteret
349 425 455 480 transire;
479 434 502 470 et
521 424 576 470 dum
595 423 708 488 quiescere
727 421 795 470 vellet
813 424 837 469 in

73 488 171 550 quodam
183 489 299 535 domicilio
309 489 459 549 leprosorum,
471 489 569 534 innotuit
583 488 660 533 multis
676 488 783 534 transitus
794 488 836 533 viri

72 552 114 600 dei.
155 556 287 600 Accurrunt
306 553 413 614 undique,
430 552 473 598 viri
495 561 518 597 et
539 552 651 610 mulieres,
667 553 743 599 videre
762 553 836 614 ipsum

72 626 95 661 et
121 616 168 663 sola
194 618 315 664 devotione
342 616 471 679 contingere
499 616 617 678 cupientes.
671 615 736 669 Quid
757 617 835 662 enim?

72 691 191 728 attrectant
201 681 264 729 illum
276 693 298 728 et
308 682 402 729 trahunt
413 692 435 727 et
446 682 474 728 de
485 682 560 728 tunica
570 698 609 728 sua
619 682 737 729 succidunt
744 681 838 743 petiolas

72 757 94 792 et
115 756 233 809 reponunt.
274 746 411 792 insensibilis
429 746 520 793 videtur
541 747 611 792 homo
629 747 657 793 ad
679 746 797 802 universa3
816 757 838 792 et

72 811 140 857 velud
161 827 242 873 corpus
260 811 360 857 exanime
381 811 409 858 de
431 810 480 867 hiis,
502 827 545 873 que
572 812 637 867 fiunt,
659 811 728 857 nichil
749 811 836 857 avertit.

72 874 194 936 Applicant
204 876 295 921 tandem
306 876 334 921 ad
344 875 421 920 locum
437 885 459 920 et
471 874 510 920 diu
527 874 571 920 iarn
588 875 661 939 burgo
677 874 763 932 relicto,
774 876 836 939 quasi

72 938 162 986 aliunde
183 941 311 1004 regrediens
330 940 445 987 celestium
463 939 626 1004 contemplator
643 940 737 987 sollicite
754 940 837 1003 querit,

73 1005 163 1065 quando
173 1007 325 1069 propinquent
336 1006 363 1051 ad
375 1004 478 1068 burgum.

120 1108 237 1196 Quando
248 1150 260 1177 a
271 1134 364 1194 privatis
380 1132 466 1177 redibat
483 1132 629 1189 orationibus,
641 1133 723 1194 quibus
740 1148 796 1194 pene
813 1133 912 1185 inu-uu]

73 1195 147 1241 virum
158 1196 251 1242 alterum
263 1197 398 1252 mutabatur,
410 1211 499 1241 summo
516 1211 583 1257 opere
600 1195 703 1242 studebat
719 1212 742 1243 se
759 1196 838 1242 ceteris

73 1258 220 1318 conformare,
232 1277 259 1307 ne
270 1260 354 1322 ignitus
364 1276 472 1322 apparens
489 1277 543 1306 aura
560 1259 643 1306 favoris
660 1260 722 1322 quod
739 1261 838 1307 lucratus

73 1334 119 1370 erat
136 1324 254 1372 amitteret.
289 1327 344 1385 Sepe
356 1326 423 1371 etiarn
434 1324 486 1370 talia
494 1324 639 1370 familiaribus
648 1325 719 1371 dixit:
738 1325 838 1375 Quando

73 1389 194 1434 servusdei
206 1405 278 1446 orans,
286 1391 360 1451 aliqua
370 1405 428 1435 nova
439 1388 589 1434 consolatione
600 1388 703 1434 visitatur
714 1405 726 1434 a
737 1390 835 1444 domino

73 1462 193 1513 antequam
203 1463 265 1499 exeat
276 1452 303 1498 ab
315 1452 423 1508 oratione,
433 1451 507 1510 debet,
515 1453 543 1498 ad
552 1452 624 1497 celum
636 1452 712 1498 oculos
723 1452 838 1500 sublevare

73 1526 95 1561 et
106 1516 189 1563 iunctis
205 1515 314 1575 manibus,
325 1518 418 1564 domino
434 1518 523 1563 dicere:
541 1518 609 1564 Istam
626 1518 799 1564 consolationem
815 1528 838 1563 et

73 1580 215 1629 dulcedinem
225 1583 280 1628 mihi
294 1582 403 1645 peccatori
413 1592 435 1628 et
447 1582 540 1645 indigno
551 1582 579 1629 de
590 1581 637 1628 celo
649 1582 736 1641 misisti,
747 1582 838 1629 domine

73 1656 96 1691 et
106 1662 149 1708 ego
159 1649 251 1693 remitto
262 1647 323 1693 illam
334 1647 384 1702 tibi,
395 1657 421 1694 ut
431 1646 488 1693 mihi
502 1663 601 1693 reserves
611 1663 666 1704 eam,
678 1648 785 1709 quoniam
795 1664 838 1709 ego

73 1725 124 1755 sum
141 1711 198 1757 latro
215 1711 314 1756 thesauri
331 1711 371 1757 tui.
406 1710 438 1756 Et
454 1711 552 1756 iterum:
570 1711 677 1768 Domine,
694 1711 756 1756 aufer
773 1729 785 1756 a
802 1727 838 1757 me

74 1773 159 1820 bonum
176 1785 241 1821 tuum
258 1777 281 1820 in
294 1775 337 1820 hoc
348 1776 429 1828 seculo,
441 1784 467 1821 ut
477 1790 575 1822 reserves
584 1775 639 1821 mihi
648 1775 705 1822 illud
716 1776 739 1822 in
750 1774 837 1822 futuro.

75 1838 114 1896 Ita,
132 1840 220 1902 inquid,
237 1839 319 1896 debet;
343 1850 366 1886 et
385 1855 437 1885 curn
456 1840 502 1885 exit
521 1839 548 1885 ab
567 1840 675 1897 oratione,
694 1841 725 1886 sic
744 1857 839 1903 pauper-

74 1903 150 1949 culum
162 1914 184 1950 et
195 1915 331 1966 peccatorem
349 1902 396 1949 aliis
407 1920 430 1948 se
441 1904 544 1950 ostendat
555 1920 579 1949 ac
591 1905 609 1950 si
621 1905 705 1950 nullam
716 1905 745 1950 sit
756 1921 837 1952 novam

74 1968 167 2030 gratiam
181 1979 300 2015 assecutus.
332 1968 427 2014 Dicebat
445 1968 521 2015 enim:
538 1969 595 2015 Levi
613 1970 714 2016 mercede
731 1986 779 2015 rem
797 1971 839 2016 im-

74 2033 213 2093 pretiabilem
223 2033 335 2095 contingit
347 2033 449 2080 amittere
460 2044 482 2079 et
496 2033 569 2089 illum,
581 2035 619 2097 qui
631 2034 701 2090 dedit,
713 2035 741 2080 ad
757 2035 839 2080 iterum

75 2113 120 2144 non
131 2097 231 2145 dandum
242 2097 305 2144 facile
315 2113 445 2160 provocare.
479 2099 584 2161 Denique
595 2099 628 2144 sui
646 2099 716 2145 moris
733 2109 780 2145 erat
792 2110 838 2145 tam

74 2161 312 2220 furtive,tamleniter,
320 2162 348 2207 ad
356 2164 606 2224 orationemassurgere‚
614 2164 757 2209 utsotiorum
765 2164 840 2209 nullus

74 2225 110 2271 vel
123 2237 252 2289 surgentem
266 2225 397 2288 perciperet,
407 2225 444 2270 vel
459 2236 576 2282 orantem3
593 2244 643 2272 sero
655 2236 730 2271 tamen
746 2244 796 2273 cum
812 2228 839 2273 ad

74 2288 158 2336 lectum
169 2292 261 2347 veniret,
274 2291 372 2337 sonitum
383 2300 406 2336 et
419 2291 480 2353 quasi
497 2291 617 2355 strepitum
633 2292 733 2347 faciebat,
745 2303 770 2338 ut
786 2306 914 2353 SUUSF01.53

21 2377 23 2379 ·
75 2354 102 2400 ab
113 2355 219 2402 omnibus
229 2356 348 2402 sentiretur
359 2355 479 2402 accubitus¹

123 2463 227 2535 Orante
238 2499 313 2535 sancto
325 2488 457 2533 Francischo
471 2489 493 2533 in
509 2488 560 2535 loco
576 2490 605 2537 de
621 2489 775 2548 Portiuncula,
787 2505 895 2546 con-[nv]

75 2556 127 2618 tigit
144 2555 273 2617 episcopum
290 2554 369 2599 Assisii
386 2554 463 2600 venire
480 2555 508 2600 ad
526 2570 578 2600 eum
595 2554 740 2612 familiariter,
752 2566 778 2602 ut
794 2567 841 2603 erat

75 2620 161 2677 solitus,
173 2619 324 2674 visitandum;
342 2618 381 2681 qui
392 2633 446 2663 mox
456 2619 479 2663 in
491 2620 566 2664 locum
577 2619 708 2682 ingreditur,
722 2621 750 2666 ad
763 2621 841 2667 cellam

12 2698 13 2701 ’
75 2683 841 2746 minusreverenter‚nonvocatus,aceedit,pulsoquehostiol0,intra-

76 2759 140 2794 turus
152 2764 174 2792 se
185 2748 275 2811 ingerit.
308 2748 340 2793 Et
351 2761 407 2803 ecce,
419 2747 475 2792 dum
492 2758 558 2809 caput
574 2748 678 2793 immittit
694 2759 841 2812 sanctumque

75 2823 177 2859 orantem
195 2812 272 2870 cernit,
283 2822 374 2873 repente
393 2826 443 2857 eum
461 2813 563 2858 concutit
578 2822 663 2858 tremor
681 2824 703 2859 et
720 2814 841 2876 obrigenti-
