1919 3169
149 106 178 137 20
334 91 531 137 TRACTATUS
547 93 721 140 SECUNDUS

148 188 239 251 Speciali
255 187 388 234 subiectioni
404 189 545 251 prerogativa
561 189 686 235 dilectionis
703 198 726 235 et
742 206 794 235 cure
812 189 913 244 debetur,

147 270 215 317 quam
232 270 319 317 semper
334 264 408 301 sancta
424 271 517 302 romana
532 254 647 301 minorum
663 254 737 301 ordini
753 254 856 302 exhibere
868 271 913 301 non

147 329 224 366 cessat.

48 462 143 505 [n-xvuJ]
191 446 226 489 De
238 445 319 497 spiritu
333 445 451 498 prophetie
464 457 532 497 quem
545 447 627 491 beatus
641 446 767 489 franciscus
780 447 865 489 habuit.

194 539 307 626 Beatus
324 581 387 632 pater
397 586 464 633 super
480 573 593 619 mundana
610 572 706 635 quadam
723 572 845 619 elevatione
861 572 914 619 sub-

148 644 233 689 vectus,
246 635 356 697 quicquid
373 636 396 680 in
413 635 466 681 orbe
482 636 528 682 fuit
545 636 600 682 mira
615 636 702 682 virtute
718 636 844 699 subegerat,
862 653 913 682 cum

147 715 235 745 summe
256 697 288 744 illi
310 698 355 744 luci
375 716 461 761 semper
480 700 593 746 obiectans
612 700 703 746 oculum
723 701 850 747 intellectus
868 717 914 748 non

148 765 223 812 solum
249 764 335 827 agenda
362 763 438 810 divina
458 765 593 811 revelatione
614 763 704 822 sciebat,
726 766 765 812 sed
786 764 915 828 predicabat

148 830 220 876 multa
231 828 313 891 spiritu
324 830 448 892 prophetie,
458 831 546 876 occulta
556 830 659 877 cordium
671 831 801 886 rimabatur,
810 830 914 878 noscebat

148 895 252 947 absentia,
261 894 391 954 previdebat
401 904 423 939 et
434 894 577 954 prenarrabat
588 894 671 941 futura.
705 895 804 941 Probent
815 897 915 958 exempla

149 958 210 1022 quod
221 956 323 1004 dicimus.

69 1107 146 1149 [pxiii]
157 1092 224 1146 Quod
231 1090 352 1144 quemdam
361 1091 400 1141 qui
407 1090 532 1141 putabatur
540 1095 641 1141 sanctus,
649 1091 731 1133 falsum
740 1104 792 1134 esse
802 1093 914 1144 cognovit.

194 1176 302 1265 Erater
319 1206 410 1269 quidam
427 1216 481 1263 erat,
493 1215 604 1269 quantum
617 1222 630 1252 a
641 1206 695 1252 foris
706 1207 824 1253 videbatur
835 1209 916 1254 sancti-

148 1271 201 1321 tatis
211 1272 299 1328 eximie,
311 1272 478 1317 conversatione
495 1272 594 1333 insignis,
608 1282 683 1318 tamen
699 1271 823 1319 admodum
839 1274 915 1336 singu-

147 1337 208 1394 laris;
239 1338 301 1383 omni
327 1347 428 1398 tempore
455 1338 550 1383 orationi
576 1353 657 1384 vacans
685 1347 747 1383 tanta
776 1338 915 1384 districtione

147 1402 262 1447 silentium
287 1401 426 1455 observabat,
449 1401 512 1461 quod
533 1411 678 1447 consueverat
702 1418 748 1448 non
772 1403 853 1458 verbis,
877 1403 916 1450 sed

148 1464 241 1512 nutibus
260 1464 369 1520 confiteri,
386 1463 410 1509 in
429 1464 502 1509 verbis
524 1464 633 1525 scripture
652 1479 759 1527 magnum
778 1467 917 1528 concipiebat

148 1530 259 1587 ardorem,
275 1529 375 1592 ipsisque
390 1528 479 1586 auditis,
495 1528 551 1574 mira
567 1528 686 1574 dulcedine
704 1529 819 1592 gestiebat.
853 1530 916 1591 Quid

149 1594 238 1642 multa?
270 1595 363 1640 Sanctus
381 1593 408 1638 ab
430 1593 535 1639 omnibus
556 1593 680 1640 tenebatur.
712 1595 803 1641 Accidit
825 1593 915 1642 beatum

148 1669 235 1721 patrem
253 1658 330 1706 venire
348 1658 377 1705 ad
395 1658 478 1713 locum,
497 1658 573 1704 videre
591 1657 690 1715 fratrem,
711 1659 788 1705 audire
806 1669 915 1706 sanctum.

150 1722 367 1769 Commendantibus
383 1732 459 1767 autem
476 1722 580 1768 omnibus
596 1733 619 1767 et
634 1723 830 1784 magnificantibus
842 1724 914 1778 illum,

149 1788 265 1852 respondit
285 1796 363 1849 pater:
388 1786 457 1832 Sinite
476 1785 562 1844 fratres,
580 1803 620 1831 nec
639 1786 694 1831 mihi
713 1786 737 1831 in
756 1804 783 1832 eo
802 1788 917 1851 dyabolica

149 1855 257 1918 figmenta
264 1852 363 1900 laudate.
389 1851 416 1897 In
423 1850 515 1897 veritate
524 1851 675 1916 sciatis,qu0d
682 1851 798 1913 dyabolica
805 1853 917 1914 tenptatio

150 1930 183 1965 est
195 1930 217 1965 et
233 1919 336 1978 deceptio
348 1918 498 1963 fraudulenta.
531 1918 635 1964 Firmum
646 1917 701 1963 mihi
713 1917 756 1963 hoc
766 1929 807 1975 est,
818 1918 916 1982 indeque

150 1983 245 2028 maxime
264 1980 444 2043 comprobatum,
454 1982 514 2041 ¹quia
530 1982 630 2026 confiteri
647 1997 693 2026 non
709 1983 765 2028 vult.
800 1984 864 2027 Dure
881 2000 916 2028 ac-

149 2056 256 2110 ceperunt
266 2046 308 2093 hoc
319 2045 405 2102 fratres
417 2044 519 2107 precipue
530 2045 626 2092 vicarius
636 2044 712 2091 sancti.
745 2045 777 2092 Et
792 2048 915 2110 quomodo,

149 2113 251 2175 inquirit,
273 2128 353 2157 verum
374 2110 417 2155 hoc
438 2120 502 2165 esset,
524 2120 551 2155 ut
575 2111 598 2155 in
623 2120 657 2156 tot
682 2110 823 2172 perfectionis
847 2113 916 2175 signis

150 2177 256 2223 fraudum
264 2173 559 2221 commentasubluderent?
588 2174 677 2234 Quibus
685 2184 761 2237 pater:
790 2177 916 2223 Moneatur

150 2241 191 2296 bis,
199 2240 236 2290 vel
253 2250 286 2287 ter
303 2239 371 2286 semel
387 2237 514 2284 obedientia
530 2238 644 2284 confiteri:
663 2239 726 2302 quod
739 2239 757 2284 si
772 2255 817 2285 non
830 2241 915 2298 fecerit,

150 2305 239 2365 scientis
252 2320 305 2351 vera
315 2319 361 2350 esse
372 2318 416 2366 que
427 2303 485 2349 dico.

156 2361 165 2368 i
198 2370 307 2418 Adsumit
333 2384 386 2416 eum
413 2383 518 2420 seorsum¹
539 2367 646 2424 vicarium
674 2377 696 2413 et
723 2366 797 2431 primo
824 2369 916 2433 quidem

72 2447 203 2486 Folaucum
222 2452 249 2482 eo
267 2433 405 2482 familiariter
423 2433 563 2490 iocundatuS,
581 2431 663 2479 ultimo
682 2432 795 2481 confessor
811 2434 916 2497 iniungit.

151 2499 246 2562 Respuit
262 2498 307 2555 ille,
324 2499 486 2559 imponensque
501 2497 600 2559 digitum
618 2498 650 2541 ori
667 2513 716 2554 suo,
729 2513 822 2543 excusso
838 2501 916 2560 capite,

151 2564 232 2620 innuit,
254 2579 277 2608 se
299 2562 427 2609 nullatenus
451 2558 613 2606 confessurum.
657 2559 809 2607 Obticuerunt
830 2560 916 2619 fratres,

151 2630 254 2675 timentes
265 2626 394 2673 scandalum
403 2625 450 2672 fleri
459 2625 535 2672 sancti.
568 2625 623 2670 Non
632 2635 683 2687 post
691 2625 776 2672 multos
784 2625 916 2688 religionem

149 2694 220 2740 libens
244 2693 367 2755 egreditur,
393 2691 531 2737 convertitur
555 2690 583 2735 ad
607 2691 715 2746 seculum,
740 2690 861 2737 revertitur
888 2692 916 2739 ad

150 2759 270 2812 vomitum,
287 2757 328 2817 qui
344 2755 434 2802 tandem
453 2754 551 2802 facinora
567 2753 690 2816 duplicans,
708 2755 831 2817 penitentia
849 2756 916 2804 simul

150 2832 172 2868 et
189 2823 234 2868 vita
250 2820 350 2882 privatus
366 2828 406 2865 est.
