1919 3169
119 107 131 150 8
308 99 508 148 TRACTATUS
525 100 706 147 SECUNDUS

20 213 58 248 111,
69 217 95 247 1r⁰
118 199 191 244 adhue
201 209 290 245 sanctus
301 197 409 243 adorabor
420 213 459 256 per
470 198 569 242 seculum
580 206 661 242 totum.
696 199 782 242 Revera
792 198 824 241 sic
831 207 880 251 est3

119 264 238 325 impletum
254 273 287 309 est
303 278 377 317 omne,
394 261 456 324 quod
472 261 535 308 dixit.
569 260 624 306 Erat
640 270 694 306 tunc
710 260 768 307 inter
784 260 882 324 reliquos

119 330 219 391 captivos
235 327 298 373 miles
309 327 401 390 quidam
412 325 528 387 superbus,
541 335 563 372 et
573 325 720 399 importabilis
730 324 802 383 valde,
814 342 881 390 quem

117 396 174 440 dum
196 403 326 456 proponunt
348 408 425 438 omnes
449 391 548 447 abiicere,
571 391 677 453 patientia
702 391 811 437 Francisci
836 407 881 437 non

118 458 281 519 frangstunl
271 456 408 502 intollerabil
411 472 447 501 em
458 457 491 501 tol
493 467 539 501 erat
555 466 577 500 et
593 456 621 500 ad
637 472 714 515 pacem
729 457 777 500 eius
793 467 882 501 revocat

119 521 242 567 universos
275 519 350 582 Capax
366 519 439 564 omnis
455 518 526 581 gratie
543 534 580 564 vas
596 519 693 564 electum
710 519 820 564 virtutum
838 520 882 597 iam

119 587 219 649 undique
236 585 355 631 karismata
371 595 452 632 manat

59 749 115 788 [11]]
159 738 193 777 De
206 735 277 777 milite
291 747 391 785 paupere
406 747 473 784 quem
487 736 578 777 vestivit
592 739 615 777 et
629 735 657 776 de
666 736 753 778 visione
761 748 803 778 sue
817 748 882 779 voea-

118 788 193 839 tionis,
207 797 275 839 quem
289 786 312 827 in
326 786 403 828 seculo
416 786 479 828 vidit.

165 871 313 959 Liberatus
330 920 342 948 a
359 902 434 948 vincul
436 904 490 958 111
477 903 552 965 elapso
565 913 666 965 tempore
680 903 777 960 modim,
792 904 818 950 lit
832 920 884 967 erga

120 968 246 1031 indigentes
267 967 348 1030 pietate
367 967 489 1030 benignior.
524 967 633 1013 Firmat'
628 985 672 1013 ram
691 979 717 1014 ut
734 985 780 1014 non
798 980 883 1016 avertat

120 1032 199 1079 faciem
216 1048 278 1079 suam
295 1031 321 1078 ab
338 1031 386 1078 ullo
402 1048 505 1094 paupere,
517 1032 654 1094 quicumque
665 1049 764 1079 amorem
776 1034 820 1079 Dei
831 1050 884 1097 pro-

120 1108 213 1160 poneret
223 1099 246 1143 in
257 1096 361 1159 petendo.
395 1097 439 1141 Die
450 1097 546 1159 quadam
557 1112 677 1159 pauperem
688 1097 783 1143 militem
794 1108 817 1144 et
827 1115 883 1161 pene

121 1164 208 1208 nudum
226 1162 315 1207 obviam
332 1161 418 1215 habuit,
436 1161 472 1206 cui
489 1172 561 1207 vestes
578 1162 678 1222 proprias
693 1163 779 1208 curiose
790 1174 883 1224 paratas,

121 1225 202 1289 quibus
217 1225 310 1270 indutus
327 1234 380 1281 erat,
397 1224 480 1296 pietate
495 1225 631 1280 admonitus,
647 1241 689 1298 pro
707 1226 791 1271 Christi
807 1242 884 1272 amore

120 1290 240 1338 liberaliter
257 1290 326 1337 dedit.
359 1290 422 1351 Quid
434 1289 508 1335 minus
519 1290 554 1335 hic
566 1306 578 1336 a
589 1291 685 1336 martino
696 1291 735 1336 illo
746 1292 883 1339 sanctissimo

120 1357 204 1419 gessit?
234 1355 286 1401 Nisi
308 1356 370 1417 quod
388 1356 440 1401 licet
459 1356 525 1401 unius
542 1355 651 1416 propositi
671 1355 755 1412 forent,
774 1357 797 1402 in
815 1358 884 1404 modo

120 1431 196 1466 tamen
207 1420 259 1466 dissi
261 1419 330 1465 miles.
360 1420 395 1465 Hi
388 1420 479 1480 rcprius
486 1430 566 1477 vestm,
576 1436 642 1481 quam
651 1420 742 1483 reliqua,
752 1421 789 1466 ille
797 1421 884 1488 primus

121 1485 179 1530 datis
195 1484 309 1555 omnibus,¹
318 1483 452 1528 vestimenta
467 1483 530 1529 dedit
541 1493 669 1528 extremus:
687 1495 783 1546 uterque
799 1502 884 1547 pauper

120 1559 143 1594 et
154 1549 255 1594 modicus
266 1547 323 1592 vixit
333 1547 356 1592 in
368 1546 552 1610 memoriterque
563 1547 642 1593 dives
637 1564 749 1611 ingressus
760 1560 793 1594 est
803 1550 883 1595 celum.

120 1613 162 1659 ille
173 1614 254 1670 ·miles
272 1613 311 1659 sed
332 1628 423 1675 pauper,
443 1628 562 1675 pauperem
584 1612 679 1658 militem
701 1623 762 1659 veste
783 1624 883 1661 truncata

120 1679 227 1735 contexit,
234 1678 276 1723 iste
287 1693 332 1722 non
344 1678 415 1733 miles,
421 1678 460 1722 sed
468 1678 533 1723 dives
544 1694 664 1738 pauperem
675 1678 769 1724 militem
787 1679 883 1752 perfecta}

120 1752 181 1787 veste
196 1740 295 1787 vestivit.
329 1740 440 1814 Uterque,
458 1740 541 1785 Christi
557 1740 656 1815 perfecto
672 1742 784 1797 mandato,
797 1744 882 1788 visitari

120 1824 132 1854 a
152 1808 243 1854 Christo
264 1821 303 1868 per
325 1806 434 1852 visionem
456 1806 596 1861 commeruit,
619 1823 677 1852 unus
698 1806 726 1852 de
747 1806 884 1870 perfectione

120 1873 229 1930 laudatus,
241 1871 295 1917 alter
307 1870 335 1916 ad
346 1870 376 1925 id,
388 1870 451 1942 quod
461 1871 543 1926 deerat,
555 1871 739 1944 dignantissime
735 1872 850 1919 invitatus.

169 1938 230 1982 Nam
242 1936 349 2007 palatium
361 1951 487 1996 preciosum
498 1935 538 1980 sibi
550 1952 604 1981 mox
615 1936 638 1981 in
649 1936 691 1983 visi
693 1953 736 1982 one
749 1938 882 1994 ostenditur,

121 2001 145 2045 in
162 2017 208 2073 quo
219 2000 293 2044 varios
309 2008 427 2072 apparatus
443 2014 557 2044 armorum
573 2010 596 2044 et
611 2015 715 2060 sponsam
726 2001 883 2061 pulcerrimum

122 2066 208 2120 cernit3
228 2073 322 2109 vocatur
341 2063 364 2107 111
381 2062 481 2124 sompnis
499 2062 626 2109 Franciscus
643 2081 670 2108 ex
686 2064 783 2122 nomine,
800 2065 883 2110 horum

122 2131 224 2176 omnium
240 2128 387 2200 promissione
406 2126 472 2173 allicit
464 2137 506 2174 t.ur
539 2129 624 2191 Tempt
616 2138 648 2174 tat
663 2128 740 2238 litaque
759 2146 800 2192 pro
819 2147 883 2194 eape-

122 2195 202 2241 scenda
223 2193 329 2239 militia
325 2209 348 2237 111
374 2192 470 2254 apuliam
494 2194 543 2248 ire3
568 2204 590 2239 et
615 2195 735 2256 opulenter
759 2197 884 2241 necessariis

122 2258 251 2321 preparatis,
271 2257 362 2301 festinat
389 2258 483 2317 gradum
505 2258 607 2301 militaris
634 2259 725 2302 honoris
746 2261 882 2321 contingere.

123 2323 241 2369 Carnalem
267 2320 473 2381 interpretationem
498 2322 603 2382 preterite
628 2322 719 2368 visionis
746 2324 837 2370 carnalis
864 2325 884 2371 ei

123 2388 214 2451 spiritus
223 2385 362 2450 suggerebat,
371 2402 422 2431 cum
431 2386 453 2432 in
462 2385 622 2434 thesauris
575 2403 622 2449 sap
623 2397 660 2433 ent
662 2387 682 2433 ie
652 2387 739 2435 tdeil
742 2405 800 2451 onge
807 2389 837 2436 lat
828 2399 885 2436 teret

123 2454 249 2525 preclarior
292 2451 448 2523 Dormientern
472 2452 582 2514 siquidem
606 2463 671 2498 nocte
693 2454 816 2515 quadam
811 2471 883 2516 ipsum

123 2517 244 2575 secundo,
240 2533 314 2578 ipsum
328 2532 368 2577 per
378 2515 487 2562 visionem
499 2517 620 2579 alloquitur
631 2528 653 2563 et
664 2534 710 2579 quo
721 2519 811 2566 tendere
822 2519 885 2575 velit,

123 2582 208 2626 solicite
223 2589 380 2690 perscrutatur.
414 2580 463 2633 Cui,
476 2596 527 2624 cum
544 2596 610 2625 suum
625 2591 733 2625 enerasset
744 2583 886 2643 propositum

123 2656 145 2691 et
162 2647 185 2691 in
202 2645 299 2707 apuliam
310 2615 468 2689 militiaturuni
480 2644 589 2705 proficisci
601 2661 623 2691 se
634 2644 742 2702 diceret,i
735 2657 858 2709 interrogat
859 2664 886 2693 ur

123 2709 150 2758 ab
167 2711 246 2758 eodem
263 2708 311 2755 soll
297 2708 365 2767 licite,
379 2707 429 2771 quis
446 2708 487 2754 sibi
504 2709 583 2755 melius
599 2709 670 2755 facere
686 2721 758 2774 queat,
771 2728 847 2759 servus
858 2728 886 2758 an

124 2777 236 2828 dominus,
249 2774 616 2872 1111111111,1101111111111111111
648 2775 681 2821 Et
697 2776 750 2823 ille:
769 2778 816 2824 Cur
832 2794 887 2841 ergo

123 2856 215 2887 servum
231 2855 272 2901 pro
289 2838 383 2885 domino
396 2838 485 2901 queris?
520 2839 552 2885 Et
563 2838 708 2886 Francrscus
726 2840 790 2902 Quid
807 2857 842 2888 me
852 2858 887 2888 vrs
