1919 3169
143 158 184 205 152
330 142 531 188 TRACTATUS
548 143 722 188 sncuuuus

140 238 241 297 faciente,
270 254 322 286 curn
349 238 376 284 ad
403 238 507 284 notitiam
534 236 632 284 fratrum
659 238 747 283 iuvenis
770 238 907 300 pervenisset

140 305 265 360 infirmitas,
295 305 352 351 moti
382 303 461 351 fratres
490 304 614 351 voluerunt
643 320 696 351 eum
725 303 777 351 licet
806 304 907 352 dolentes

140 370 255 416 remictere
278 370 306 416 ad
329 378 436 430 parentes.
471 369 514 415 Sed
538 370 601 430 pueri
624 370 749 415 constantia
771 379 833 416 tanta
854 369 907 427 fuit,

142 443 169 479 ut
198 435 334 479 coactionem
363 434 464 478 vinceret
493 434 655 494 importunam.
699 434 784 479 Curam
813 435 908 493 proinde

142 497 268 545 habuerunt
287 494 367 543 fratres
385 496 413 543 de
432 496 521 553 iuvene,
540 497 618 554 donec,
638 497 707 560 gratia
726 496 867 545 confortatus
886 508 908 544 et

143 561 219 625 probis
236 562 337 607 moribus
358 561 460 609 redolens
479 561 566 608 bonum
585 562 667 618 virum,
688 579 765 608 curam
783 563 909 609 animarum

143 629 201 674 inter
217 643 255 673 eos
270 626 368 688 suscepit
384 637 406 673 et
422 625 562 673 laudabiliter
577 626 702 689 regularem
717 627 817 674 exercuit
828 629 909 689 discip-

143 692 219 736 linam.
264 691 358 736 Factum
380 701 414 736 est
435 701 511 736 autem
533 706 585 736 curn
612 707 694 753 corpus
716 692 774 737 beati
797 692 908 737 Francisci

144 754 304 803 transferretur
315 754 343 802 ad
353 753 438 812 locum,
449 753 514 801 affuit
526 765 581 801 tunc
592 754 665 802 dictus
677 754 747 801 frater
758 755 909 803 translationis

144 821 231 886 gaudiis
254 837 306 868 cum
328 819 476 867 multitudine
498 830 630 867 ceterorum.
675 821 706 867 Et
727 822 909 885 appropinquans

145 886 231 941 tumbe,
242 887 266 930 in
282 902 327 946 qua
344 902 426 945 corpus
443 885 570 947 quiescebat
581 886 649 946 patris
661 886 800 944 sanctissimi,
812 904 854 949 pro
865 887 909 932 iam

146 951 269 996 inveterata
290 949 418 994 infirmitate
445 950 503 1010 cepit
527 965 590 994 orare
612 949 706 995 diutius,
751 951 830 996 Subito
852 952 910 996 miro

147 1014 216 1062 modo
232 1015 260 1061 ad
277 1014 325 1060 loca
336 1014 411 1061 debita
421 1013 521 1076 partibus
532 1014 647 1071 revocatis,
660 1024 760 1061 sanatum
772 1031 794 1061 se
805 1015 908 1071 sentiens,

146 1080 308 1128 succintorium
326 1079 429 1140 deposuit
447 1089 470 1125 et
487 1095 515 1125 ex
532 1089 587 1126 tunc
603 1079 630 1125 ab
642 1080 704 1126 omni
715 1079 793 1127 dolore
804 1081 911 1143 preterito

146 1146 236 1207 penitus
246 1144 301 1190 liber
312 1143 364 1190 fuit.

193 1211 288 1257 Pisanus
315 1209 415 1271 quidam,
443 1224 495 1256 cum
527 1218 611 1255 secreta
641 1209 727 1255 ventris
753 1209 781 1256 ad
808 1210 913 1272 pudenda

145 1273 194 1319 loca
215 1283 294 1319 cuncta
321 1273 442 1325 emicteret,
464 1274 584 1332 peracerbo
610 1273 689 1317 dolore
716 1284 738 1317 et
766 1286 911 1319 monstruoso

55 1345 93 1382 Fol.
104 1337 233 1402 63¹⁰pudore
247 1347 325 1386 contra
341 1336 440 1398 seipsum
456 1352 503 1383 rem
521 1335 651 1383 diabolicam
669 1337 782 1401 cogitavit.
817 1337 878 1384 Nam
889 1338 912 1384 in

147 1405 230 1452 ultimo
246 1402 407 1465 desperationis
425 1402 516 1465 gurgite
533 1402 662 1460 devolutus,
679 1404 791 1465 disposuit
806 1405 912 1465 seipsum,

147 1479 172 1514 ut
184 1470 245 1514 ultra
256 1484 301 1513 non
312 1469 406 1522 viveret,
416 1467 498 1528 laqueo
508 1484 603 1514 enecare.
638 1468 756 1514 Interdum
766 1478 848 1523 tamen,
860 1486 912 1514 cum

147 1532 249 1579 nondum
261 1531 357 1577 extincte
369 1531 503 1576 conscientie
519 1540 659 1593 pungeretur
676 1531 759 1586 aculeo,
773 1533 831 1594 cepit
843 1533 912 1578 sancti

147 1597 257 1644 Francisci
268 1611 351 1641 nomen
358 1596 466 1641 memorie
477 1612 516 1642 sue
528 1595 656 1657 imprimere
667 1605 690 1640 et
701 1612 739 1640 ore
749 1595 801 1641 licet
811 1596 913 1642 debiliter

146 1662 256 1708 invocare.
291 1661 409 1706 Continuo
420 1661 492 1706 totius
508 1660 621 1706 maledicti
632 1660 743 1722 propositi
754 1661 848 1706 celerem
859 1677 913 1706 con-

146 1728 273 1774 versionem
295 1724 409 1781 obtinuit;
431 1735 454 1770 et
475 1725 574 1770 enormis
596 1724 660 1787 plage
679 1724 818 1771 curationem
837 1726 913 1772 subito

147 1791 282 1853 impetravit.

196 1855 267 1902 Filius
276 1852 391 1901 cuiusdam
402 1852 431 1899 de
442 1862 513 1898 castro
522 1851 623 1898 Cisterne
634 1852 658 1897 in
669 1852 781 1898 maritima
791 1855 914 1900 enormiter

147 1921 279 1984 genitalium
290 1919 388 1965 fractura
403 1928 517 1980 gravatus,
528 1917 591 1964 nullo
607 1919 700 1964 artifitio
717 1919 811 1964 retinere
827 1930 915 1981 poterat

148 1985 261 2032 intestina.
287 1984 348 2028 Nam
358 1982 466 2037 lumbare,
473 1982 536 2044 quod
548 1981 605 2028 solet
616 1981 697 2028 talibus
708 1983 799 2028 obviare
810 1982 917 2030 fracturis

149 2065 217 2095 novas
228 2059 251 2094 et
262 2047 399 2107 multiplices
409 2046 519 2091 fracturas
529 2046 611 2091 effecit.
639 2046 804 2094 Cruciabantur
815 2047 915 2094 infelices

148 2122 251 2176 parentes
262 2121 284 2157 et
295 2111 435 2158 horrendum
447 2110 514 2157 huius
530 2110 583 2156 mali
595 2109 748 2172 spectaculum
759 2112 882 2157 convicinis
893 2123 915 2158 et

150 2179 208 2225 notis
219 2177 288 2224 flendi
305 2176 420 2222 materiam
437 2173 585 2220 ministrabat.
618 2175 748 2238 Temptatis
764 2177 870 2223 omnibus
880 2192 916 2222 re-

150 2243 278 2290 mediorum
300 2241 359 2287 curis
381 2250 403 2286 et
424 2240 480 2286 nihil
502 2239 672 2302 proficientibus
699 2256 814 2304 umquam,
838 2252 916 2289 sancto

150 2309 268 2353 Francisco
280 2316 351 2350 mater
362 2315 385 2350 et
396 2316 458 2366 pater
469 2305 542 2350 filium
553 2305 704 2351 devoverunt.
732 2306 851 2352 Portantes
862 2324 916 2369 ergo

149 2371 215 2418 illum
224 2371 260 2418 die
266 2369 336 2415 sancti
343 2368 454 2415 Francisci
463 2368 491 2415 ad
497 2368 612 2415 ecclesiam
623 2384 664 2414 suo
673 2369 759 2414 honore
765 2380 916 2416 constructam

150 2437 210 2498 apud
221 2434 355 2489 Velletrum,
367 2433 511 2496 proiecerunt
528 2432 591 2482 illum
603 2448 677 2480 coram
697 2434 801 2497 ymagine
812 2436 883 2483 sancti
895 2446 918 2482 et

150 2512 204 2548 vota
212 2509 321 2548 voventes
333 2515 384 2545 cum
396 2500 480 2562 reliqua
496 2497 575 2561 populi
586 2498 732 2545 multitudine
744 2500 826 2547 multas
837 2516 879 2562 pro
890 2518 917 2547 eo

150 2566 251 2611 lacrimas
262 2565 400 2608 obtulerunt.
435 2563 495 2608 Cum
512 2564 581 2624 igitur
596 2563 738 2623 evangelium
750 2575 882 2621 cantaretur,
895 2577 917 2611 et

150 2629 208 2677 illud
224 2626 361 2691 proferretur
379 2626 441 2690 quod
458 2626 563 2673 absconsa
577 2626 715 2687 sapientibus
731 2627 830 2689 parvulis
845 2628 918 2676 revel-

152 2704 227 2751 antur,
237 2692 313 2739 subito
323 2691 426 2737 lumbare
442 2691 598 2754 confringitur,
611 2691 710 2737 remedia
723 2709 768 2737 non
779 2692 918 2754 proficientia

152 2759 317 2806 dissolvuntur.
351 2754 478 2801 Confestim
489 2755 579 2802 cicatrix
590 2755 711 2802 obducitur
722 2767 745 2802 et
756 2757 830 2803 omnis
841 2768 918 2819 optata

152 2824 233 2869 sanitas
259 2831 379 2881 reparatur.
431 2819 469 2865 Fit
490 2819 520 2864 ibi
548 2820 632 2864 clamor
653 2837 748 2882 magnus
774 2821 917 2867 laudantium

152 2888 279 2933 Dominum
291 2895 313 2929 et
324 2883 480 2930 venerantium
491 2892 593 2930 sanctum
604 2884 658 2931 eius,
