1919 3169
234 150 434 200 TRACTATUS
451 151 623 198 SECUNDUS
783 165 810 210 13

48 254 114 303 nimis
125 251 270 299 subridendo.
291 246 427 310 Respondit:
437 248 531 308 Revera,
538 264 581 310 ego
590 247 646 293 hanc
653 247 755 293 Domino
762 263 812 292 meo
817 256 856 294 Fol.
866 259 893 304 3¹⁰

48 319 163 367 karissime
170 317 274 364 vendam.
302 312 379 360 Nichil
388 313 469 371 verius,
477 330 528 360 nam
537 329 583 359 non
590 313 663 358 solum
672 312 812 373 centuplum,

49 385 165 430 sedetiam
177 382 280 426 millesies
291 378 416 440 plurimum
427 379 450 421 in
461 379 501 423 hac
511 380 561 423 luce
572 378 655 438 recepit
666 387 688 421 et
700 377 723 420 in
733 376 813 422 futuro

49 464 95 494 non
106 446 147 492 sibi
158 454 256 499 tantum,
267 442 307 488 sed
318 451 341 486 et
352 439 437 498 multis,
448 441 518 488 vitam
530 440 648 503 acquisivit
659 450 765 486 eternam.

61 593 95 633 De
104 587 240 631 verecundia
250 596 319 636 quam
332 584 386 625 vicit
399 586 423 625 et
434 584 552 635 prophetia
561 596 687 636 pauperum
695 585 814 635 virginum.
821 594 901 638 [n-vuJ]

97 672 203 761 Studet
228 700 323 763 proinde
349 701 465 759 pristinam
492 702 675 746 consuetudinem
701 700 817 746 delicatam

52 768 130 815 ordine
141 781 249 813 converso
260 773 346 810 mutare
358 773 380 809 et
393 765 421 810 ad
437 773 515 809 nature
530 765 615 810 bonum
632 765 675 810 iam
691 763 817 811 lasciviturn

52 833 159 879 reducere
172 845 255 893 corpus
272 844 347 875 suum.
381 826 431 874 ibat
448 845 493 875 una
509 829 546 876 die
563 846 602 892 per
619 830 731 876 Assisium
749 829 819 876 homo

54 900 95 956 dei,
119 908 146 943 ut
167 897 304 942 mendicaret
326 893 402 940 oleum
424 894 452 940 ad
474 894 592 941 luminaria
617 895 768 941 concinnanda
795 896 818 940 in

54 961 142 1007 ecclesia
159 960 228 1005 sancti
245 958 349 1013 damiani,
367 974 433 1019 quam
450 968 504 1003 tunc
520 959 628 1019 temporis
643 959 774 1020 reparabat3
796 969 819 1004 et

55 1026 132 1072 videns
153 1023 278 1068 hominum
305 1020 476 1067 multitudinem
498 1021 627 1069 ludentium
651 1033 703 1069 ante
724 1023 819 1069 domum

55 1089 180 1145 consistere,
201 1102 269 1149 quam
287 1087 370 1132 intrare
386 1084 483 1143 volebat,
500 1086 581 1132 rubore
599 1085 711 1148 perfusus,
727 1087 819 1133 retraxit

55 1154 141 1217 pedem.
177 1152 219 1198 Sed
236 1150 275 1196 illo
292 1166 333 1196 suo
351 1150 419 1196 nobili
437 1151 518 1212 spiritu
536 1153 558 1197 in
576 1151 648 1197 celum
664 1152 756 1208 directo,
767 1167 832 1214 pro-.

55 1220 126 1281 priam
148 1217 255 1264 desidiam
277 1216 351 1277 arguit
372 1226 395 1261 et
416 1216 444 1261 de
465 1216 585 1277 semetipso
607 1217 677 1262 sumit
703 1217 820 1263 iudicium.

57 1282 187 1327 Revertitur
198 1280 274 1323 statim
285 1281 313 1323 ad
325 1280 419 1323 domum
431 1289 453 1323 et
463 1279 532 1323 libera
545 1296 607 1334 voce,
620 1296 694 1324 coram
708 1280 820 1335 omnibus,

57 1344 188 1393 verecundie
209 1348 296 1390 causam
318 1358 438 1405 exponens,
457 1343 520 1406 quasi
542 1343 623 1406 spiritu
645 1344 726 1402 ebrius,
744 1343 822 1409 lingua

57 1411 134 1475 gallica
151 1409 208 1472 petit
225 1408 301 1455 oleum
317 1419 340 1454 et
356 1408 456 1471 acquirit.

105 1475 276 1521 Ferventissime
293 1473 321 1518 ad
341 1489 397 1534 opus
416 1473 475 1518 illius
494 1472 582 1518 ecclesie
601 1475 684 1520 animat
703 1490 781 1520 omnes
800 1484 822 1520 et

58 1540 218 1584 monasterium
242 1536 347 1582 futurum
375 1553 421 1582 esse
448 1536 531 1582 ibidem
558 1547 683 1582 sanctarum
707 1539 822 1599 virginum

58 1603 141 1659 christi,
153 1600 295 1648 audientibus
311 1601 403 1654 cunctis,
420 1600 497 1661 gallice
513 1600 608 1661 loquens
624 1600 681 1646 clara
697 1618 758 1656 voce,
771 1618 823 1663 pro-

58 1667 141 1730 phetat.
185 1666 276 1727 Semper
300 1665 360 1710 enim
385 1680 437 1710 cum
462 1664 508 1726 ipse
535 1665 612 1711 ardore
637 1666 706 1712 sancti
731 1666 823 1727 spiritus

59 1731 189 1794 repleretur,
200 1730 301 1776 ardentia
316 1729 383 1775 verba
399 1728 454 1775 foris
470 1738 572 1775 eructans
588 1729 666 1792 gallice
682 1731 823 1793 loquebatur,

59 1813 82 1840 se
98 1796 158 1857 apud
174 1796 236 1841 illam
252 1804 342 1856 gentem
359 1795 463 1856 precipue
478 1795 636 1840 honorandum
653 1811 785 1855 prenoscens
801 1806 823 1841 et

59 1860 183 1906 reverentia
199 1858 286 1920 speciali
302 1859 427 1903 colendum.

259 1995 293 2037 De
302 1994 391 2037 cibariis
401 1994 517 2037 hostiatim
526 1995 626 2046 quesitis,
828 1996 889 2036 [Α-ΙΧ]

109 2072 167 2161 ΘΧ
177 2121 224 2167 quo
239 2103 353 2148 communi
365 2104 468 2149 omnium
483 2104 576 2148 domino
592 2105 650 2164 cepit
663 2106 753 2160 servire,
764 2121 826 2151 com-

63 2168 139 2212 munia
159 2168 231 2213 facere
254 2182 341 2226 semper
367 2168 457 2223 amavit,
480 2166 656 2228 singularitatem
677 2169 700 2212 in
722 2169 827 2215 omnibus

64 2230 160 2293 fugiens,
172 2247 216 2293 que
227 2231 330 2277 omnium
341 2230 449 2276 vitiorum
460 2230 508 2276 labe
522 2230 635 2276 sordescit.
668 2230 729 2278 Nam
740 2248 793 2279 cum
804 2233 827 2279 in

64 2313 129 2358 opere
145 2296 204 2342 illius
220 2296 339 2342 desudaret
354 2295 450 2351 ecclesie,
464 2296 492 2342 de
508 2313 553 2358 qua
568 2297 698 2343 mandatum
715 2315 728 2343 a
744 2298 828 2345 christo

64 2371 196 2422 susceperat,
208 2362 236 2407 de
247 2360 341 2406 delicato
354 2360 450 2405 nimium
467 2362 593 2406 rusticanus
608 2371 629 2405 et
645 2361 731 2422 patiens
747 2362 828 2409 laboris

64 2424 164 2483 effectus
174 2425 284 2482 sacerdos,
295 2426 323 2469 ad
334 2439 402 2484 quern
413 2425 507 2469 ecclesia
518 2425 648 2486 pertinebat,
660 2441 750 2471 cernens
763 2428 828 2473 illum

65 2488 152 2533 assidua
184 2488 315 2551 fatigatione
344 2488 454 2543 attritum,
482 2488 563 2551 pietate
591 2499 715 2550 permotus,
743 2490 829 2554 aliquid

66 2553 183 2613 singularis
205 2554 277 2599 victus
298 2551 349 2597 licet
370 2567 416 2597 non
437 2553 515 2614 sapidi,
538 2553 590 2616 quia
613 2568 704 2616 pauper,
727 2555 785 2617 cepit
809 2557 828 2601 ei

0 2656 2 2663 ,
67 2617 149 2664 cotidie
160 2618 300 2673 ministrare3
319 2616 359 2679 qui
369 2617 490 2663 sacerdotis
502 2619 658 2664 discretionem
670 2621 830 2668 commendans

68 2697 113 2726 non
129 2683 228 2728 invenies
244 2682 381 2727 sacerdotem
397 2681 465 2726 istum
483 2682 567 2744 ubique
583 2683 610 2727 ad
627 2684 772 2744 semetipsum
791 2686 827 2740 ait,

2 2769 5 2786 ι
22 2758 24 2760 ·
68 2745 107 2805 qui
118 2761 204 2806 semper
215 2746 255 2791 tibi
266 2745 318 2790 talia
327 2745 487 2790 subministret.
520 2746 575 2791 Non
583 2755 616 2790 est
626 2746 666 2790 hec
676 2747 723 2793 vita
734 2748 830 2793 hominis

67 2819 221 2869 paupertatem
237 2808 377 2873 profitentis:
395 2824 441 2853 non
451 2810 542 2872 expedit
552 2809 593 2855 tibi
602 2826 725 2857 assuescere
734 2812 828 2859 talibus:

68 2874 174 2931 paulatim
191 2876 218 2921 ad
235 2884 363 2936 contempta
378 2874 466 2929 redibis,
477 2876 558 2920 iterum
575 2875 602 2920 ad
616 2876 696 2921 delicta
707 2879 828 2937 perefflues.
