1919 3169
242 124 442 171 Tractat-*us
460 124 633 170 SEtUNoUs
788 138 816 186 125

52 229 168 282 christum,
185 234 211 271 ut
227 240 289 270 suam
306 221 374 267 nobis·
387 236 427 282 per
445 230 467 266 te
485 222 627 269 voluntatem
646 221 762 277 ostendat,
774 237 818 283 qua

52 291 148 352 cognita,
170 290 219 334 tuis
236 289 278 349 piis
299 285 415 332 desideriis
436 286 535 330 securius
558 302 691 330 annuamus.
730 286 818 329 Annuit

52 364 141 402 sanctus
167 352 255 399 summi>
277 348 372 412 pastoris
399 349 511 406 mandato,
536 347 667 395 fiducialiter
694 348 763 393 currit
790 348 818 394 ad

53 420 168 475 christum,
187 427 237 464 orat
258 416 366 462 instanter
388 423 410 459 et
431 413 459 459 ad
481 413 653 476 supplicandum
674 413 718 460 deo
736 413 817 460 devote

53 485 122 531 sotios
137 483 276 528 exhortatur.

101 547 164 607 Quid
175 545 254 607 plura?
287 544 431 603 Responsum
442 542 533 586 orando·
542 551 643 603 reportat
653 552 679 586 et.
686 541 755 585 refert
768 541 818 586 filiis

55 628 113 658 nova
120 609 203 656 salutis.
226 606 350 654 Familiaris
358 605 465 653 allocutio
472 606 548 652 christi
555 607 578 652 in
585 604 695 668 parabolis
704 605 816 652 noscitur:

54 674 166 731 francisce,
189 672 279 735 inquid,
302 671 332 716 sic
354 670 414 717 dices
435 670 463 716 ad
484 687 570 733 papam.
612 670 698 717 Mulier
722 669 819 732 quedam

55 738 196 803 paupercula,
224 736 261 782 sed
289 735 394 792 formosa,
421 735 448 781 in
469 735 568 796 quodam
594 735 683 782 deserto
709 734 819 782 manebat.

55 802 175 850 Adamavit
186 818 234 846 eam
245 816 284 845 rex
295 799 386 861 quidam
397 798 426 844 ob
437 799 753 856 maximumilliusdecorem,
766 815 819 844 con.-

55 868 122 913 traxit
133 882 186 909 cum
197 882 222 908 ea
233 873 345 925 gratanter
355 879 361 917 ;
378 872 401 906 et
412 862 469 907 filios
477 879 504 908 ex
515 880 540 908 ea
551 863 720 909 venustissimos
733 863 819 924 genuit.

55 930 154 977 Adultus
171 930 214 974 iam
232 926 282 973 illos
298 936 320 972 et
340 925 445 972 nobiliter
463 927 568 972 educatos
585 927 665 972 mulier
682 927 819 991 alloquitur:

56 997 142 1050 Nolite,
155 994 239 1055 inquid
258 992 297 1038 filii
314 992 466 1048 verecundari,
483 991 565 1047 dilecti,
585 1009 611 1038 eo
630 993 693 1055 quod
712 1009 821 1055 pauperes

56 1062 109 1119 sitis,
127 1075 179 1104 nam
195 1058 256 1102 illius
272 1059 343 1119 magis
359 1057 417 1119 regis
433 1058 485 1102 estis
501 1057 541 1102 filii
557 1073 641 1105 omnes¹
680 1058 719 1104 Ad
736 1057 818 1104 curiam

56 1127 103 1172 eius
118 1124 175 1171 itote
190 1122 312 1185 gaudentes
328 1132 351 1169 et
367 1121 393 1168 ab
409 1122 458 1184 ipso
475 1121 539 1169 vobis
555 1123 674 1169 necessaria
690 1122 807 1184 postulate.

103 1190 229 1233 Audientes
245 1187 288 1232 hoc
301 1186 334 1231 illi
351 1187 461 1231 mirantur
476 1197 499 1232 et
514 1186 613 1247 gaudent
629 1198 652 1232 et
668 1188 728 1249 regie
744 1187 820 1249 stirpis

56 1253 164 1298 sublevati
189 1252 305 1313 promisso,
329 1250 419 1295 futuros
445 1265 468 1294 se
494 1250 587 1295 scientes
610 1251 707 1306 heredes,
730 1265 823 1296 omnem

56 1317 153 1379 inopiam
170 1316 259 1362 divitias
274 1325 384 1376 reputant.
419 1315 550 1361 Presentant
564 1331 586 1360 se
599 1316 646 1376 regi
659 1317 769 1371 audacter,
781 1331 821 1362 nec

57 1390 139 1443 pavent
150 1379 256 1434 multum,
268 1380 331 1425 cuius
346 1378 442 1424 similem
458 1390 541 1440 gerunt
557 1378 691 1441 ymaginem.
725 1380 822 1442 Cognita

57 1461 95 1489 rex
105 1444 251 1488 similitudine
259 1459 299 1487 sua
307 1444 329 1486 in
338 1444 389 1499 illis,
398 1443 461 1487 cuius
469 1452 541 1487 essent
549 1442 589 1487 filii
598 1443 701 1490 mirando
709 1445 821 1504 exquirit;

58 1509 104 1570 qui,
113 1524 164 1552 curn
176 1506 274 1552 mulieris
284 1506 345 1552 illius
356 1508 379 1551 in
390 1506 479 1551 deserto
490 1506 604 1562 morantis,
613 1524 636 1551 se
647 1507 705 1552 filios
715 1507 822 1552 affirmar-

58 1583 102 1628 ent,
114 1572 241 1633 amplexans
249 1587 286 1616 eos
297 1587 342 1627 rex,
355 1571 411 1627 Mei,
422 1570 459 1627 ait,
470 1571 523 1616 estis
533 1571 572 1615 filii
583 1581 606 1616 et
616 1573 708 1617 heredes
719 1587 725 1627 3
742 1572 821 1617 timere

58 1636 134 1693 nolite,
154 1652 205 1683 nam
224 1636 242 1682 si
261 1635 289 1682 de
308 1651 389 1682 mensa,
402 1651 451 1681 mea
469 1635 600 1682 nutriuntur
618 1636 724 1693 extranei,
741 1637 902 1694 iustiusFol.4'⁰

58 1712 98 1756 est,
110 1711 137 1746 ut
147 1702 242 1746 enutriri
253 1700 332 1746 faciam
344 1700 426 1765 quibus
437 1700 547 1746 hereditas
559 1711 605 1747 tota
615 1702 643 1747 de
653 1701 703 1747 iure
713 1712 819 1748 servatur.

59 1767 156 1810 Mandat
176 1765 270 1824 proinde
289 1781 328 1809 rex
347 1765 441 1817 mulieri,
461 1775 487 1809 ut
505 1781 582 1809 omnes
601 1782 628 1810 ex
646 1782 668 1809 se
687 1767 775 1826 genitos
793 1766 826 1811 ad}

59 1845 121 1875 suam
132 1828 217 1875 curiam
228 1828 350 1890 pascendos
360 1827 505 1874 transmittat.
538 1828 609 1874 Letus
620 1829 721 1890 gaudens
733 1839 822 1877 sanctus

59 1893 161 1939 efficitur·
170 1892 198 1939 de
214 1892 317 1955 parabola
332 1902 355 1939 et
370 1909 458 1939 sacrum
474 1892 591 1940 oraculum
607 1893 823 1956 protinusreportat

59 1959 183 2022 adzpapam.

107 2024 194 2069 Mulier
225 2023 265 2069 hec
297 2032 343 2067 erat
372 2022 507 2067 francischus
534 2022 660 2068 multorum
687 2022 829 2070 fecunditate

59 2095 171 2142 natorum,
180 2102 226 2131 non
234 2085 349 2131 factorum
356 2085 449 2130 mollitie
459 2102 464 2131 :
482 2086 602 2140 desertum,
611 2086 711 2132 mundus
722 2096 827 2150 tempore

60 2148 98 2196 illo
109 2150 208 2197 incultus
218 2161 240 2197 et
248 2149 328 2196 sterilis
336 2149 439 2196 doctrina
446 2149 558 2197 virtutum
568 2168 573 2197 :
590 2149 688 2198 filiorum
696 2163 790 2200 venusta
800 2163 825 2199 et

59 2216 120 2278 larga
134 2215 251 2279 projenies,
262 2215 359 2261 fratrum
370 2216 490 2277 multiplex
504 2231 611 2262 numerus
626 2226 649 2262 et
665 2217 823 2265 omnivirtute

60 2280 192 2327 decoratus:
210 2297 255 2336 rex,
271 2280 329 2326 filius
345 2280 388 2335 dei,
405 2280 440 2326 cui
456 2290 530 2327 sancta
546 2290 674 2342 paupertate
690 2282 823 2340 consimiles,

60 2344 136 2389 eadem
158 2344 231 2391 forma
253 2344 404 2406 respondent;
427 2345 467 2405 qui
486 2344 593 2390 nutritiva
612 2344 640 2389 de
660 2360 737 2392 mensa
757 2347 823 2408 regis,

61 2408 123 2453 omni
134 2408 227 2455 vilitatis
242 2408 325 2455 rubore
341 2416 479 2469 contempto,
490 2407 620 2470 suscipiunt,
632 2425 683 2454 cum
700 2409 829 2456 imitatione

61 2472 140 2517 christi·
169 2472 269 2519 contenti
300 2472 494 2535 helemosynisque
528 2473 630 2520 viventes
666 2490 706 2536 per
744 2476 829 2524 mundi}

61 2536 181 2600 obprobria
196 2537 286 2586 futuros
303 2553 326 2583 se
344 2537 420 2583 beatos
437 2549 568 2600 agnoscunt.

110 2603 210 2648 Miratur
232 2603 337 2648 dominus
357 2617 414 2664 papa
435 2602 573 2664 propositam
593 2601 635 2647 sibi
653 2602 824 2664 parabolamet

63 2664 216 2713 indubitanter
232 2667 340 2713 christum
357 2667 380 2711 in
396 2666 488 2713 homine
504 2666 654 2730 recognoscit..
683 2667 826 2715 Recordatur

0 2742 1 2782 j
21 2742 23 2744 ·
62 2729 544 2795 visioniscuiusdam,quamvideratdiebus
554 2733 630 2794 paucis
640 2735 824 2790 antettransactis,

0 2800 2 2853 ζ
63 2810 129 2856 quam
138 2806 163 2843 et.
172 2798 194 2843 in
203 2798 246 2844 hoc
256 2797 347 2844 homine
358 2794 408 2843 fore
419 2797 583 2859 complendam,
594 2796 717 2860 Spirituse
724 2800 831 2855 docente,

0 2863 2 2904 Q
63 2858 164 2906 affirmat.
197 2863 291 2908 Viderat
307 2862 336 2906 in.
348 2862 449 2922 sompnis
468 2863 626 2908 lateranensem
645 2862 761 2909 basilicam
777 2863 831 2909 fore,
