1919 3169
260 68 419 114 LEGENDA
435 66 591 127 ANTIQUA
780 81 806 125 31

44 163 131 210 delitias
142 164 257 225 reputabo.
291 164 406 210 Festinant
413 161 492 209 fratres
503 172 526 209 et
533 179 625 209 omnem
634 161 715 209 cellarii
724 163 811 224 copiam

45 243 119 274 mense
133 229 261 290 imponunt,
272 228 336 291 panis
353 226 435 273 scilicet
452 227 575 283 modicum,
587 227 634 272 vini
650 242 696 272 non
712 227 811 272 multum

45 303 68 339 et
79 303 106 338 ut
121 291 203 339 lautius
217 294 316 350 ederent,
328 307 409 355 parum
425 291 545 355 leguminis
562 291 657 356 coquina
673 290 812 337 transmittit.

46 358 140 404 Interim
159 374 235 405 mensa
253 358 290 405 dei
311 372 428 405 servorum
449 372 525 403 mense
546 357 688 419 compatitur,
709 357 811 419 pulsatur

46 424 152 479 hostium,
165 425 286 470 accurritur
297 422 401 486 protinus
418 432 440 469 et
456 439 513 482 ecce,
531 422 612 469 mulier
629 422 724 486 quedam
741 422 812 469 canis-

47 500 109 533 trum
120 489 187 534 offert
197 488 290 549 plenum
301 489 382 547 pulcro
399 503 461 548 pane,
474 486 571 547 piscibus
587 497 609 531 et
627 487 720 546 pastillis
737 501 813 549 gamau

47 568 126 597 rorum
136 549 252 609 refertum,
263 551 329 596 melle
340 562 363 596 et
376 551 426 597 uvis
437 551 533 612 desuper
544 548 692 597 cumulatum.
718 550 813 596 Exultat

48 632 173 678 pauperum
194 631 277 672 mensa,
299 616 325 660 iis
347 615 399 661 visis
421 625 443 660 et
465 614 548 659 vilibus
570 614 667 660 crastino
688 615 814 669 reservatis,

49 680 233 743 pretiosa‘hodie
255 689 377 726 sumuntur
396 680 419 724 in
442 678 522 726 cibum.
566 679 672 725 Medicus
690 695 746 725 vero
764 694 814 724 sus-

49 745 143 807 pirando
153 745 244 790 locutus
260 753 294 789 est
310 743 400 789 dicens:
424 742 473 788 Nec
487 760 536 798 vos,
548 740 633 800 fratrea,
646 743 703 789 sicut
720 743 813 801 debetis,

50 825 90 855 nec
118 825 158 855 nos
185 809 293 854 seculares
320 809 388 854 huius
416 808 458 854 viri
485 808 641 869 cognoscimus
668 808 813 854 sanctitatem.

49 873 126 921 Satiati
137 873 234 938 denique
246 889 292 919 non
303 872 406 930 fuissent,
419 873 460 918 nisi
471 872 521 934 plus
537 889 575 920 eos
592 872 733 929 miraculum,
747 889 814 937 quam

50 938 162 984 ferculum
184 939 288 984 satiasset.
330 938 365 982 Sic
386 946 493 998 paternus
514 936 551 982 ille
572 937 652 983 oculus
674 952 815 1000 nequaquam

51 1001 144 1064 despicit
160 1018 219 1058 suos,
237 1001 291 1066 quin
307 1002 384 1063 potius
403 1001 481 1047 maiori
498 1000 587 1047 defectu
604 1001 725 1059 mendicos,
745 1002 816 1047 maior

51 1067 193 1131 providentia
208 1067 288 1115 nutrit.
321 1067 424 1129 Largiori
440 1083 515 1113 mensa
531 1083 615 1128 pauper
631 1066 734 1129 pascitur,
748 1083 816 1130 quam

51 1145 168 1195 tyrannus,
180 1142 265 1195 quanto
277 1132 332 1178 deus
343 1132 434 1186 homine
445 1131 560 1193 profusior
571 1131 680 1194 largitate.

99 1229 178 1312 mos
196 1268 242 1304 erat
261 1268 337 1304 saneto
356 1257 489 1305 Francischo
509 1257 620 1320 ‘mtegram
639 1258 698 1305 diem
720 1258 898 1310 solitariam-mv]

52 1325 76 1369 in
98 1322 152 1368 cella
173 1323 302 1386 transigere,
325 1339 366 1368 nec
387 1323 415 1369 ad
439 1321 518 1368 fratres
541 1322 630 1379 reverti,
655 1322 697 1368 nisi
713 1322 817 1370 sumendi

53 1387 95 1434 eibi
121 1388 238 1433 necessitas
264 1397 403 1450 perurgeret.
447 1387 512 1434 Hinc
539 1397 614 1433 tamen
638 1387 730 1451 signatis
756 1387 817 1433 horis

53 1462 171 1500 cenaturus
192 1451 272 1509 exibat,
290 1453 397 1516 quoniam
420 1453 507 1498 edacior
533 1452 727 1514 contemplationis
748 1453 817 1498 fames

53 1527 129 1563 totum
146 1516 188 1562 sibi
204 1517 345 1578 frequentius
361 1516 498 1563 vendicabat.
533 1517 636 1578 Contigit
652 1527 729 1562 autem
745 1534 818 1579 quan-

54 1581 129 1644 doque
156 1580 185 1626 ad
211 1580 288 1626 locum
313 1579 340 1625 de
364 1579 439 1643 greeio
463 1579 521 1626 duos
548 1578 634 1638 fratres,
657 1580 699 1627 deo
726 1581 817 1644 dignam

55 1646 246 1693 conversationem
278 1645 390 1703 habentes,
420 1662 433 1691 a
464 1646 556 1692 remotis
587 1646 679 1692 venire:
713 1646 818 1693 veniendi

55 1721 130 1756 autern
151 1710 208 1755 ratio
231 1720 279 1756 tota
300 1710 377 1756 videre
398 1720 506 1765 sanctum,
525 1721 547 1755 et
569 1709 747 1756 benedictionem
769 1711 817 1756 eius

55 1775 96 1821 diu
107 1784 206 1834 optatam
217 1775 320 1834 recipere.
355 1774 475 1819 Venientes
486 1774 557 1835 igitur
571 1785 594 1819 et.
607 1791 654 1820 non
671 1776 818 1831 invenientes,
823 1788 862 1824 Fol.
870 1797 894 1833 30

56 1837 163 1901 quoniam
174 1837 202 1882 de
213 1837 303 1899 publico
314 1837 358 1882 iam
369 1837 397 1882 ad
414 1836 492 1882 cellam
509 1837 610 1894 redierat,
624 1839 748 1883 contristati
765 1849 819 1884 sunt

56 1902 113 1948 miro
136 1901 221 1959 modo;
243 1912 266 1948 et
288 1902 394 1965 quoniam
416 1902 489 1949 exitus
511 1902 595 1949 dubius
614 1903 704 1966 longam
724 1903 820 1949 dictabat

56 1983 149 2023 moram,
162 1967 208 2012 suis
219 1966 304 2012 meritis
315 1966 358 2012 hoc
368 1966 508 2025 ascribentes,
521 1967 613 2013 desolati
624 1968 738 2014 recedunt.

104 2031 295 2093 Prosequentibus
306 2042 380 2078 autem
393 2031 444 2077 illos
455 2034 517 2077 sotiis
528 2033 587 2077 beati
604 2033 713 2078 Francisci
729 2044 751 2078 et
766 2049 821 2078 con-

56 2094 178 2142 solantibus
190 2094 307 2152 desolatos,
320 2112 372 2140 cum
384 2095 427 2140 iam
439 2112 451 2140 a
463 2096 514 2141 loco
532 2096 593 2159 quasi
612 2096 671 2142 iactu
688 2096 767 2158 lapidis
782 2096 821 2142 ab·

57 2161 188 2215 scessissent,
202 2169 292 2221 repente
309 2169 360 2222 post
378 2176 415 2206 eos
433 2169 520 2207 sanctus
538 2159 641 2206 inclamat
662 2161 763 2225 dixitque
781 2161 820 2207 uni

57 2225 84 2272 de
103 2225 181 2270 sotiis:
222 2225 266 2270 Dic
285 2224 392 2270 fratribus
411 2226 471 2280 meis,
493 2226 531 2289 qui
554 2226 598 2271 huc
620 2236 736 2282 venerunt,
757 2227 820 2289 quod

56 2290 175 2351 respiciant
186 2290 214 2336 ad
225 2305 266 2338 me.
302 2290 408 2351 Cumque
419 2290 472 2336 dicti
487 2290 566 2336 fratres
581 2300 695 2337 verterent
711 2290 777 2336 facies
793 2292 821 2338 ad

57 2354 128 2412 illum,
142 2355 212 2400 crucis
223 2371 261 2400 eos
272 2354 336 2416 signo
348 2354 445 2416 signavit
461 2364 483 2400 et
501 2355 683 2401 effectuosissime
701 2356 819 2404 benedixit.

57 2420 91 2462 At
106 2419 138 2462 illi
154 2429 217 2463 tanto
233 2419 321 2463 letiores
339 2418 420 2473 effecti,
439 2429 525 2479 quanto
542 2430 565 2464 et
582 2420 698 2480 proposito
715 2430 738 2464 et
756 2420 820 2465 mira-

57 2482 135 2529 culum
146 2481 223 2529 utilius
230 2481 349 2538 consecuti,
358 2481 441 2528 reversi
448 2492 507 2539 sunt,
516 2481 632 2531 laudantes
639 2493 661 2530 et
668 2482 822 2532 benedicentes

57 2547 183 2594 dominum.

104 2645 219 2726 Volens
241 2677 376 2739 quandoque
395 2674 471 2721 beatus
491 2677 636 2722 Francischus
657 2677 685 2722 ad
702 2679 896 2740 quemdam[A-xv]

57 2741 174 2787 heremum
185 2757 283 2803 pergere,
294 2751 320 2786 ut
330 2740 413 2784 ibidem
429 2739 521 2787 liberius
532 2741 713 2803 contemplationi
729 2754 821 2799 vacaret,

58 2807 111 2870 quia
123 2805 201 2853 debilis
217 2816 264 2853 erat
280 2823 325 2853 non
342 2805 463 2863 modicum,
476 2822 488 2850 a
504 2807 602 2868 quodam
617 2822 711 2867 paupere
728 2808 778 2854 viro
794 2808 822 2855 ad
