1919 3169
259 137 456 185 TRACTATUS
473 138 647 183 SECUNDUS
803 154 830 197 19

67 237 131 280 cuius
151 235 250 295 potentie
272 235 335 295 virga
356 233 503 294 percellantur
525 233 625 277 malivoli
647 241 669 276 et
691 232 729 276 filii
751 233 786 277 dei
808 234 831 277 in

66 309 140 346 eterne
156 298 233 344 salutis
249 308 397 359 augmentum
414 296 498 359 ubique
514 297 579 359 plena
594 296 707 359 gaudeant
723 295 830 342 libertate.

67 364 235 425 Recognoscent
247 379 274 408 ex
285 364 327 408 hoc
342 361 390 417 filii,
401 360 475 407 dulcia
490 362 596 408 beneficia
612 361 689 407 matris
706 371 728 406 et
744 360 831 423 speciali

66 429 187 476 devotione
203 444 291 490 semper
306 426 376 488 ipsius
395 427 516 472 reverenda
534 427 628 489 vestigia
647 425 830 488 complectentur.

67 494 121 540 Non
140 493 189 548 erit,
208 494 255 554 ipsa
274 500 413 554 protegente,
430 491 454 536 in
473 492 551 537 ordine
570 490 643 537 malus
661 507 775 547 occursus,
792 506 833 536 nec

66 558 126 603 filius
141 557 205 602 belial
216 573 256 618 per
266 557 355 602 vineam
372 556 458 601 domini
475 556 576 601 transibit
593 557 699 618 impunis.
734 555 833 616 Pauper-

66 623 118 666 tatis
136 630 212 665 nostre
231 621 278 681 ipsa
297 630 370 665 sancta
388 619 523 665 emulabitur
540 620 635 681 gloriam
657 629 679 665 et
700 619 833 664 humilitatis

67 685 169 745 preconia
186 700 226 745 per
244 683 346 744 superbie
363 683 467 729 nubilum
485 682 596 729 obfuscari
612 699 657 728 non
672 683 736 728 sinet.
770 682 833 727 Cari-

67 749 117 795 tatis
129 758 151 794 et
162 748 221 810 pacis
232 747 255 792 in
268 747 333 794 nobis
343 747 433 795 vincula
445 746 541 795 servabit
553 748 620 806 illesa,
632 764 724 795 censura
740 747 833 794 strictis-

68 815 122 860 sima
133 813 259 875 percutiens
270 813 409 859 dissidentes.
442 812 575 874 Evangelice
588 814 692 874 puritatis
708 812 833 858 observatio

66 894 125 921 sacra
142 878 248 921 continue
265 878 288 921 in
306 887 426 936 conspectu
444 878 491 922 eius
509 876 605 930 florebit,
619 893 658 921 nec
676 878 769 922 odorem
785 877 832 922 vite

67 942 102 986 vel
122 942 150 987 ad
169 940 247 985 horam
267 940 381 1003 patientur
398 939 460 986 elabi.
494 940 546 986 Hec
565 939 633 987 huius
651 939 832 1003 amplectendum

67 1005 267 1051 commendationis
285 1006 354 1050 sancti
374 1005 409 1051 dei
428 1004 472 1050 fuit
488 1006 583 1051 intentio
599 1015 653 1051 tota.
687 1006 741 1051 Hec
757 1021 830 1051 neces-

67 1070 122 1115 sarie
138 1070 293 1115 commissione
312 1086 353 1132 pro
373 1069 453 1116 futuro
472 1079 573 1132 tempore
589 1070 719 1132 prescientia
737 1070 779 1117 viri
796 1070 831 1117 dei

66 1135 201 1180 sanctissima
212 1135 354 1181 documenta.

164 1283 267 1336 Qualiter
276 1284 392 1326 dominnm
402 1284 532 1327 Ostiensem
542 1296 583 1336 pro
593 1296 652 1336 papa
661 1284 731 1336 petiit.
835 1295 921 1337 [n-xer]

110 1361 239 1443 Veniens
265 1394 343 1455 igitur·
364 1408 450 1438 romam
478 1393 512 1439 vir
543 1393 586 1448 dei,
614 1410 625 1438 a
656 1393 749 1439 domino
775 1409 832 1455 papa

66 1456 174 1502 Honorio
201 1467 223 1502 et
250 1457 405 1503 Cardinalibus
430 1456 543 1512 omnibus,
573 1473 654 1519 magna
683 1473 734 1503 cum
763 1458 831 1504 devo-

65 1520 134 1577 tione,
157 1522 285 1582 suscipitur,
301 1522 376 1583 siquid
398 1522 460 1584 quod
483 1521 619 1584 fragraverat
643 1520 709 1579 fama,
732 1521 832 1584 fulgebat

66 1584 89 1629 in
104 1585 151 1631 vita
166 1585 282 1632 resonabat
302 1586 325 1631 in
342 1587 426 1648 lingua,
442 1586 525 1649 quibus
544 1586 721 1648 suppetentibus,
738 1586 914 1633 indevo-F01.6¹⁰

66 1648 122 1695 tioni
137 1666 182 1696 non
194 1660 263 1697 restat
274 1652 342 1697 locus.
377 1651 481 1698 Predicat
492 1667 565 1697 coram
576 1668 632 1714 papa
643 1661 665 1697 et
677 1650 832 1698 Cardinalibus

66 1716 146 1774 spiritu
168 1726 275 1776 prompto
297 1727 319 1761 et
340 1716 436 1771 fervido,
455 1727 558 1762 eructans
580 1717 608 1761 de
629 1716 696 1777 pleno
717 1717 831 1777 quidquid

66 1778 155 1839 spiritus
173 1780 280 1841 suggerit.
314 1780 494 1825 Commoventur
510 1780 533 1824 in
549 1779 618 1825 verbo
635 1779 682 1826 eius
701 1791 790 1828 montes
808 1791 831 1826 et

67 1842 94 1887 de
118 1842 237 1903 profundis
259 1844 379 1891 visceribus
403 1844 445 1891 alta
470 1844 581 1892 trahentes
606 1844 705 1908 suspiria,
729 1844 831 1909 lacrymis

67 1908 194 1954 interiorem
209 1910 322 1955 hominem
339 1910 421 1956 lavant.

114 1972 267 2018 Predicatione
288 1974 351 2018 finita
372 1974 492 2034 paucisque
513 1972 614 2017 familiari
636 1972 754 2018 collatione
778 1989 831 2018 cum

67 2033 159 2081 domino
175 2053 231 2099 papa
246 2037 365 2099 premissis,
381 2036 517 2095 tandem-sic
533 2037 607 2099 ipsum
624 2036 721 2098 petendo
737 2036 832 2099 alloqui-

67 2108 104 2144 tur
115 2117 119 2145 :
138 2101 176 2146 Ad
187 2101 323 2148 maiestatem
334 2111 419 2148 tantam
430 2101 565 2163 pauperibus
578 2111 600 2147 et
616 2101 725 2163 despectis
736 2102 789 2148 viris
804 2102 831 2148 de

66 2162 133 2224 facili,
142 2166 238 2223 domine,
249 2177 274 2212 ut
285 2167 362 2224 nostis,
372 2183 417 2212 non
428 2167 495 2213 datur
505 2182 609 2212 accessus
643 2167 728 2212 Orbem
739 2166 831 2230 quidem

67 2231 146 2276 tenetis
168 2231 191 2277 in
213 2232 320 2288 manibus,
341 2249 381 2277 nec
399 2232 498 2278 minimis
517 2231 632 2277 intendere
652 2248 692 2293 per
710 2232 831 2293 grandium

0 2349 1 2352 Ἴ
67 2307 143 2338 rerum
160 2296 249 2357 negotia
265 2297 356 2341 sinunt:
374 2305 466 2357 propter
482 2296 551 2358 quod,
568 2295 606 2350 ait,
622 2296 714 2341 domine
730 2312 742 2340 a
759 2305 831 2341 vestre

67 2357 187 2404 sanctitatis
196 2360 317 2406 visceribus
328 2359 418 2422 postulo
429 2360 490 2406 hunc
501 2360 618 2406 dominum
630 2360 756 2405 Ostiensem
768 2359 832 2406 nobis

67 2436 108 2481 pro
127 2439 184 2484 papa
202 2425 301 2481 concedi,
320 2435 347 2470 ut
365 2425 426 2470 salva
444 2441 531 2486 semper
550 2424 695 2485 preminentie
714 2424 831 2486 dignitate,

1 2525 4 2550 ἑ
68 2487 153 2545 possint
169 2486 248 2534 fratres
258 2489 286 2535 ad
297 2505 356 2544 eum,
368 2499 469 2551 tempore
486 2489 625 2544 necessitatis,
637 2504 749 2533 recurrere
765 2499 788 2535 et
804 2489 831 2534 ab

67 2565 93 2594 eo
104 2560 150 2597 tarn
161 2552 304 2611 defensionis,
315 2569 383 2616 quam
394 2552 562 2616 gubernationis
573 2551 678 2599 beneficia
688 2564 820 2615 reportaret.

116 2616 203 2664 Placuit
214 2619 236 2663 in
248 2617 318 2664 oculis
333 2635 388 2679 pape
402 2629 448 2663 tam
465 2629 538 2663 sancta
554 2618 639 2679 petitio,
651 2634 748 2679 moxque
765 2635 831 2679 super

1 2735 3 2737 .
68 2677 204 2739 religionem,
217 2682 274 2728 sicut
290 2682 323 2727 vir
339 2682 375 2728 dei
391 2682 492 2743 petierat,
502 2683 620 2729 dominum
637 2681 760 2743 Ughonem
776 2692 831 2728 tunc

1 2752 7 2803 ζ
69 2741 195 2789 Ostiensem
220 2747 350 2807 episcopum
374 2746 458 2791 statuit.
506 2745 658 2808 Amplectitur
682 2756 772 2792 sanctus
796 2745 831 2790 ille

1 2838 7 2873 ‘.
68 2807 183 2854 cardinalis
194 2827 286 2874 gregem
297 2809 337 2856 sibi
348 2812 502 2869 commissum,
513 2812 605 2873 eiusque
618 2809 710 2857 sedulus
725 2811 832 2857 nutritius

68 2867 147 2929 factus,
162 2886 238 2934 pastor
259 2887 281 2923 et
297 2877 416 2937 alumpnus
432 2892 504 2939 usque
523 2877 550 2923 ad
569 2876 658 2922 beatum
675 2877 760 2922 exitum
780 2875 831 2922 fuit.

1 2947 8 2965 ’ἒ
