1919 3169
245 65 448 115 Tuncrnrus
467 64 642 119 sacunuus
795 80 824 126 77

61 177 167 225 purpura,
178 162 249 226 duplo
264 164 374 225 pallescet.
408 161 463 220 Hic,
476 162 563 225 inquid,
576 177 643 207 verus
658 162 763 207 obediens
779 173 825 218 est3

61 244 101 272 cur
111 239 241 273 movenatur
252 246 298 273 non
309 227 423 284 diiudicat,
432 227 470 272 ubi
480 227 566 272 locetur
577 242 623 270 non
635 235 705 283 curat,
717 236 743 272 ut
754 236 826 272 trans-

62 300 163 335 mutetur
190 308 236 336 non
263 293 337 346 instat,
359 300 450 335 evectus
476 290 504 335 ad
531 290 629 335 officium
653 289 742 335 solitam
765 300 826 335 tenet

61 353 217 411 humilitatem,
241 357 291 417 plus
312 356 436 400 honoratus
457 354 508 416 plus
534 364 624 416 reputat
652 370 675 399 se
699 354 823 417 indignum.

61 419 112 466 Alia
128 420 176 467 vice
190 421 218 467 de
235 420 366 467 huiusmodi
382 418 483 482 loquens,
497 435 609 466 concessas
625 429 678 481 post
694 420 826 482 petitionem

62 501 151 546 proprie
165 484 265 531 licentias
282 485 345 541 dixit,
357 484 465 530 invinctas
481 501 542 543 vero,
556 501 597 530 nec
613 483 744 545 postulatas,
756 501 826 530 sacras

62 548 198 593 obedientias
209 550 349 603 nominavit3
367 558 485 609 utramque
502 548 583 593 bonam
600 548 693 604 dicebat,
704 550 743 594 sed
758 565 826 611 quam

63 612 178 658 tutiorem.
212 614 327 659 Summam
341 630 394 659 vero
410 621 433 658 et
449 612 471 657 in
488 628 533 675 qua
548 611 616 657 nichil
631 612 722 659 haberet
739 629 789 659 caro
805 622 827 658 et

63 678 159 739 sanguis,
178 677 239 723 illam
259 695 304 723 esse
323 677 433 735 credebat,
452 693 495 739 qua
514 678 589 724 divina
608 678 750 739 inspiratione
770 679 828 723 inter

64 741 163 787 infideles
182 742 229 788 itur
248 743 294 788 sive
313 741 343 788 ob
362 743 516 803 proximorum
533 741 628 797 lucrum,
647 759 715 789 suum
734 743 781 789 sive
798 742 827 787 ob

64 805 166 865 martyrii
193 807 333 853 desiderium.
379 806 447 851 Hanc
474 821 528 852 vero
554 815 630 866 petere
659 807 757 853 multum
785 807 829 852 deo

64 868 173 915 iudicabat
191 881 312 932 acceptum.

112 998 179 1049 Quod
192 1010 238 1041 non
252 1002 288 1041 est
301 1000 330 1041 de
343 999 386 1040 levi
400 1010 440 1049 per
453 998 595 1041 obedientem
609 999 784 1049 precipiendum.
833 1018 956 1060 [ncxxwffl

113 1074 183 1157 Per
205 1109 354 1153 obedientiam
373 1108 448 1170 itaque
467 1124 517 1152 raro
535 1108 657 1169 precipiens
678 1110 771 1166 censuit,
790 1126 830 1155 nec

66 1174 138 1235 primo
149 1171 316 1218 fulminandum
330 1171 436 1229 iaculum,
448 1171 510 1234 quod
520 1188 566 1217 esse
583 1171 673 1217 deberet
687 1182 829 1218 extremum:

66 1238 104 1285 Ad
114 1254 197 1296 ensem,
209 1237 295 1300 inquid,
307 1253 352 1283 non
363 1237 408 1282 cito
419 1253 498 1282 manus
508 1237 620 1283 mictenda
630 1248 668 1284 esti
698 1238 760 1284 Eum
769 1255 830 1296 vero,

65 1303 104 1365 qui
115 1313 221 1366 precepto
232 1302 357 1348 obedientie
369 1301 459 1348 obedire
470 1318 516 1347 non
527 1301 648 1360 festinaret,
661 1319 701 1349 nec
711 1302 830 1349 dominum

66 1368 151 1423 timere,
163 1383 204 1411 nec
214 1368 328 1412 hominem
341 1367 445 1411 revereri.
478 1365 519 1410 Nil
536 1367 611 1411 verius
627 1367 690 1421 istis;
707 1384 758 1413 nam
776 1368 831 1429 quid

67 1431 89 1475 in
102 1432 220 1477 temerario
232 1440 362 1493 preceptore
375 1429 493 1475 auctoritas
507 1429 638 1491 imperandi,
649 1430 692 1475 nisi
705 1430 792 1492 gladius
809 1431 832 1475 in

66 1512 133 1543 manu
141 1495 221 1542 furiosi
233 1496 241 1543 ?
274 1495 338 1547 Quid
349 1511 403 1541 vero
419 1494 555 1556 desperatius
565 1494 670 1556 religioso
682 1494 832 1542 obedientiam

68 1561 235 1622 contemptem?

109 1689 143 1728 De
152 1687 227 1734 tratre,
237 1688 303 1728 cuius
312 1685 406 1737 proiecit
419 1686 442 1726 in
455 1686 509 1736 igne
518 1686 632 1737 caputium
641 1686 691 1727 sine
704 1686 938 1735 obedientiam-cxxix]

69 1743 162 1781 venerat
175 1740 227 1781 licet
241 1740 360 1780 devotione
373 1738 485 1779 trahente·

116 1817 261 1905 Eblatum
273 1847 369 1910 quadam
380 1846 429 1892 vice
441 1846 556 1908 caputium
567 1845 638 1903 fratri,
649 1847 688 1910 qui
699 1848 746 1895 sine
756 1848 833 1895 obedi-

69 1919 128 1962 entia
145 1916 206 1961 solus
223 1923 321 1966 venerat,
340 1913 364 1955 in
380 1927 462 1972 magno
481 1912 533 1970 igne
551 1911 630 1970 proiici
651 1912 719 1957 iubet.
760 1914 837 1959 Nullo,

69 1992 145 2028 autem
162 1977 286 2027 excutiente
302 1974 423 2037 caputium,
434 1974 569 2022 verebantur
584 1974 643 2020 enim
659 1975 728 2037 patris
743 1977 833 2024 vultum

70 2062 189 2108 parumper
208 2050 356 2097 commotum,
374 2038 437 2085 iubet
455 2039 511 2084 illud
528 2048 617 2085 sanctus
634 2040 720 2086 detrahi
737 2041 834 2087 flammis

70 2110 139 2157 nichil
152 2109 242 2156 lesionis
256 2106 370 2166 adeptum.
404 2104 458 2150 Hoc
473 2103 514 2150 etsi
529 2104 607 2149 merita
621 2105 690 2150 sancti
704 2105 831 2166 poluerunt,

69 2174 167 2222 fortassis
178 2184 201 2219 et
212 2172 270 2218 illius
281 2169 354 2216 fratris
366 2184 411 2213 non
427 2167 500 2214 defuit
517 2168 622 2214 meritum
634 2184 640 2224 ;
660 2170 762 2216 Duxerat
773 2171 833 2217 enim

71 2255 122 2285 eum
133 2239 225 2295 devotio
235 2233 326 2282 videndi
337 2241 424 2295 patrem
435 2232 606 2290 sanctissimum,
613 2232 664 2277 licet
672 2233 776 2280 discretio
788 2252 834 2281 non

71 2304 168 2352 adfuerit
178 2303 255 2365 auriga
265 2300 312 2346 sola
322 2299 440 2345 virtutum.

88 2458 89 2461 ’
111 2449 146 2490 De
156 2448 206 2498 hiis,
217 2446 256 2497 qui
268 2444 360 2491 bonurn,
370 2440 407 2479 vel
420 2441 505 2480 malum
518 2440 647 2489 exemplum
661 2441 746 2483 dabant
759 2445 929 2492 cuius-[n-cxxx]

73 2499 125 2543 dam
137 2500 190 2543 boni
203 2497 284 2542 fratris,
298 2492 403 2544 exemplo
417 2495 440 2533 et
454 2503 516 2533 more
529 2492 679 2543 antiquorum.

119 2579 288 2670 flffirmabat
299 2603 402 2649 Minores
412 2600 492 2646 fratres
503 2601 625 2648 novissimo
637 2611 739 2663 tempore
752 2604 879 2651 idcircoFol.
887 2612 924 2647 28³⁰

63 2684 85 2720 'a
103 2676 196 2723 domino
218 2671 303 2724 missos
323 2677 349 2712 ut
369 2675 511 2727 peccatorum
533 2665 647 2710 obvolutis
667 2667 760 2729 caligine
780 2668 836 2713 lucis

72 2741 172 2801 exempla
183 2741 340 2783 monstrarent.
374 2730 513 2774 Suavissimis
525 2730 612 2774 dicebat
626 2746 648 2774 se
664 2732 744 2791 repleri
760 2733 836 2778 odori-

73 2802 114 2852 bus
125 2815 147 2852 et
157 2799 267 2866 unguenti
275 2793 366 2860 pretiosi
374 2793 459 2839 virtute
469 2793 536 2852 liniri,
543 2809 594 2838 cum
603 2803 731 2841 sanctorum
740 2796 834 2843 fratrum
