1919 3169
164 103 191 148 16
351 99 549 147 TRACTATUS
564 99 741 149 SECUNDUS

160 196 286 259 proximam
310 196 354 242 iam
378 195 449 252 ruine,
476 210 566 259 quaque
591 196 683 260 quidam
707 197 825 258 religiosus
849 196 926 251 homo,

161 263 264 310 modicus
281 271 303 309 et
320 261 444 324 despectus,
456 262 549 324 proprio
566 261 634 309 dorso
650 259 768 320 submisso,
785 278 813 308 ne
829 260 925 317 caderet,

162 328 307 374 sustentabat.
339 327 406 382 Vere,
415 326 504 389 inquid,
512 327 549 373 hic
557 326 593 372 ille
604 336 644 382 est,
654 327 701 390 qui,
711 343 778 389 opere
789 343 814 373 ac
825 326 927 373 doctrina

161 392 245 447 christi,
263 390 402 437 sustentabat
418 390 538 439 ecclesiam.
572 391 628 437 Inde
645 391 751 437 dominus
769 390 806 437 ille
822 390 926 453 petitioni

161 453 208 501 eius
229 466 276 502 tam
297 453 360 500 facile
381 470 404 499 se
426 454 532 501 inclinat:
554 455 606 500 hinc
628 455 663 501 dei
686 455 806 501 devotione
827 455 926 517 repletus

161 520 239 567 christi
263 519 374 566 famulum
396 519 484 581 speciali
506 536 594 581 semper
615 517 693 564 dilexit
714 534 805 574 amore3
830 518 925 581 proinde

160 586 274 648 postulata
290 584 337 631 cito
356 584 463 631 concessit
483 595 505 630 et
522 584 565 631 hiis
583 584 649 646 plura
667 584 739 630 adhuc
758 584 855 632 devotus
873 599 925 630 con-

160 651 238 697 cedere
254 649 389 712 repromisit.
423 649 489 712 Cepit
506 650 591 707 exinde,
608 650 739 696 auctoritate
755 648 797 695 sibi
817 664 925 706 concessa,

160 716 273 760 virtutum
295 715 379 759 semina
400 731 511 775 spargere,
533 715 634 761 civitates
658 725 681 760 et
705 714 793 761 castella
817 714 925 778 circuiens

160 778 272 843 predicare
288 777 419 825 ferventius.

83 946 152 988 [nnn]
328 939 362 980 De
375 939 461 980 Sancta
475 923 551 981 Maria
564 939 593 980 de
607 939 753 981 Portiuneala

206 1005 313 1095 Servus
342 1036 378 1081 dei
411 1035 556 1082 Francischus
588 1051 681 1096 persona
713 1035 822 1093 modicus,
851 1046 925 1083 mente

159 1101 256 1159 humilis,
273 1099 411 1163 professione
428 1100 508 1156 minor,
523 1101 546 1145 in
562 1100 638 1147 seculo
654 1100 744 1163 degens,
756 1102 923 1162 portiunculam

158 1183 200 1229 pro
214 1184 239 1212 -se
256 1176 278 1211 et
291 1167 336 1212 suis
346 1167 374 1212 de
384 1166 471 1211 mundo
482 1165 556 1227 elegit,
567 1182 595 1211 ex
605 1183 652 1229 quo
665 1166 729 1213 aliter
743 1166 827 1213 christo
838 1167 879 1213 nisi
896 1167 924 1215 de

158 1232 246 1278 mundo
257 1230 342 1293 aliquid
359 1230 456 1287 haberet,
468 1231 550 1276 servire
561 1247 606 1276 non
620 1231 700 1291 potuit.
735 1231 789 1277 Non
803 1232 863 1278 enim
876 1233 924 1279 sine

158 1297 288 1357 prescientia
298 1296 369 1340 divini
381 1296 470 1350 oraculi,
480 1295 580 1341 adiebus
588 1295 693 1357 antiquis,
702 1296 843 1356 portiuncula
850 1297 924 1344 dietus

158 1371 191 1406 est
199 1360 270 1418 locus,
279 1360 318 1422 qui
327 1357 421 1407 debebat
432 1358 454 1405 in
464 1358 554 1405 illorum
563 1359 639 1406 cedere
647 1369 738 1417 sortem,
750 1361 789 1423 qui
798 1361 827 1407 de
836 1362 923 1408 mundo

158 1423 276 1486 cupiebant
286 1424 374 1486 penitus
385 1423 417 1469 nil
427 1424 513 1469 babere.

206 1489 267 1535 Nam
278 1499 300 1534 et
311 1489 334 1534 in
345 1505 378 1544 eo,
387 1489 479 1550 virginis
490 1489 573 1544 matris,
580 1489 669 1535 ecclesia
679 1500 726 1534 erat
734 1500 869 1547 constructa,
878 1506 923 1553 que

155 1571 195 1600 sua
217 1553 323 1615 singulari
345 1552 471 1599 humilitate
493 1553 574 1599 meruit
594 1563 646 1615 post
667 1552 738 1599 filium
760 1570 827 1600 suum
850 1556 922 1617 capud

155 1618 259 1662 omnium
270 1631 316 1661 esse
329 1617 467 1661 Sanctorum.
501 1617 528 1661 In
545 1633 569 1661 ea
585 1618 699 1662 minorum
715 1619 773 1663 ordo
788 1619 922 1679 principium

154 1683 259 1743 sumpsit,
282 1682 367 1728 ibidem
391 1679 509 1743 multiplici
533 1697 636 1738 numero,
660 1680 728 1727 velud
753 1697 820 1743 supra
844 1682 922 1728 stabile

154 1745 284 1801 fundatum,
299 1762 378 1791 eorum
395 1745 475 1790 nobilis
491 1755 605 1791 structura
621 1746 722 1791 surrexit.
756 1745 829 1792 Hunc
845 1746 921 1794 locum

153 1821 242 1857 sanctus
252 1810 364 1857 adamavit
381 1825 420 1871 pre
435 1809 547 1866 omnibus,
558 1810 619 1856 hunc
624 1810 728 1873 precepit
742 1808 821 1856 fratres
833 1813 921 1874 speciali

153 1875 278 1921 reverentia
305 1875 412 1931 venerari,
436 1875 498 1919 hunc
522 1874 591 1920 velud
615 1874 732 1936 speculum
759 1875 873 1937 religionis
897 1878 920 1922 in

153 1938 279 1985 humilitate
295 1955 320 1984 ac
336 1948 473 2000 paupertate,
488 1937 593 1984 altissima
609 1954 697 1999 semper
713 1938 787 1985 voluit
803 1940 920 2000 custodiri,

154 2004 312 2067 proprietatem
324 2018 351 2048 ex
361 2018 388 2047 eo
399 2002 447 2047 aliis
458 2018 576 2058 reservans,
588 2001 629 2047 sibi
640 2012 663 2047 et
678 2003 724 2048 suis
738 2003 835 2048 retinens
852 2020 919 2050 usum

154 2080 247 2115 tantum¹
263 2068 405 2113 vServabatur
414 2067 498 2113 ibidem
508 2067 641 2129 rigidissima
654 2068 677 2112 in
688 2067 792 2114 omnibus
803 2068 920 2131 disciplina

153 2144 198 2179 tam
210 2133 299 2179 silentio
309 2143 332 2178 et
342 2131 425 2186 labore,
437 2148 504 2193 quam
515 2132 592 2178 ceteris
602 2132 741 2194 regularibus
752 2133 870 2180 institutis.

201 2197 301 2252 Nemini,
310 2197 352 2242 nisi
362 2195 484 2258 specialiter
494 2194 601 2242 fratribus
609 2197 728 2257 deputatis,
737 2195 820 2243 ibidem
832 2198 920 2259 patebat

153 2262 272 2324 ingressus,
284 2278 342 2322 quos
353 2261 454 2322 undique
465 2272 596 2322 aggregatos
606 2260 695 2308 volebat
712 2270 801 2308 sanctus
813 2278 859 2308 esse
877 2258 920 2310 deo

153 2341 204 2372 vere
213 2325 310 2371 'devotos
321 2335 344 2369 et
355 2341 382 2368 ex
394 2324 454 2368 omni
466 2334 527 2385 parte
538 2324 660 2385 perfectos:
679 2325 709 2369 sic
720 2336 742 2370 et
753 2327 816 2372 omni
829 2327 919 2373 seculari

152 2407 246 2454 persone
262 2390 335 2436 omnis
351 2389 440 2452 penitus
459 2387 629 2451 precludebatur
650 2388 764 2436 introitus.
811 2390 919 2449 Nolebat,

153 2466 180 2503 ut
190 2456 270 2503 fratres
281 2455 399 2500 existentes
409 2453 498 2511 ibidem,
507 2452 599 2518 quisub
608 2465 668 2500 certo
679 2471 773 2500 numero
783 2455 918 2516 artabantur,

74 2523 113 2560 Fol.
125 2521 180 2570 5¹⁰ad
196 2519 329 2565 secularium
345 2518 475 2563 relationem
492 2528 593 2579 paterent
612 2517 709 2574 auribus,
727 2535 761 2574 ne,
781 2523 920 2583 contempla-

153 2585 214 2630 tione
236 2583 362 2628 intermissa
385 2580 505 2637 celestium,
524 2582 552 2628 ad
573 2581 705 2627 inferiorum
728 2586 859 2629 commercia
880 2601 919 2646 per

153 2648 303 2709 rumigerulos
318 2647 467 2692 traherentur.

201 2713 255 2758 Non
277 2710 357 2757 licebat
378 2710 461 2757 ibidem
483 2710 547 2756 alicui
568 2712 640 2757 otiosa
661 2711 729 2758 verba
750 2711 857 2774 proferre,
879 2730 919 2760 nec

152 2776 236 2824 referre
257 2776 342 2838 prolata
363 2791 403 2839 per
424 2774 485 2821 alios.
526 2775 596 2837 Quod
616 2775 742 2839 siquando
760 2793 800 2838 per
821 2775 918 2840 aliquem

153 2841 308 2903 contingeret3
326 2850 353 2887 ut
369 2840 427 2886 ultra
444 2856 489 2885 non
502 2841 601 2896 adderet,
613 2857 669 2901 pena
680 2842 781 2899 docente,
793 2841 884 2888 cavebat
894 2844 918 2888 in
