1919 3169
112 95 140 151 58
329 91 488 137 Lucanos
505 91 660 151 anatona

39 255 109 300 [M-HJ]
161 222 306 307 Infirmanti
328 245 369 292 sibi
391 255 414 292 et
438 246 539 310 undique
562 262 654 309 pervaso
675 246 797 305 doloribus,
820 245 877 293 dixit

112 312 232 377 aliquando
259 312 330 358 sotius
350 310 414 357 eius:
440 311 513 370 Pater,
530 328 616 374 semper
638 311 666 357 ad
683 312 803 374 scripturas
825 328 878 357 con-

112 377 203 442 fugium
238 375 341 431 habuisti,
370 391 457 438 semper
495 376 532 423 ille
564 375 605 423 tibi
638 376 743 423 dolorum
770 375 878 440 prebuere

37 447 76 482 Fol-
86 444 225 495 §sremediaz
243 443 295 498 Fac,
308 456 350 486 oro
366 450 388 484 et
406 457 466 486 nunc
483 442 523 486 tibi
540 443 568 487 de
584 442 699 501 prophetis
716 442 800 503 aliquid
817 441 878 502 legi3

112 505 212 553 fortassis
228 503 337 550 exultabit
355 503 446 567 spiritus
464 514 518 550 tuus
537 504 560 550 in
580 504 680 551 domino.
714 505 757 551 Cui
774 515 878 551 sanctus:

112 573 202 619 Bonum
213 580 246 616 est
256 570 365 632 scripture
376 570 504 616 testimonia
517 571 598 634 legere,
610 570 694 617 bonum
711 580 744 616 est
760 570 878 617 dominum

112 637 181 684 deum
199 645 301 682 nostrum
317 634 341 681 in
357 634 412 695 ipsis
427 636 558 698 exquirere;
581 635 637 681 mihi
653 652 709 683 vero
727 646 816 682 tantum
835 636 879 681 iam

112 701 158 761 ipse
169 701 197 746 de
207 699 322 761 scripturis
332 698 405 760 adegi,
417 700 479 761 quod
496 699 614 745 meditanti
633 709 655 744 et
672 699 798 747 revolventi
815 699 880 745 satis-

111 765 194 810 simum
216 772 254 810 est.
297 762 352 808 Non
374 762 477 824 pluribus
499 763 598 828 indigeo,
620 762 668 822 fili;
695 763 741 810 scio
763 763 879 810 Christum

112 844 233 891 pauperem
245 829 383 873 crucifixum.

33 960 110 1001 [NI-1111]
161 924 239 1013 &rat
267 953 291 998 in
318 952 415 998 marchia
439 953 580 999 Anconitana
603 954 706 999 secularis
730 954 828 1018 quidam,
847 953 881 998 sui

113 1019 197 1066 oblitus
213 1028 235 1064 et
255 1018 290 1064 dei
310 1017 402 1072 nescius,
419 1017 458 1080 qui
477 1034 499 1062 se
518 1028 594 1063 totum
613 1018 759 1079 prostituerat
781 1017 881 1065 vanitati.

113 1084 241 1131 Vocabatur
252 1098 334 1129 nomen
346 1082 399 1138 eius,
412 1098 450 1129 rex
462 1099 575 1139 versuum,
587 1099 614 1128 eo
625 1083 686 1147 quod
701 1084 805 1146 princeps
822 1083 881 1130 foret

113 1149 193 1196 lasciva
214 1148 352 1195 cantantium
369 1157 391 1193 et
407 1148 511 1193 inventor
528 1148 660 1194 secularium
678 1159 828 1195 cantannum:
855 1157 882 1194 ut

114 1215 189 1275 paucis
199 1213 278 1267 dicam,
290 1227 361 1273 usque
376 1212 432 1255 adeo
448 1212 518 1273 gloria
535 1213 614 1256 mundi
632 1214 741 1257 extulerat
758 1214 880 1267 hominem,

114 1277 176 1342 quod
193 1276 220 1322 ab
236 1276 371 1338 imperatore
388 1273 459 1320 fuerat
475 1275 644 1338 pomposissime
661 1286 786 1323 coronatus.
820 1275 881 1322 Cum

113 1344 189 1405 itaque
215 1342 246 1386 sic
273 1342 296 1386 in
322 1339 420 1385 tenebris
441 1341 557 1386 ambulans
578 1341 721 1402 iniquitatem
739 1343 837 1387 traheret
858 1341 881 1385 in

114 1405 223 1455 funiculis
244 1403 355 1461 vanitatis
372 1404 475 1450 miserata
490 1404 566 1451 divina
584 1404 653 1466 pietas
672 1405 779 1452 miserum
799 1405 882 1468 cogitat

114 1486 225 1525 revocare,
234 1485 261 1514 ne
272 1478 347 1530 pereat
357 1469 396 1530 qui
407 1468 504 1514 abiectus
515 1479 568 1515 erat.
593 1470 723 1515 Occurrunt
730 1470 771 1515 sibi
778 1470 880 1523 invicem,

115 1536 192 1582 divina
205 1532 355 1596 providentia,
367 1532 444 1577 beatus
461 1533 606 1577 Francischus
622 1544 645 1578 et
661 1533 707 1595 ipse
723 1534 751 1578 ad
768 1533 882 1597 quoddam

115 1598 276 1647 monasterium
298 1613 422 1660 pauperum
444 1597 596 1653 inclusarum;
620 1608 710 1644 venerat
731 1597 783 1644 illuc
805 1598 882 1644 beatus

116 1676 178 1728 pater
199 1663 227 1710 ad
247 1663 302 1709 filias
321 1678 372 1707 cum
391 1662 454 1707 sotiis
472 1662 533 1717 suis;
550 1673 641 1709 venerat
660 1662 697 1709 ille
715 1664 742 1709 ad
762 1663 882 1726 quamdam

116 1746 180 1776 suam
191 1727 378 1789 consanguineam
389 1742 440 1773 cum
451 1726 564 1773 sodalibus
575 1727 659 1773 multis.

164 1793 232 1837 Facta
247 1800 322 1836 autem
339 1806 407 1834 manu
421 1790 507 1834 domini
525 1805 591 1852 super
608 1789 680 1846 illum,
691 1790 760 1848 videt,
772 1790 884 1853 corporeis

117 1857 192 1913 oculis,
205 1866 307 1902 sanctum
318 1855 476 1900 Francischum
487 1855 576 1901 duobus
586 1856 715 1901 transversis
721 1855 810 1903 ensibus
820 1855 883 1901 valde

117 1919 255 1985 fulgentibus
266 1920 289 1965 in
300 1919 394 1965 modum
405 1919 474 1964 crucis
484 1918 605 1981 signatum,
614 1936 711 1983 quorum
723 1937 780 1966 unus
791 1937 803 1965 a
814 1919 884 1982 capite

118 1987 146 2033 ad
157 1987 231 2049 pedes
243 1983 298 2031 alius
309 2002 321 2031 a
331 1999 399 2029 manu
414 1983 437 2029 in
452 1999 543 2030 manum
559 2000 598 2045 per
615 1994 692 2046 pectus
708 1984 885 2032 transversaliter

118 2050 257 2097 tendebatur.
299 2048 354 2093 Non
372 2057 465 2093 noverat
481 2048 528 2108 ipse
546 2047 636 2093 beatum
654 2049 820 2104 Francischum‚
838 2048 884 2103 sed,

118 2124 182 2162 tanto
198 2122 323 2161 monstrato
339 2111 454 2168 miraculo
471 2128 524 2158 mox
540 2112 646 2175 cognovit
662 2113 773 2160 eumdem.
806 2111 885 2159 Subito

119 2190 194 2227 autem
208 2177 345 2241 stupefactus
360 2177 389 2224 ad
405 2176 486 2233 visum,
497 2177 575 2240 incipit
591 2178 627 2224 vel
643 2177 666 2224 in
682 2179 778 2242 longum
794 2178 886 2224 meliora

120 2260 260 2307 proponere3
277 2242 356 2288 beatus
372 2259 427 2287 vero
444 2252 512 2302 pater,
526 2260 577 2288 cum
594 2243 669 2303 primo
682 2245 810 2304 predicaret,
824 2259 885 2289 com-

120 2309 218 2354 muniter
229 2306 342 2361 omnibus,
350 2305 451 2367 gladium
461 2305 524 2351 verbi
533 2306 568 2352 dei
579 2307 708 2352 transvertit
719 2307 742 2352 in
753 2307 885 2362 hominem3

121 2389 221 2419 seorsum
242 2387 338 2434 namque
359 2370 387 2416 de
408 2368 475 2415 seculi
497 2370 594 2416 vanitate
615 2381 637 2416 et
659 2371 738 2417 mundi
755 2381 886 2433 contemptu

121 2438 218 2484 dulciter
231 2444 360 2481 commonet
375 2433 440 2480 illum
456 2450 480 2480 ac
496 2435 577 2481 deinde
592 2436 757 2482 transverberat
773 2453 811 2482 cor
827 2435 887 2482 illius

122 2502 199 2549 divina
215 2498 373 2547 comminando
388 2498 474 2545 iuditia.
500 2499 624 2562 Respondit
635 2499 671 2546 ille
683 2501 804 2549 continuo:
823 2500 887 2553 Quid

122 2583 180 2627 opus
191 2567 255 2626 plura
265 2580 336 2609 serere
350 2563 433 2608 verba?
452 2564 567 2609 veniamus
583 2564 611 2609 ad
627 2564 690 2611 facta.
725 2565 792 2610 Tolle
808 2582 844 2611 me
860 2565 887 2609 ab

122 2628 250 2676 hominibus
271 2638 294 2673 et
315 2642 397 2690 magno
416 2642 452 2671 me
470 2627 599 2689 imperatori
616 2628 716 2673 restitue.
756 2627 835 2674 Altera
851 2628 887 2674 die

122 2695 199 2743 induit
220 2710 272 2741 eum
294 2702 383 2740 sanctus
404 2702 427 2739 et
448 2692 476 2740 ad
497 2693 533 2740 dei
554 2709 631 2757 pacem
653 2694 773 2741 reductum
794 2694 887 2742 fratrem

123 2760 244 2808 Pacificum
255 2757 386 2805 nominavit.

170 2823 251 2872 Huius
259 2822 375 2871 conversio
382 2836 409 2868 eo
416 2821 487 2884 magis
493 2822 642 2869 hedificatoria
648 2822 693 2868 fuit
701 2823 833 2882 multorum,
842 2841 889 2886 quo
