<?xml version="1.0" encoding="UTF-8"?>
<!DOCTYPE html PUBLIC "-//W3C//DTD XHTML 1.0 Transitional//EN"
    "http://www.w3.org/TR/xhtml1/DTD/xhtml1-transitional.dtd">
<html xmlns="http://www.w3.org/1999/xhtml" xml:lang="en" lang="en">
 <head>
  <title>
</title>
<meta http-equiv="Content-Type" content="text/html;charset=utf-8" />
  <meta name='ocr-system' content='tesseract 3.04.00' />
  <meta name='ocr-capabilities' content='ocr_page ocr_carea ocr_par ocr_line ocrx_word'/>
</head>
<body>
  <div class='ocr_page' id='page_1' title='image "./MN5146ucmf_4_0369.png"; bbox 0 0 1919 3169; ppageno 0'>
   <div class='ocr_carea' id='block_1_1' title="bbox 237 83 809 147">
    <p class='ocr_par' dir='ltr' id='par_1_1' title="bbox 237 83 809 147">
     <span class='ocr_line' id='line_1_1' title="bbox 237 83 809 147; baseline 0.009 -19"><span class='ocrx_word' id='word_1_1' title='bbox 237 83 435 130; x_wconf 79' lang='lat' dir='ltr'><strong>TRACTATus</strong></span> <span class='ocrx_word' id='word_1_2' title='bbox 453 85 628 132; x_wconf 78' lang='lat' dir='ltr'><strong>sncuunus</strong></span> <span class='ocrx_word' id='word_1_3' title='bbox 782 103 809 147; x_wconf 87' lang='lat'><strong>91</strong></span> 
     </span>
    </p>
   </div>
   <div class='ocr_carea' id='block_1_2' title="bbox 109 202 892 275">
    <p class='ocr_par' dir='ltr' id='par_1_2' title="bbox 109 202 892 275">
     <span class='ocr_line' id='line_1_2' title="bbox 109 202 892 275; baseline 0.004 -14"><span class='ocrx_word' id='word_1_4' title='bbox 109 219 143 262; x_wconf 87' lang='lat' dir='ltr'><strong>De</strong></span> <span class='ocrx_word' id='word_1_5' title='bbox 156 221 237 262; x_wconf 87' lang='lat' dir='ltr'><strong>sancta</strong></span> <span class='ocrx_word' id='word_1_6' title='bbox 250 218 395 270; x_wconf 80' lang='lat' dir='ltr'><strong>simplicitate</strong></span> <span class='ocrx_word' id='word_1_7' title='bbox 408 222 432 263; x_wconf 89' lang='lat' dir='ltr'><strong>et</strong></span> <span class='ocrx_word' id='word_1_8' title='bbox 445 230 490 272; x_wconf 80' lang='lat' dir='ltr'><strong>que</strong></span> <span class='ocrx_word' id='word_1_9' title='bbox 503 222 534 264; x_wconf 87' lang='lat' dir='ltr'><strong>sit</strong></span> <span class='ocrx_word' id='word_1_10' title='bbox 547 230 601 262; x_wconf 88' lang='lat' dir='ltr'><strong>vera</strong></span> <span class='ocrx_word' id='word_1_11' title='bbox 614 219 752 271; x_wconf 82' lang='lat' dir='ltr'><strong>simplicitas.</strong></span> <span class='ocrx_word' id='word_1_12' title='bbox 800 202 802 204; x_wconf 31' lang='lat'>¹</span> <span class='ocrx_word' id='word_1_13' title='bbox 817 233 892 275; x_wconf 77' lang='lat' dir='ltr'><strong>[a-ch]</strong></span> 
     </span>
    </p>
   </div>
   <div class='ocr_carea' id='block_1_3' title="bbox 48 290 844 1546">
    <p class='ocr_par' dir='ltr' id='par_1_3' title="bbox 48 290 844 1546">
     <span class='ocr_line' id='line_1_3' title="bbox 94 290 814 386; baseline 0 -18"><span class='ocrx_word' id='word_1_14' title='bbox 94 290 224 380; x_wconf 64' lang='lat' dir='ltr'><strong>Sanctam</strong></span> <span class='ocrx_word' id='word_1_15' title='bbox 250 322 414 383; x_wconf 84' lang='lat' dir='ltr'><strong>simplicitatem</strong></span> <span class='ocrx_word' id='word_1_16' title='bbox 436 325 508 386; x_wconf 85' lang='lat' dir='ltr'><strong>gratie</strong></span> <span class='ocrx_word' id='word_1_17' title='bbox 530 323 605 379; x_wconf 84' lang='lat' dir='ltr'><strong>filiam,</strong></span> <span class='ocrx_word' id='word_1_18' title='bbox 634 322 740 384; x_wconf 82' lang='lat' dir='ltr'><strong>sapientie</strong></span> <span class='ocrx_word' id='word_1_19' title='bbox 764 338 814 386; x_wconf 85' lang='lat' dir='ltr'><strong>ger-</strong></span> 
     </span>
     <span class='ocr_line' id='line_1_4' title="bbox 48 386 814 449; baseline -0.003 -14"><span class='ocrx_word' id='word_1_20' title='bbox 48 405 143 444; x_wconf 87' lang='lat' dir='ltr'><strong>manam,</strong></span> <span class='ocrx_word' id='word_1_21' title='bbox 153 397 247 432; x_wconf 87' lang='lat' dir='ltr'><strong>matrem</strong></span> <span class='ocrx_word' id='word_1_22' title='bbox 258 386 342 432; x_wconf 88' lang='lat' dir='ltr'><strong>iustitie</strong></span> <span class='ocrx_word' id='word_1_23' title='bbox 353 387 451 448; x_wconf 89' lang='lat' dir='ltr'><strong>quodam</strong></span> <span class='ocrx_word' id='word_1_24' title='bbox 462 388 577 435; x_wconf 89' lang='lat' dir='ltr'><strong>attentiori</strong></span> <span class='ocrx_word' id='word_1_25' title='bbox 586 386 662 434; x_wconf 89' lang='lat' dir='ltr'><strong>studio</strong></span> <span class='ocrx_word' id='word_1_26' title='bbox 670 387 814 449; x_wconf 89' lang='lat' dir='ltr'><strong>pretendebat</strong></span> 
     </span>
     <span class='ocr_line' id='line_1_5' title="bbox 48 448 814 513; baseline -0.007 -13"><span class='ocrx_word' id='word_1_27' title='bbox 48 463 137 500; x_wconf 90' lang='lat' dir='ltr'><strong>sanctus</strong></span> <span class='ocrx_word' id='word_1_28' title='bbox 147 451 171 497; x_wconf 91' lang='lat' dir='ltr'><strong>in</strong></span> <span class='ocrx_word' id='word_1_29' title='bbox 181 467 204 496; x_wconf 89' lang='lat' dir='ltr'><strong>se</strong></span> <span class='ocrx_word' id='word_1_30' title='bbox 220 467 245 496; x_wconf 89' lang='lat' dir='ltr'><strong>ac</strong></span> <span class='ocrx_word' id='word_1_31' title='bbox 256 448 363 513; x_wconf 85' lang='lat' dir='ltr'><strong>diligebat</strong></span> <span class='ocrx_word' id='word_1_32' title='bbox 375 449 399 496; x_wconf 91' lang='lat' dir='ltr'><strong>in</strong></span> <span class='ocrx_word' id='word_1_33' title='bbox 415 450 479 507; x_wconf 88' lang='lat' dir='ltr'><strong>aliis;</strong></span> <span class='ocrx_word' id='word_1_34' title='bbox 496 469 542 499; x_wconf 92' lang='lat' dir='ltr'><strong>non</strong></span> <span class='ocrx_word' id='word_1_35' title='bbox 559 461 634 499; x_wconf 88' lang='lat' dir='ltr'><strong>autern</strong></span> <span class='ocrx_word' id='word_1_36' title='bbox 652 451 726 496; x_wconf 88' lang='lat' dir='ltr'><strong>omnis</strong></span> <span class='ocrx_word' id='word_1_37' title='bbox 743 450 770 496; x_wconf 92' lang='lat' dir='ltr'><strong>ab</strong></span> <span class='ocrx_word' id='word_1_38' title='bbox 787 466 814 496; x_wconf 93' lang='lat' dir='ltr'><strong>eo</strong></span> 
     </span>
     <span class='ocr_line' id='line_1_6' title="bbox 48 514 815 582; baseline -0.005 -17"><span class='ocrx_word' id='word_1_39' title='bbox 48 517 184 582; x_wconf 83' lang='lat' dir='ltr'>probabatur</span> <span class='ocrx_word' id='word_1_40' title='bbox 197 514 333 577; x_wconf 67' lang='lat' dir='ltr'><strong>simplicitas</strong></span> <span class='ocrx_word' id='word_1_41' title='bbox 345 515 384 561; x_wconf 89' lang='lat' dir='ltr'><strong>sed</strong></span> <span class='ocrx_word' id='word_1_42' title='bbox 395 533 420 562; x_wconf 89' lang='lat' dir='ltr'><strong>ea</strong></span> <span class='ocrx_word' id='word_1_43' title='bbox 436 516 516 573; x_wconf 90' lang='lat' dir='ltr'><strong>solum,</strong></span> <span class='ocrx_word' id='word_1_44' title='bbox 528 534 573 581; x_wconf 89' lang='lat' dir='ltr'><strong>que</strong></span> <span class='ocrx_word' id='word_1_45' title='bbox 590 516 633 563; x_wconf 89' lang='lat' dir='ltr'><strong>deo</strong></span> <span class='ocrx_word' id='word_1_46' title='bbox 650 533 693 563; x_wconf 90' lang='lat' dir='ltr'><strong>suo</strong></span> <span class='ocrx_word' id='word_1_47' title='bbox 710 525 815 562; x_wconf 89' lang='lat' dir='ltr'><strong>contenta</strong></span> 
     </span>
     <span class='ocr_line' id='line_1_7' title="bbox 48 580 813 644; baseline -0.003 -14"><span class='ocrx_word' id='word_1_48' title='bbox 48 595 119 630; x_wconf 91' lang='lat' dir='ltr'><strong>cetera</strong></span> <span class='ocrx_word' id='word_1_49' title='bbox 128 580 255 642; x_wconf 79' lang='lat' dir='ltr'><strong>vilipendit.</strong></span> <span class='ocrx_word' id='word_1_50' title='bbox 289 580 342 626; x_wconf 85' lang='lat' dir='ltr'><strong>Hec</strong></span> <span class='ocrx_word' id='word_1_51' title='bbox 352 590 393 637; x_wconf 90' lang='lat' dir='ltr'><strong>est,</strong></span> <span class='ocrx_word' id='word_1_52' title='bbox 405 598 448 644; x_wconf 89' lang='lat' dir='ltr'><strong>que</strong></span> <span class='ocrx_word' id='word_1_53' title='bbox 459 583 482 627; x_wconf 93' lang='lat' dir='ltr'><strong>in</strong></span> <span class='ocrx_word' id='word_1_54' title='bbox 496 582 576 628; x_wconf 88' lang='lat' dir='ltr'><strong>timore</strong></span> <span class='ocrx_word' id='word_1_55' title='bbox 592 582 679 629; x_wconf 88' lang='lat' dir='ltr'><strong>domini</strong></span> <span class='ocrx_word' id='word_1_56' title='bbox 695 582 813 644; x_wconf 87' lang='lat' dir='ltr'><strong>gloriatur,</strong></span> 
     </span>
     <span class='ocr_line' id='line_1_8' title="bbox 49 644 815 710; baseline -0.003 -18"><span class='ocrx_word' id='word_1_57' title='bbox 49 664 93 710; x_wconf 91' lang='lat' dir='ltr'><strong>que</strong></span> <span class='ocrx_word' id='word_1_58' title='bbox 112 646 198 690; x_wconf 88' lang='lat' dir='ltr'><strong>malum</strong></span> <span class='ocrx_word' id='word_1_59' title='bbox 217 644 295 701; x_wconf 83' lang='lat' dir='ltr'><strong>facere,</strong></span> <span class='ocrx_word' id='word_1_60' title='bbox 315 646 351 689; x_wconf 91' lang='lat' dir='ltr'><strong>vel</strong></span> <span class='ocrx_word' id='word_1_61' title='bbox 370 645 442 689; x_wconf 87' lang='lat' dir='ltr'><strong>dicere</strong></span> <span class='ocrx_word' id='word_1_62' title='bbox 461 647 535 692; x_wconf 90' lang='lat' dir='ltr'><strong>nescit.</strong></span> <span class='ocrx_word' id='word_1_63' title='bbox 570 647 623 691; x_wconf 91' lang='lat' dir='ltr'><strong>Hec</strong></span> <span class='ocrx_word' id='word_1_64' title='bbox 642 656 683 702; x_wconf 86' lang='lat' dir='ltr'><strong>est,</strong></span> <span class='ocrx_word' id='word_1_65' title='bbox 703 663 748 707; x_wconf 89' lang='lat' dir='ltr'><strong>que</strong></span> <span class='ocrx_word' id='word_1_66' title='bbox 769 662 815 690; x_wconf 90' lang='lat' dir='ltr'><strong>sese</strong></span> 
     </span>
     <span class='ocr_line' id='line_1_9' title="bbox 49 708 815 773; baseline -0.004 -16"><span class='ocrx_word' id='word_1_67' title='bbox 49 710 175 757; x_wconf 83' lang='lat' dir='ltr'><strong>examinans</strong></span> <span class='ocrx_word' id='word_1_68' title='bbox 198 708 332 754; x_wconf 78' lang='lat' dir='ltr'><strong>condemnat</strong></span> <span class='ocrx_word' id='word_1_69' title='bbox 353 724 395 755; x_wconf 90' lang='lat' dir='ltr'><strong>suo</strong></span> <span class='ocrx_word' id='word_1_70' title='bbox 416 709 500 756; x_wconf 88' lang='lat' dir='ltr'><strong>iudicio</strong></span> <span class='ocrx_word' id='word_1_71' title='bbox 521 710 640 766; x_wconf 88' lang='lat' dir='ltr'><strong>neminem,</strong></span> <span class='ocrx_word' id='word_1_72' title='bbox 662 726 706 773; x_wconf 90' lang='lat' dir='ltr'><strong>que</strong></span> <span class='ocrx_word' id='word_1_73' title='bbox 727 708 815 755; x_wconf 86' lang='lat' dir='ltr'><strong>meliori</strong></span> 
     </span>
     <span class='ocr_line' id='line_1_10' title="bbox 48 772 814 838; baseline -0.001 -16"><span class='ocrx_word' id='word_1_74' title='bbox 48 774 151 823; x_wconf 88' lang='lat' dir='ltr'><strong>debiturn</strong></span> <span class='ocrx_word' id='word_1_75' title='bbox 178 772 297 836; x_wconf 89' lang='lat' dir='ltr'><strong>imperium</strong></span> <span class='ocrx_word' id='word_1_76' title='bbox 323 772 429 830; x_wconf 80' lang='lat' dir='ltr'><strong>reddam,</strong></span> <span class='ocrx_word' id='word_1_77' title='bbox 456 775 576 838; x_wconf 86' lang='lat' dir='ltr'><strong>imperium</strong></span> <span class='ocrx_word' id='word_1_78' title='bbox 603 776 687 838; x_wconf 88' lang='lat' dir='ltr'><strong>appetit</strong></span> <span class='ocrx_word' id='word_1_79' title='bbox 717 774 814 821; x_wconf 88' lang='lat' dir='ltr'><strong>nullum.</strong></span> 
     </span>
     <span class='ocr_line' id='line_1_11' title="bbox 50 837 816 902; baseline -0.001 -16"><span class='ocrx_word' id='word_1_80' title='bbox 50 841 102 886; x_wconf 87' lang='lat' dir='ltr'><strong>Hec</strong></span> <span class='ocrx_word' id='word_1_81' title='bbox 112 849 153 896; x_wconf 87' lang='lat' dir='ltr'><strong>est,</strong></span> <span class='ocrx_word' id='word_1_82' title='bbox 165 854 208 900; x_wconf 89' lang='lat' dir='ltr'><strong>que</strong></span> <span class='ocrx_word' id='word_1_83' title='bbox 219 853 294 900; x_wconf 83' lang='lat' dir='ltr'><strong>grecas</strong></span> <span class='ocrx_word' id='word_1_84' title='bbox 305 837 387 901; x_wconf 83' lang='lat' dir='ltr'><strong>glorias</strong></span> <span class='ocrx_word' id='word_1_85' title='bbox 398 855 443 885; x_wconf 88' lang='lat' dir='ltr'><strong>non</strong></span> <span class='ocrx_word' id='word_1_86' title='bbox 454 841 550 902; x_wconf 89' lang='lat' dir='ltr'><strong>optimas</strong></span> <span class='ocrx_word' id='word_1_87' title='bbox 564 839 672 886; x_wconf 86' lang='lat' dir='ltr'><strong>arbitrans</strong></span> <span class='ocrx_word' id='word_1_88' title='bbox 684 838 735 901; x_wconf 90' lang='lat' dir='ltr'><strong>plus</strong></span> <span class='ocrx_word' id='word_1_89' title='bbox 751 840 816 902; x_wconf 82' lang='lat' dir='ltr'><strong>eligit</strong></span> 
     </span>
     <span class='ocr_line' id='line_1_12' title="bbox 50 902 816 968; baseline -0.003 -18"><span class='ocrx_word' id='word_1_90' title='bbox 50 904 129 960; x_wconf 86' lang='lat' dir='ltr'><strong>facere,</strong></span> <span class='ocrx_word' id='word_1_91' title='bbox 140 919 209 966; x_wconf 84' lang='lat' dir='ltr'><strong>quam</strong></span> <span class='ocrx_word' id='word_1_92' title='bbox 220 902 313 959; x_wconf 78' lang='lat' dir='ltr'><strong>discere,</strong></span> <span class='ocrx_word' id='word_1_93' title='bbox 325 903 361 948; x_wconf 91' lang='lat' dir='ltr'><strong>vel</strong></span> <span class='ocrx_word' id='word_1_94' title='bbox 372 903 457 949; x_wconf 91' lang='lat' dir='ltr'><strong>docere.</strong></span> <span class='ocrx_word' id='word_1_95' title='bbox 490 904 543 950; x_wconf 88' lang='lat' dir='ltr'><strong>Hec</strong></span> <span class='ocrx_word' id='word_1_96' title='bbox 556 915 596 961; x_wconf 85' lang='lat' dir='ltr'><strong>est,</strong></span> <span class='ocrx_word' id='word_1_97' title='bbox 608 921 652 968; x_wconf 90' lang='lat' dir='ltr'><strong>que</strong></span> <span class='ocrx_word' id='word_1_98' title='bbox 670 904 693 949; x_wconf 90' lang='lat' dir='ltr'><strong>in</strong></span> <span class='ocrx_word' id='word_1_99' title='bbox 710 903 816 950; x_wconf 91' lang='lat' dir='ltr'><strong>omnibus</strong></span> 
     </span>
     <span class='ocr_line' id='line_1_13' title="bbox 51 965 817 1029; baseline 0.001 -16"><span class='ocrx_word' id='word_1_100' title='bbox 51 968 133 1014; x_wconf 90' lang='lat' dir='ltr'><strong>divinis</strong></span> <span class='ocrx_word' id='word_1_101' title='bbox 149 966 237 1029; x_wconf 84' lang='lat' dir='ltr'><strong>legibus</strong></span> <span class='ocrx_word' id='word_1_102' title='bbox 253 965 357 1012; x_wconf 89' lang='lat' dir='ltr'><strong>verbosas</strong></span> <span class='ocrx_word' id='word_1_103' title='bbox 374 968 485 1029; x_wconf 83' lang='lat' dir='ltr'><strong>ambages,</strong></span> <span class='ocrx_word' id='word_1_104' title='bbox 496 978 587 1015; x_wconf 90' lang='lat' dir='ltr'><strong>ornatus</strong></span> <span class='ocrx_word' id='word_1_105' title='bbox 604 979 627 1014; x_wconf 85' lang='lat' dir='ltr'><strong>et</strong></span> <span class='ocrx_word' id='word_1_106' title='bbox 645 968 731 1026; x_wconf 87' lang='lat' dir='ltr'><strong>faleras,</strong></span> <span class='ocrx_word' id='word_1_107' title='bbox 743 979 817 1015; x_wconf 89' lang='lat' dir='ltr'><strong>osten-</strong></span> 
     </span>
     <span class='ocr_line' id='line_1_14' title="bbox 50 1030 816 1097; baseline 0.001 -17"><span class='ocrx_word' id='word_1_108' title='bbox 50 1034 145 1080; x_wconf 78' lang='lat' dir='ltr'><strong>tationes</strong></span> <span class='ocrx_word' id='word_1_109' title='bbox 166 1042 189 1078; x_wconf 91' lang='lat' dir='ltr'><strong>et</strong></span> <span class='ocrx_word' id='word_1_110' title='bbox 213 1030 351 1078; x_wconf 79' lang='lat' dir='ltr'><strong>curiositates</strong></span> <span class='ocrx_word' id='word_1_111' title='bbox 379 1032 483 1095; x_wconf 87' lang='lat' dir='ltr'><strong>perituris</strong></span> <span class='ocrx_word' id='word_1_112' title='bbox 511 1032 645 1097; x_wconf 87' lang='lat' dir='ltr'><strong>relinquens,</strong></span> <span class='ocrx_word' id='word_1_113' title='bbox 668 1032 743 1097; x_wconf 86' lang='lat' dir='ltr'><strong>querit</strong></span> <span class='ocrx_word' id='word_1_114' title='bbox 770 1049 816 1081; x_wconf 91' lang='lat' dir='ltr'><strong>non</strong></span> 
     </span>
     <span class='ocr_line' id='line_1_15' title="bbox 51 1096 817 1156; baseline -0.001 -11"><span class='ocrx_word' id='word_1_115' title='bbox 51 1099 163 1156; x_wconf 88' lang='lat' dir='ltr'><strong>corticem,</strong></span> <span class='ocrx_word' id='word_1_116' title='bbox 174 1097 213 1143; x_wconf 87' lang='lat' dir='ltr'><strong>sed</strong></span> <span class='ocrx_word' id='word_1_117' title='bbox 224 1096 354 1154; x_wconf 83' lang='lat' dir='ltr'><strong>medullam,</strong></span> <span class='ocrx_word' id='word_1_118' title='bbox 362 1115 407 1144; x_wconf 89' lang='lat' dir='ltr'><strong>non</strong></span> <span class='ocrx_word' id='word_1_119' title='bbox 419 1109 497 1145; x_wconf 86' lang='lat' dir='ltr'><strong>testam</strong></span> <span class='ocrx_word' id='word_1_120' title='bbox 508 1098 547 1144; x_wconf 89' lang='lat' dir='ltr'><strong>sed</strong></span> <span class='ocrx_word' id='word_1_121' title='bbox 558 1098 671 1155; x_wconf 83' lang='lat' dir='ltr'><strong>nucleum,</strong></span> <span class='ocrx_word' id='word_1_122' title='bbox 682 1116 728 1145; x_wconf 92' lang='lat' dir='ltr'><strong>non</strong></span> <span class='ocrx_word' id='word_1_123' title='bbox 739 1098 817 1155; x_wconf 86' lang='lat' dir='ltr'><strong>multa,</strong></span> 
     </span>
     <span class='ocr_line' id='line_1_16' title="bbox 51 1162 818 1218; baseline 0 -10"><span class='ocrx_word' id='word_1_124' title='bbox 51 1164 89 1209; x_wconf 89' lang='lat' dir='ltr'><strong>sed</strong></span> <span class='ocrx_word' id='word_1_125' title='bbox 100 1162 205 1218; x_wconf 86' lang='lat' dir='ltr'><strong>multum,</strong></span> <span class='ocrx_word' id='word_1_126' title='bbox 213 1178 330 1207; x_wconf 89' lang='lat' dir='ltr'><strong>summum</strong></span> <span class='ocrx_word' id='word_1_127' title='bbox 338 1173 361 1207; x_wconf 88' lang='lat' dir='ltr'><strong>et</strong></span> <span class='ocrx_word' id='word_1_128' title='bbox 369 1163 471 1208; x_wconf 88' lang='lat' dir='ltr'><strong>stabilem</strong></span> <span class='ocrx_word' id='word_1_129' title='bbox 478 1163 571 1209; x_wconf 88' lang='lat' dir='ltr'><strong>bonurn.</strong></span> <span class='ocrx_word' id='word_1_130' title='bbox 599 1164 669 1209; x_wconf 89' lang='lat' dir='ltr'><strong>Hanc</strong></span> <span class='ocrx_word' id='word_1_131' title='bbox 678 1164 701 1208; x_wconf 92' lang='lat' dir='ltr'><strong>in</strong></span> <span class='ocrx_word' id='word_1_132' title='bbox 710 1163 818 1210; x_wconf 86' lang='lat' dir='ltr'><strong>fratribus</strong></span> 
     </span>
     <span class='ocr_line' id='line_1_17' title="bbox 50 1224 816 1288; baseline 0.003 -17"><span class='ocrx_word' id='word_1_133' title='bbox 50 1225 157 1271; x_wconf 88' lang='lat' dir='ltr'><strong>lieteratis</strong></span> <span class='ocrx_word' id='word_1_134' title='bbox 172 1234 195 1270; x_wconf 93' lang='lat' dir='ltr'><strong>et</strong></span> <span class='ocrx_word' id='word_1_135' title='bbox 212 1224 280 1286; x_wconf 90' lang='lat' dir='ltr'><strong>laycis</strong></span> <span class='ocrx_word' id='word_1_136' title='bbox 296 1226 424 1288; x_wconf 78' lang='lat' dir='ltr'><strong>requirebat</strong></span> <span class='ocrx_word' id='word_1_137' title='bbox 443 1236 505 1288; x_wconf 88' lang='lat' dir='ltr'><strong>pater</strong></span> <span class='ocrx_word' id='word_1_138' title='bbox 524 1227 683 1284; x_wconf 64' lang='lat' dir='ltr'><strong>sanctissimus</strong></span> <span class='ocrx_word' id='word_1_139' title='bbox 699 1242 747 1273; x_wconf 90' lang='lat' dir='ltr'><strong>eam</strong></span> <span class='ocrx_word' id='word_1_140' title='bbox 764 1243 816 1273; x_wconf 89' lang='lat' dir='ltr'><strong>con·</strong></span> 
     </span>
     <span class='ocr_line' id='line_1_18' title="bbox 52 1290 844 1354; baseline 0 -17"><span class='ocrx_word' id='word_1_141' title='bbox 52 1292 141 1337; x_wconf 89' lang='lat' dir='ltr'><strong>trariam</strong></span> <span class='ocrx_word' id='word_1_142' title='bbox 153 1290 259 1352; x_wconf 87' lang='lat' dir='ltr'><strong>sapientie</strong></span> <span class='ocrx_word' id='word_1_143' title='bbox 275 1292 373 1348; x_wconf 65' lang='lat' dir='ltr'><strong>credens</strong></span> <span class='ocrx_word' id='word_1_144' title='bbox 384 1290 423 1338; x_wconf 88' lang='lat' dir='ltr'><strong>sed</strong></span> <span class='ocrx_word' id='word_1_145' title='bbox 433 1308 486 1338; x_wconf 91' lang='lat' dir='ltr'><strong>vere</strong></span> <span class='ocrx_word' id='word_1_146' title='bbox 501 1308 636 1354; x_wconf 85' lang='lat' dir='ltr'><strong>germanam,</strong></span> <span class='ocrx_word' id='word_1_147' title='bbox 648 1290 699 1336; x_wconf 90' lang='lat' dir='ltr'><strong>licet</strong></span> <span class='ocrx_word' id='word_1_148' title='bbox 712 1291 817 1354; x_wconf 57' lang='lat' dir='ltr'><strong>pauperi,</strong></span> <span class='ocrx_word' id='word_1_149' title='bbox 842 1320 844 1324; x_wconf 58' lang='lat'>&gt;</span> 
     </span>
     <span class='ocr_line' id='line_1_19' title="bbox 52 1354 816 1419; baseline 0.004 -19"><span class='ocrx_word' id='word_1_150' title='bbox 52 1355 94 1401; x_wconf 90' lang='lat' dir='ltr'><strong>bus</strong></span> <span class='ocrx_word' id='word_1_151' title='bbox 109 1355 200 1401; x_wconf 87' lang='lat' dir='ltr'><strong>scientia</strong></span> <span class='ocrx_word' id='word_1_152' title='bbox 216 1354 339 1401; x_wconf 88' lang='lat' dir='ltr'><strong>faciliorem</strong></span> <span class='ocrx_word' id='word_1_153' title='bbox 353 1356 380 1402; x_wconf 89' lang='lat' dir='ltr'><strong>ad</strong></span> <span class='ocrx_word' id='word_1_154' title='bbox 392 1356 501 1412; x_wconf 87' lang='lat' dir='ltr'><strong>habitum,</strong></span> <span class='ocrx_word' id='word_1_155' title='bbox 513 1356 676 1419; x_wconf 82' lang='lat' dir='ltr'><strong>promptiorem</strong></span> <span class='ocrx_word' id='word_1_156' title='bbox 691 1357 719 1401; x_wconf 91' lang='lat' dir='ltr'><strong>ad</strong></span> <span class='ocrx_word' id='word_1_157' title='bbox 730 1373 816 1413; x_wconf 89' lang='lat' dir='ltr'><strong>usum;</strong></span> 
     </span>
     <span class='ocr_line' id='line_1_20' title="bbox 52 1418 817 1482; baseline 0 -16"><span class='ocrx_word' id='word_1_158' title='bbox 52 1420 112 1466; x_wconf 86' lang='lat' dir='ltr'><strong>uncle</strong></span> <span class='ocrx_word' id='word_1_159' title='bbox 133 1420 157 1465; x_wconf 90' lang='lat' dir='ltr'><strong>in</strong></span> <span class='ocrx_word' id='word_1_160' title='bbox 175 1418 289 1476; x_wconf 87' lang='lat' dir='ltr'><strong>laudibus,</strong></span> <span class='ocrx_word' id='word_1_161' title='bbox 311 1437 366 1482; x_wconf 88' lang='lat' dir='ltr'><strong>quas</strong></span> <span class='ocrx_word' id='word_1_162' title='bbox 388 1420 416 1467; x_wconf 92' lang='lat' dir='ltr'><strong>de</strong></span> <span class='ocrx_word' id='word_1_163' title='bbox 437 1420 562 1468; x_wconf 87' lang='lat' dir='ltr'><strong>virtutibus</strong></span> <span class='ocrx_word' id='word_1_164' title='bbox 583 1420 636 1468; x_wconf 86' lang='lat' dir='ltr'><strong>fecit</strong></span> <span class='ocrx_word' id='word_1_165' title='bbox 653 1421 685 1467; x_wconf 92' lang='lat' dir='ltr'><strong>sic</strong></span> <span class='ocrx_word' id='word_1_166' title='bbox 702 1421 748 1468; x_wconf 90' lang='lat' dir='ltr'><strong>ait:</strong></span> <span class='ocrx_word' id='word_1_167' title='bbox 767 1421 817 1468; x_wconf 87' lang='lat' dir='ltr'><strong>Ave</strong></span> 
     </span>
     <span class='ocr_line' id='line_1_21' title="bbox 51 1483 816 1546; baseline 0.004 -17"><span class='ocrx_word' id='word_1_168' title='bbox 51 1484 128 1546; x_wconf 86' lang='lat' dir='ltr'><strong>regina</strong></span> <span class='ocrx_word' id='word_1_169' title='bbox 137 1483 250 1545; x_wconf 88' lang='lat' dir='ltr'><strong>sapientia.</strong></span> <span class='ocrx_word' id='word_1_170' title='bbox 283 1483 816 1546; x_wconf 77' lang='lat' dir='ltr'><strong>Tesalvetcumtuasororesanctssimplicitate.</strong></span> 
     </span>
    </p>
   </div>
   <div class='ocr_carea' id='block_1_4' title="bbox 247 1629 902 1683">
    <p class='ocr_par' dir='ltr' id='par_1_4' title="bbox 247 1629 902 1683">
     <span class='ocr_line' id='line_1_22' title="bbox 247 1629 902 1683; baseline -0.003 -9"><span class='ocrx_word' id='word_1_171' title='bbox 247 1632 282 1675; x_wconf 86' lang='lat' dir='ltr'><strong>De</strong></span> <span class='ocrx_word' id='word_1_172' title='bbox 296 1631 365 1674; x_wconf 85' lang='lat' dir='ltr'><strong>fratre</strong></span> <span class='ocrx_word' id='word_1_173' title='bbox 377 1630 496 1682; x_wconf 71' lang='lat' dir='ltr'><strong>‚Iohannes</strong></span> <span class='ocrx_word' id='word_1_174' title='bbox 509 1629 616 1683; x_wconf 86' lang='lat' dir='ltr'><strong>simplice.</strong></span> <span class='ocrx_word' id='word_1_175' title='bbox 820 1629 902 1672; x_wconf 74' lang='lat' dir='ltr'><strong>[netu]</strong></span> 
     </span>
    </p>
   </div>
   <div class='ocr_carea' id='block_1_5' title="bbox 51 1697 913 2892">
    <p class='ocr_par' dir='ltr' id='par_1_5' title="bbox 51 1697 913 2892">
     <span class='ocr_line' id='line_1_23' title="bbox 99 1697 816 1793; baseline 0.001 -17"><span class='ocrx_word' id='word_1_176' title='bbox 99 1697 197 1785; x_wconf 51' lang='lat' dir='ltr'><strong>&amp;unte</strong></span> <span class='ocrx_word' id='word_1_177' title='bbox 234 1730 299 1776; x_wconf 87' lang='lat' dir='ltr'><strong>beato</strong></span> <span class='ocrx_word' id='word_1_178' title='bbox 337 1730 454 1775; x_wconf 86' lang='lat' dir='ltr'><strong>Francisco</strong></span> <span class='ocrx_word' id='word_1_179' title='bbox 491 1730 554 1776; x_wconf 84' lang='lat' dir='ltr'><strong>iuxta</strong></span> <span class='ocrx_word' id='word_1_180' title='bbox 585 1730 661 1776; x_wconf 89' lang='lat' dir='ltr'><strong>villam</strong></span> <span class='ocrx_word' id='word_1_181' title='bbox 695 1732 816 1793; x_wconf 90' lang='lat' dir='ltr'><strong>quamdam</strong></span> 
     </span>
     <span class='ocr_line' id='line_1_24' title="bbox 51 1794 816 1858; baseline 0 -17"><span class='ocrx_word' id='word_1_182' title='bbox 51 1811 121 1858; x_wconf 88' lang='lat' dir='ltr'><strong>prope</strong></span> <span class='ocrx_word' id='word_1_183' title='bbox 158 1795 277 1852; x_wconf 83' lang='lat' dir='ltr'><strong>Assisium,</strong></span> <span class='ocrx_word' id='word_1_184' title='bbox 310 1794 403 1857; x_wconf 90' lang='lat' dir='ltr'><strong>quidam</strong></span> <span class='ocrx_word' id='word_1_185' title='bbox 440 1795 534 1840; x_wconf 89' lang='lat' dir='ltr'><strong>loannes</strong></span> <span class='ocrx_word' id='word_1_186' title='bbox 565 1794 600 1839; x_wconf 86' lang='lat' dir='ltr'><strong>vir</strong></span> <span class='ocrx_word' id='word_1_187' title='bbox 632 1794 816 1857; x_wconf 87' lang='lat' dir='ltr'><strong>simplicissimus,</strong></span> 
     </span>
     <span class='ocr_line' id='line_1_25' title="bbox 54 1859 816 1923; baseline 0.003 -18"><span class='ocrx_word' id='word_1_188' title='bbox 54 1861 93 1923; x_wconf 88' lang='lat' dir='ltr'><strong>qui</strong></span> <span class='ocrx_word' id='word_1_189' title='bbox 120 1861 143 1905; x_wconf 91' lang='lat' dir='ltr'><strong>in</strong></span> <span class='ocrx_word' id='word_1_190' title='bbox 170 1877 223 1923; x_wconf 86' lang='lat' dir='ltr'><strong>agro</strong></span> <span class='ocrx_word' id='word_1_191' title='bbox 249 1859 332 1915; x_wconf 83' lang='lat' dir='ltr'><strong>arabat,</strong></span> <span class='ocrx_word' id='word_1_192' title='bbox 359 1860 456 1905; x_wconf 89' lang='lat' dir='ltr'><strong>occurrit</strong></span> <span class='ocrx_word' id='word_1_193' title='bbox 483 1860 503 1904; x_wconf 90' lang='lat' dir='ltr'><strong>ei</strong></span> <span class='ocrx_word' id='word_1_194' title='bbox 532 1859 624 1905; x_wconf 86' lang='lat' dir='ltr'><strong>dicens:</strong></span> <span class='ocrx_word' id='word_1_195' title='bbox 658 1860 725 1916; x_wconf 85' lang='lat' dir='ltr'><strong>Volo,</strong></span> <span class='ocrx_word' id='word_1_196' title='bbox 753 1862 816 1922; x_wconf 90' lang='lat' dir='ltr'><strong>quod</strong></span> 
     </span>
     <span class='ocr_line' id='line_1_26' title="bbox 51 1923 816 1986; baseline 0.003 -17"><span class='ocrx_word' id='word_1_197' title='bbox 51 1941 87 1970; x_wconf 89' lang='lat' dir='ltr'><strong>me</strong></span> <span class='ocrx_word' id='word_1_198' title='bbox 97 1923 190 1971; x_wconf 88' lang='lat' dir='ltr'><strong>fratrem</strong></span> <span class='ocrx_word' id='word_1_199' title='bbox 201 1925 287 1981; x_wconf 85' lang='lat' dir='ltr'><strong>efficias,</strong></span> <span class='ocrx_word' id='word_1_200' title='bbox 300 1925 407 1986; x_wconf 90' lang='lat' dir='ltr'><strong>quoniam</strong></span> <span class='ocrx_word' id='word_1_201' title='bbox 422 1941 449 1969; x_wconf 83' lang='lat' dir='ltr'><strong>ex</strong></span> <span class='ocrx_word' id='word_1_202' title='bbox 466 1923 539 1970; x_wconf 89' lang='lat' dir='ltr'><strong>multo</strong></span> <span class='ocrx_word' id='word_1_203' title='bbox 555 1934 656 1985; x_wconf 90' lang='lat' dir='ltr'><strong>tempore</strong></span> <span class='ocrx_word' id='word_1_204' title='bbox 673 1924 716 1970; x_wconf 90' lang='lat' dir='ltr'><strong>deo</strong></span> <span class='ocrx_word' id='word_1_205' title='bbox 733 1925 816 1972; x_wconf 89' lang='lat' dir='ltr'><strong>servire</strong></span> 
     </span>
     <span class='ocr_line' id='line_1_27' title="bbox 52 1987 816 2051; baseline 0 -17"><span class='ocrx_word' id='word_1_206' title='bbox 52 1988 124 2050; x_wconf 89' lang='lat' dir='ltr'><strong>cupio.</strong></span> <span class='ocrx_word' id='word_1_207' title='bbox 166 1989 263 2035; x_wconf 88' lang='lat' dir='ltr'><strong>Gavisus</strong></span> <span class='ocrx_word' id='word_1_208' title='bbox 281 1998 314 2033; x_wconf 91' lang='lat' dir='ltr'><strong>est</strong></span> <span class='ocrx_word' id='word_1_209' title='bbox 332 1997 427 2043; x_wconf 84' lang='lat' dir='ltr'><strong>sanctus,</strong></span> <span class='ocrx_word' id='word_1_210' title='bbox 448 1987 585 2034; x_wconf 88' lang='lat' dir='ltr'><strong>considerata</strong></span> <span class='ocrx_word' id='word_1_211' title='bbox 602 1987 646 2034; x_wconf 91' lang='lat' dir='ltr'><strong>viri</strong></span> <span class='ocrx_word' id='word_1_212' title='bbox 667 1988 816 2051; x_wconf 85' lang='lat' dir='ltr'><strong>simplicitate,</strong></span> 
     </span>
     <span class='ocr_line' id='line_1_28' title="bbox 51 2051 815 2116; baseline 0.003 -19"><span class='ocrx_word' id='word_1_213' title='bbox 51 2052 166 2114; x_wconf 88' lang='lat' dir='ltr'><strong>respondit</strong></span> <span class='ocrx_word' id='word_1_214' title='bbox 193 2054 221 2100; x_wconf 86' lang='lat' dir='ltr'><strong>ad</strong></span> <span class='ocrx_word' id='word_1_215' title='bbox 248 2051 371 2116; x_wconf 87' lang='lat' dir='ltr'><strong>placitum:</strong></span> <span class='ocrx_word' id='word_1_216' title='bbox 405 2052 426 2096; x_wconf 88' lang='lat' dir='ltr'><strong>Si</strong></span> <span class='ocrx_word' id='word_1_217' title='bbox 453 2051 495 2108; x_wconf 83' lang='lat' dir='ltr'><strong>uis,</strong></span> <span class='ocrx_word' id='word_1_218' title='bbox 522 2051 609 2114; x_wconf 83' lang='lat' dir='ltr'><strong>inquid,</strong></span> <span class='ocrx_word' id='word_1_219' title='bbox 636 2051 712 2108; x_wconf 87' lang='lat' dir='ltr'><strong>frater,</strong></span> <span class='ocrx_word' id='word_1_220' title='bbox 740 2063 815 2099; x_wconf 90' lang='lat' dir='ltr'><strong>noster</strong></span> 
     </span>
     <span class='ocr_line' id='line_1_29' title="bbox 51 2115 814 2182; baseline 0.001 -18"><span class='ocrx_word' id='word_1_221' title='bbox 51 2118 122 2165; x_wconf 89' lang='lat' dir='ltr'><strong>sotius</strong></span> <span class='ocrx_word' id='word_1_222' title='bbox 149 2118 205 2178; x_wconf 88' lang='lat' dir='ltr'><strong>fieri,</strong></span> <span class='ocrx_word' id='word_1_223' title='bbox 233 2118 262 2166; x_wconf 86' lang='lat' dir='ltr'><strong>da</strong></span> <span class='ocrx_word' id='word_1_224' title='bbox 290 2115 433 2180; x_wconf 88' lang='lat' dir='ltr'><strong>pauperibus,</strong></span> <span class='ocrx_word' id='word_1_225' title='bbox 461 2116 480 2163; x_wconf 91' lang='lat' dir='ltr'><strong>si</strong></span> <span class='ocrx_word' id='word_1_226' title='bbox 506 2116 562 2181; x_wconf 89' lang='lat' dir='ltr'><strong>quid</strong></span> <span class='ocrx_word' id='word_1_227' title='bbox 589 2115 655 2163; x_wconf 92' lang='lat' dir='ltr'><strong>habes</strong></span> <span class='ocrx_word' id='word_1_228' title='bbox 682 2127 704 2164; x_wconf 92' lang='lat' dir='ltr'><strong>et</strong></span> <span class='ocrx_word' id='word_1_229' title='bbox 737 2134 814 2182; x_wconf 82' lang='lat' dir='ltr'><strong>expro-</strong></span> 
     </span>
     <span class='ocr_line' id='line_1_30' title="bbox 52 2181 816 2246; baseline 0.004 -19"><span class='ocrx_word' id='word_1_230' title='bbox 52 2183 151 2245; x_wconf 89' lang='lat' dir='ltr'><strong>priatum</strong></span> <span class='ocrx_word' id='word_1_231' title='bbox 183 2184 294 2246; x_wconf 89' lang='lat' dir='ltr'><strong>recipiam.</strong></span> <span class='ocrx_word' id='word_1_232' title='bbox 349 2183 420 2228; x_wconf 83' lang='lat' dir='ltr'><strong>Solvit</strong></span> <span class='ocrx_word' id='word_1_233' title='bbox 451 2182 554 2244; x_wconf 87' lang='lat' dir='ltr'><strong>protinus</strong></span> <span class='ocrx_word' id='word_1_234' title='bbox 585 2181 654 2228; x_wconf 86' lang='lat' dir='ltr'><strong>boves</strong></span> <span class='ocrx_word' id='word_1_235' title='bbox 686 2193 709 2229; x_wconf 89' lang='lat' dir='ltr'><strong>et</strong></span> <span class='ocrx_word' id='word_1_236' title='bbox 743 2200 816 2230; x_wconf 90' lang='lat' dir='ltr'><strong>unum</strong></span> 
     </span>
     <span class='ocr_line' id='line_1_31' title="bbox 53 2247 816 2302; baseline 0.004 -11"><span class='ocrx_word' id='word_1_237' title='bbox 53 2247 119 2292; x_wconf 87' lang='lat' dir='ltr'><strong>offert</strong></span> <span class='ocrx_word' id='word_1_238' title='bbox 150 2258 228 2293; x_wconf 88' lang='lat' dir='ltr'><strong>saneto</strong></span> <span class='ocrx_word' id='word_1_239' title='bbox 265 2247 399 2292; x_wconf 78' lang='lat' dir='ltr'><strong>Franciseo:</strong></span> <span class='ocrx_word' id='word_1_240' title='bbox 435 2248 509 2291; x_wconf 90' lang='lat' dir='ltr'><strong>Istum</strong></span> <span class='ocrx_word' id='word_1_241' title='bbox 543 2256 626 2301; x_wconf 83' lang='lat' dir='ltr'><strong>autem,</strong></span> <span class='ocrx_word' id='word_1_242' title='bbox 661 2247 699 2302; x_wconf 85' lang='lat' dir='ltr'><strong>ait,</strong></span> <span class='ocrx_word' id='word_1_243' title='bbox 734 2247 816 2294; x_wconf 87' lang='lat' dir='ltr'><strong>bovem</strong></span> 
     </span>
     <span class='ocr_line' id='line_1_32' title="bbox 52 2309 817 2374; baseline 0.003 -19"><span class='ocrx_word' id='word_1_244' title='bbox 52 2310 131 2358; x_wconf 89' lang='lat' dir='ltr'><strong>demus</strong></span> <span class='ocrx_word' id='word_1_245' title='bbox 158 2311 308 2374; x_wconf 89' lang='lat' dir='ltr'><strong>pauperibus;</strong></span> <span class='ocrx_word' id='word_1_246' title='bbox 337 2310 420 2372; x_wconf 80' lang='lat' dir='ltr'><strong>dignus</strong></span> <span class='ocrx_word' id='word_1_247' title='bbox 446 2310 506 2356; x_wconf 90' lang='lat' dir='ltr'><strong>enim</strong></span> <span class='ocrx_word' id='word_1_248' title='bbox 531 2326 582 2357; x_wconf 91' lang='lat' dir='ltr'><strong>sum</strong></span> <span class='ocrx_word' id='word_1_249' title='bbox 608 2309 635 2356; x_wconf 89' lang='lat' dir='ltr'><strong>de</strong></span> <span class='ocrx_word' id='word_1_250' title='bbox 656 2309 724 2357; x_wconf 91' lang='lat' dir='ltr'><strong>rebus</strong></span> <span class='ocrx_word' id='word_1_251' title='bbox 749 2313 817 2374; x_wconf 92' lang='lat' dir='ltr'><strong>patris</strong></span> 
     </span>
     <span class='ocr_line' id='line_1_33' title="bbox 53 2373 817 2439; baseline 0.001 -18"><span class='ocrx_word' id='word_1_252' title='bbox 53 2376 97 2422; x_wconf 87' lang='lat' dir='ltr'><strong>mei</strong></span> <span class='ocrx_word' id='word_1_253' title='bbox 124 2386 210 2422; x_wconf 88' lang='lat' dir='ltr'><strong>tantam</strong></span> <span class='ocrx_word' id='word_1_254' title='bbox 237 2375 363 2439; x_wconf 85' lang='lat' dir='ltr'><strong>portionem</strong></span> <span class='ocrx_word' id='word_1_255' title='bbox 394 2374 497 2437; x_wconf 87' lang='lat' dir='ltr'><strong>accipere.</strong></span> <span class='ocrx_word' id='word_1_256' title='bbox 538 2373 643 2420; x_wconf 87' lang='lat' dir='ltr'><strong>Subridet</strong></span> <span class='ocrx_word' id='word_1_257' title='bbox 670 2385 767 2431; x_wconf 89' lang='lat' dir='ltr'><strong>sanctus,</strong></span> <span class='ocrx_word' id='word_1_258' title='bbox 795 2386 817 2422; x_wconf 92' lang='lat' dir='ltr'><strong>at</strong></span> 
     </span>
     <span class='ocr_line' id='line_1_34' title="bbox 53 2439 817 2503; baseline 0.001 -18"><span class='ocrx_word' id='word_1_259' title='bbox 53 2456 98 2486; x_wconf 89' lang='lat' dir='ltr'><strong>non</strong></span> <span class='ocrx_word' id='word_1_260' title='bbox 119 2442 236 2487; x_wconf 88' lang='lat' dir='ltr'><strong>modicum</strong></span> <span class='ocrx_word' id='word_1_261' title='bbox 263 2440 343 2503; x_wconf 89' lang='lat' dir='ltr'><strong>probat</strong></span> <span class='ocrx_word' id='word_1_262' title='bbox 364 2440 512 2501; x_wconf 87' lang='lat' dir='ltr'><strong>simplicitatis</strong></span> <span class='ocrx_word' id='word_1_263' title='bbox 536 2440 647 2487; x_wconf 88' lang='lat' dir='ltr'><strong>affectum.</strong></span> <span class='ocrx_word' id='word_1_264' title='bbox 691 2439 817 2488; x_wconf 85' lang='lat' dir='ltr'><strong>Audientes</strong></span> 
     </span>
     <span class='ocr_line' id='line_1_35' title="bbox 53 2503 817 2568; baseline 0.003 -18"><span class='ocrx_word' id='word_1_265' title='bbox 53 2505 96 2551; x_wconf 90' lang='lat' dir='ltr'><strong>hoc</strong></span> <span class='ocrx_word' id='word_1_266' title='bbox 117 2517 218 2566; x_wconf 89' lang='lat' dir='ltr'><strong>parentes</strong></span> <span class='ocrx_word' id='word_1_267' title='bbox 236 2516 259 2551; x_wconf 91' lang='lat' dir='ltr'><strong>et</strong></span> <span class='ocrx_word' id='word_1_268' title='bbox 277 2504 365 2566; x_wconf 81' lang='lat' dir='ltr'><strong>parvuli</strong></span> <span class='ocrx_word' id='word_1_269' title='bbox 386 2503 466 2551; x_wconf 85' lang='lat' dir='ltr'><strong>fratres</strong></span> <span class='ocrx_word' id='word_1_270' title='bbox 491 2513 611 2551; x_wconf 88' lang='lat' dir='ltr'><strong>accurrunt</strong></span> <span class='ocrx_word' id='word_1_271' title='bbox 633 2520 685 2550; x_wconf 85' lang='lat' dir='ltr'><strong>cum</strong></span> <span class='ocrx_word' id='word_1_272' title='bbox 706 2505 817 2568; x_wconf 85' lang='lat' dir='ltr'><strong>lacrymis,</strong></span> 
     </span>
     <span class='ocr_line' id='line_1_36' title="bbox 54 2567 913 2633; baseline 0.005 -21"><span class='ocrx_word' id='word_1_273' title='bbox 54 2568 105 2630; x_wconf 90' lang='lat' dir='ltr'><strong>plus</strong></span> <span class='ocrx_word' id='word_1_274' title='bbox 123 2568 212 2627; x_wconf 84' lang='lat' dir='ltr'><strong>bovem,</strong></span> <span class='ocrx_word' id='word_1_275' title='bbox 228 2585 296 2633; x_wconf 86' lang='lat' dir='ltr'><strong>quam</strong></span> <span class='ocrx_word' id='word_1_276' title='bbox 313 2568 428 2613; x_wconf 88' lang='lat' dir='ltr'><strong>hominem</strong></span> <span class='ocrx_word' id='word_1_277' title='bbox 442 2568 483 2613; x_wconf 88' lang='lat' dir='ltr'><strong>sibi</strong></span> <span class='ocrx_word' id='word_1_278' title='bbox 501 2567 582 2614; x_wconf 88' lang='lat' dir='ltr'><strong>auferri</strong></span> <span class='ocrx_word' id='word_1_279' title='bbox 600 2567 714 2625; x_wconf 88' lang='lat' dir='ltr'><strong>dolentes;</strong></span> <span class='ocrx_word' id='word_1_280' title='bbox 736 2570 862 2632; x_wconf 86' lang='lat' dir='ltr'><strong>quibusFol.</strong></span> <span class='ocrx_word' id='word_1_281' title='bbox 873 2583 913 2626; x_wconf 53' lang='grc' dir='ltr'>Ψ</span> 
     </span>
     <span class='ocr_line' id='line_1_37' title="bbox 53 2631 818 2698; baseline 0.003 -19"><span class='ocrx_word' id='word_1_282' title='bbox 53 2643 158 2682; x_wconf 86' lang='lat' dir='ltr'><strong>sanctus:</strong></span> <span class='ocrx_word' id='word_1_283' title='bbox 190 2634 364 2698; x_wconf 83' lang='lat' dir='ltr'><strong>Animequiores</strong></span> <span class='ocrx_word' id='word_1_284' title='bbox 390 2643 469 2691; x_wconf 86' lang='lat' dir='ltr'><strong>estote,</strong></span> <span class='ocrx_word' id='word_1_285' title='bbox 491 2649 518 2679; x_wconf 87' lang='lat' dir='ltr'><strong>en</strong></span> <span class='ocrx_word' id='word_1_286' title='bbox 544 2631 615 2679; x_wconf 89' lang='lat' dir='ltr'><strong>reddo</strong></span> <span class='ocrx_word' id='word_1_287' title='bbox 639 2631 704 2680; x_wconf 86' lang='lat' dir='ltr'><strong>vobis</strong></span> <span class='ocrx_word' id='word_1_288' title='bbox 730 2632 818 2691; x_wconf 88' lang='lat' dir='ltr'><strong>bovem,</strong></span> 
     </span>
     <span class='ocr_line' id='line_1_38' title="bbox 54 2698 820 2762; baseline -0.001 -17"><span class='ocrx_word' id='word_1_289' title='bbox 54 2700 132 2746; x_wconf 88' lang='lat' dir='ltr'><strong>aufero</strong></span> <span class='ocrx_word' id='word_1_290' title='bbox 153 2700 252 2748; x_wconf 86' lang='lat' dir='ltr'><strong>fratrem.</strong></span> <span class='ocrx_word' id='word_1_291' title='bbox 294 2699 367 2746; x_wconf 91' lang='lat' dir='ltr'><strong>Ducit</strong></span> <span class='ocrx_word' id='word_1_292' title='bbox 388 2715 442 2762; x_wconf 85' lang='lat' dir='ltr'><strong>ergo</strong></span> <span class='ocrx_word' id='word_1_293' title='bbox 466 2698 581 2745; x_wconf 88' lang='lat' dir='ltr'><strong>hominem</strong></span> <span class='ocrx_word' id='word_1_294' title='bbox 602 2714 677 2745; x_wconf 90' lang='lat' dir='ltr'><strong>secum</strong></span> <span class='ocrx_word' id='word_1_295' title='bbox 699 2708 721 2745; x_wconf 91' lang='lat' dir='ltr'><strong>et</strong></span> <span class='ocrx_word' id='word_1_296' title='bbox 742 2700 820 2761; x_wconf 88' lang='lat' dir='ltr'><strong>pannis</strong></span> 
     </span>
     <span class='ocr_line' id='line_1_39' title="bbox 54 2762 820 2826; baseline 0.001 -19"><span class='ocrx_word' id='word_1_297' title='bbox 54 2763 168 2826; x_wconf 88' lang='lat' dir='ltr'><strong>religionis</strong></span> <span class='ocrx_word' id='word_1_298' title='bbox 184 2766 293 2811; x_wconf 88' lang='lat' dir='ltr'><strong>indutum</strong></span> <span class='ocrx_word' id='word_1_299' title='bbox 304 2762 333 2809; x_wconf 93' lang='lat' dir='ltr'><strong>ob</strong></span> <span class='ocrx_word' id='word_1_300' title='bbox 344 2764 438 2825; x_wconf 85' lang='lat' dir='ltr'><strong>gratiam</strong></span> <span class='ocrx_word' id='word_1_301' title='bbox 449 2763 597 2824; x_wconf 87' lang='lat' dir='ltr'><strong>simplicitatis</strong></span> <span class='ocrx_word' id='word_1_302' title='bbox 608 2762 724 2823; x_wconf 86' lang='lat' dir='ltr'><strong>specialem</strong></span> <span class='ocrx_word' id='word_1_303' title='bbox 735 2764 820 2810; x_wconf 88' lang='lat' dir='ltr'><strong>sotium</strong></span> 
     </span>
     <span class='ocr_line' id='line_1_40' title="bbox 55 2825 821 2892; baseline 0.003 -21"><span class='ocrx_word' id='word_1_304' title='bbox 55 2825 114 2874; x_wconf 87' lang='lat' dir='ltr'><strong>facit.</strong></span> <span class='ocrx_word' id='word_1_305' title='bbox 147 2829 208 2876; x_wconf 90' lang='lat' dir='ltr'><strong>Cum</strong></span> <span class='ocrx_word' id='word_1_306' title='bbox 229 2845 284 2892; x_wconf 83' lang='lat' dir='ltr'><strong>ergo</strong></span> <span class='ocrx_word' id='word_1_307' title='bbox 307 2829 331 2874; x_wconf 93' lang='lat' dir='ltr'><strong>in</strong></span> <span class='ocrx_word' id='word_1_308' title='bbox 352 2827 429 2891; x_wconf 88' lang='lat' dir='ltr'><strong>aliquo</strong></span> <span class='ocrx_word' id='word_1_309' title='bbox 450 2826 500 2873; x_wconf 93' lang='lat' dir='ltr'><strong>loco</strong></span> <span class='ocrx_word' id='word_1_310' title='bbox 522 2826 549 2872; x_wconf 93' lang='lat' dir='ltr'><strong>ad</strong></span> <span class='ocrx_word' id='word_1_311' title='bbox 576 2826 732 2881; x_wconf 86' lang='lat' dir='ltr'><strong>meditandum</strong></span> <span class='ocrx_word' id='word_1_312' title='bbox 753 2837 821 2874; x_wconf 88' lang='lat' dir='ltr'><strong>staret</strong></span> 
     </span>
    </p>
   </div>
   <div class='ocr_carea' id='block_1_6' title="bbox 0 0 973 3169">
    <p class='ocr_par' dir='ltr' id='par_1_6' title="bbox 0 0 973 3169">
     <span class='ocr_line' id='line_1_41' title="bbox 0 0 973 3169; baseline 0 0"><span class='ocrx_word' id='word_1_313' title='bbox 0 0 973 3169; x_wconf 95' lang='lat' dir='ltr'><strong> </strong></span> 
     </span>
    </p>
   </div>
  </div>
 </body>
</html>
