<?xml version="1.0" encoding="UTF-8"?>
<!DOCTYPE html PUBLIC "-//W3C//DTD XHTML 1.0 Transitional//EN"
    "http://www.w3.org/TR/xhtml1/DTD/xhtml1-transitional.dtd">
<html xmlns="http://www.w3.org/1999/xhtml" xml:lang="en" lang="en">
 <head>
  <title>
</title>
<meta http-equiv="Content-Type" content="text/html;charset=utf-8" />
  <meta name='ocr-system' content='tesseract 3.04.00' />
  <meta name='ocr-capabilities' content='ocr_page ocr_carea ocr_par ocr_line ocrx_word'/>
</head>
<body>
  <div class='ocr_page' id='page_1' title='image "./MN5146ucmf_4_0228.png"; bbox 0 0 1919 3169; ppageno 0'>
   <div class='ocr_carea' id='block_1_1' title="bbox 125 111 674 174">
    <p class='ocr_par' dir='ltr' id='par_1_1' title="bbox 125 111 674 174">
     <span class='ocr_line' id='line_1_1' title="bbox 125 111 674 174; baseline 0.004 -19"><span class='ocrx_word' id='word_1_1' title='bbox 125 111 152 156; x_wconf 83' lang='lat'>62</span> <span class='ocrx_word' id='word_1_2' title='bbox 342 112 502 159; x_wconf 87' lang='lat' dir='ltr'>LEGENDA</span> <span class='ocrx_word' id='word_1_3' title='bbox 518 113 674 174; x_wconf 72' lang='lat' dir='ltr'><strong>ANTIQUA</strong></span> 
     </span>
    </p>
   </div>
   <div class='ocr_carea' id='block_1_2' title="bbox 123 206 893 852">
    <p class='ocr_par' dir='ltr' id='par_1_2' title="bbox 123 206 893 852">
     <span class='ocr_line' id='line_1_2' title="bbox 123 206 891 272; baseline 0.003 -21"><span class='ocrx_word' id='word_1_4' title='bbox 123 207 228 254; x_wconf 86' lang='lat' dir='ltr'>instantia</span> <span class='ocrx_word' id='word_1_5' title='bbox 243 207 384 254; x_wconf 81' lang='lat' dir='ltr'>domicilium</span> <span class='ocrx_word' id='word_1_6' title='bbox 400 208 507 270; x_wconf 80' lang='lat' dir='ltr'>sapientie</span> <span class='ocrx_word' id='word_1_7' title='bbox 524 208 647 266; x_wconf 86' lang='lat' dir='ltr'>collocarat,</span> <span class='ocrx_word' id='word_1_8' title='bbox 665 207 769 272; x_wconf 85' lang='lat' dir='ltr'>mirisque</span> <span class='ocrx_word' id='word_1_9' title='bbox 787 206 891 255; x_wconf 85' lang='lat' dir='ltr'>brevibus</span> 
     </span>
     <span class='ocr_line' id='line_1_3' title="bbox 123 271 890 335; baseline 0.001 -21"><span class='ocrx_word' id='word_1_10' title='bbox 123 271 254 317; x_wconf 90' lang='lat' dir='ltr'>instituebat</span> <span class='ocrx_word' id='word_1_11' title='bbox 271 273 417 317; x_wconf 86' lang='lat' dir='ltr'>sermonibus.</span> <span class='ocrx_word' id='word_1_12' title='bbox 462 272 563 323; x_wconf 80' lang='lat' dir='ltr'>Quando</span> <span class='ocrx_word' id='word_1_13' title='bbox 580 289 632 317; x_wconf 91' lang='lat' dir='ltr'>cum</span> <span class='ocrx_word' id='word_1_14' title='bbox 650 271 734 316; x_wconf 81' lang='lat' dir='ltr'>femina</span> <span class='ocrx_word' id='word_1_15' title='bbox 749 271 890 335; x_wconf 81' lang='lat' dir='ltr'>loquebatur,</span> 
     </span>
     <span class='ocr_line' id='line_1_4' title="bbox 123 334 881 397; baseline 0.003 -17"><span class='ocrx_word' id='word_1_16' title='bbox 123 350 211 393; x_wconf 90' lang='lat' dir='ltr'>sonora,</span> <span class='ocrx_word' id='word_1_17' title='bbox 223 345 249 382; x_wconf 91' lang='lat' dir='ltr'>ut</span> <span class='ocrx_word' id='word_1_18' title='bbox 260 335 287 380; x_wconf 89' lang='lat' dir='ltr'>ab</span> <span class='ocrx_word' id='word_1_19' title='bbox 299 334 403 381; x_wconf 90' lang='lat' dir='ltr'>omnibus</span> <span class='ocrx_word' id='word_1_20' title='bbox 414 346 489 397; x_wconf 90' lang='lat' dir='ltr'>posset</span> <span class='ocrx_word' id='word_1_21' title='bbox 499 337 579 394; x_wconf 86' lang='lat' dir='ltr'>audiri,</span> <span class='ocrx_word' id='word_1_22' title='bbox 591 352 645 383; x_wconf 87' lang='lat' dir='ltr'>voce</span> <span class='ocrx_word' id='word_1_23' title='bbox 657 336 751 382; x_wconf 86' lang='lat' dir='ltr'>dicenda</span> <span class='ocrx_word' id='word_1_24' title='bbox 759 335 881 397; x_wconf 80' lang='lat' dir='ltr'>promebat.</span> 
     </span>
     <span class='ocr_line' id='line_1_5' title="bbox 172 399 891 459; baseline 0 -11"><span class='ocrx_word' id='word_1_25' title='bbox 172 399 237 448; x_wconf 83' lang='lat' dir='ltr'>Dixit</span> <span class='ocrx_word' id='word_1_26' title='bbox 255 410 330 448; x_wconf 86' lang='lat' dir='ltr'>autern</span> <span class='ocrx_word' id='word_1_27' title='bbox 349 400 410 448; x_wconf 94' lang='lat' dir='ltr'>sotio</span> <span class='ocrx_word' id='word_1_28' title='bbox 426 400 509 448; x_wconf 86' lang='lat' dir='ltr'>semel:</span> <span class='ocrx_word' id='word_1_29' title='bbox 530 401 611 448; x_wconf 82' lang='lat' dir='ltr'>Fateor</span> <span class='ocrx_word' id='word_1_30' title='bbox 627 399 751 459; x_wconf 90' lang='lat' dir='ltr'>veritatem,</span> <span class='ocrx_word' id='word_1_31' title='bbox 769 400 891 458; x_wconf 84' lang='lat' dir='ltr'>karissime,</span> 
     </span>
     <span class='ocr_line' id='line_1_6' title="bbox 125 464 889 529; baseline 0.005 -18"><span class='ocrx_word' id='word_1_32' title='bbox 125 464 210 512; x_wconf 89' lang='lat' dir='ltr'>nullam</span> <span class='ocrx_word' id='word_1_33' title='bbox 229 483 270 522; x_wconf 92' lang='lat' dir='ltr'>me,</span> <span class='ocrx_word' id='word_1_34' title='bbox 289 467 306 512; x_wconf 89' lang='lat' dir='ltr'>si</span> <span class='ocrx_word' id='word_1_35' title='bbox 326 465 445 527; x_wconf 84' lang='lat' dir='ltr'>aspicerem</span> <span class='ocrx_word' id='word_1_36' title='bbox 464 468 634 529; x_wconf 86' lang='lat' dir='ltr'>recogniturum</span> <span class='ocrx_word' id='word_1_37' title='bbox 651 466 674 511; x_wconf 91' lang='lat' dir='ltr'>in</span> <span class='ocrx_word' id='word_1_38' title='bbox 691 465 753 524; x_wconf 86' lang='lat' dir='ltr'>facie,</span> <span class='ocrx_word' id='word_1_39' title='bbox 768 466 810 512; x_wconf 92' lang='lat' dir='ltr'>nisi</span> <span class='ocrx_word' id='word_1_40' title='bbox 828 466 889 515; x_wconf 91' lang='lat' dir='ltr'>duas.</span> 
     </span>
     <span class='ocr_line' id='line_1_7' title="bbox 125 530 890 594; baseline 0.003 -19"><span class='ocrx_word' id='word_1_41' title='bbox 125 530 196 585; x_wconf 89' lang='lat' dir='ltr'>Illius,</span> <span class='ocrx_word' id='word_1_42' title='bbox 204 531 284 593; x_wconf 89' lang='lat' dir='ltr'>inquid</span> <span class='ocrx_word' id='word_1_43' title='bbox 293 540 316 576; x_wconf 88' lang='lat' dir='ltr'>et</span> <span class='ocrx_word' id='word_1_44' title='bbox 326 530 388 577; x_wconf 88' lang='lat' dir='ltr'>illius</span> <span class='ocrx_word' id='word_1_45' title='bbox 399 530 454 577; x_wconf 89' lang='lat' dir='ltr'>mihi</span> <span class='ocrx_word' id='word_1_46' title='bbox 463 531 540 577; x_wconf 88' lang='lat' dir='ltr'>vultus</span> <span class='ocrx_word' id='word_1_47' title='bbox 550 531 655 594; x_wconf 85' lang='lat' dir='ltr'>cognitus</span> <span class='ocrx_word' id='word_1_48' title='bbox 662 541 702 586; x_wconf 87' lang='lat' dir='ltr'>est,</span> <span class='ocrx_word' id='word_1_49' title='bbox 709 532 799 577; x_wconf 88' lang='lat' dir='ltr'>alterius</span> <span class='ocrx_word' id='word_1_50' title='bbox 811 531 890 577; x_wconf 85' lang='lat' dir='ltr'>nescio.</span> 
     </span>
     <span class='ocr_line' id='line_1_8' title="bbox 125 594 890 657; baseline 0.003 -19"><span class='ocrx_word' id='word_1_51' title='bbox 125 594 224 654; x_wconf 87' lang='lat' dir='ltr'>Optime,</span> <span class='ocrx_word' id='word_1_52' title='bbox 234 605 303 655; x_wconf 85' lang='lat' dir='ltr'>pater,</span> <span class='ocrx_word' id='word_1_53' title='bbox 311 596 419 657; x_wconf 89' lang='lat' dir='ltr'>quoniam</span> <span class='ocrx_word' id='word_1_54' title='bbox 430 596 550 641; x_wconf 87' lang='lat' dir='ltr'>sanctificat</span> <span class='ocrx_word' id='word_1_55' title='bbox 562 595 674 640; x_wconf 90' lang='lat' dir='ltr'>neminem</span> <span class='ocrx_word' id='word_1_56' title='bbox 685 606 786 656; x_wconf 89' lang='lat' dir='ltr'>aspectus</span> <span class='ocrx_word' id='word_1_57' title='bbox 798 611 874 640; x_wconf 85' lang='lat' dir='ltr'>earum</span> <span class='ocrx_word' id='word_1_58' title='bbox 886 613 890 640; x_wconf 90' lang='lat'><strong>:</strong></span> 
     </span>
     <span class='ocr_line' id='line_1_9' title="bbox 124 657 891 722; baseline 0 -18"><span class='ocrx_word' id='word_1_59' title='bbox 124 657 208 718; x_wconf 89' lang='lat' dir='ltr'>optime</span> <span class='ocrx_word' id='word_1_60' title='bbox 219 659 318 721; x_wconf 89' lang='lat' dir='ltr'>inquam,</span> <span class='ocrx_word' id='word_1_61' title='bbox 326 659 433 719; x_wconf 88' lang='lat' dir='ltr'>quoniam</span> <span class='ocrx_word' id='word_1_62' title='bbox 443 659 500 706; x_wconf 91' lang='lat' dir='ltr'>lucis</span> <span class='ocrx_word' id='word_1_63' title='bbox 511 659 579 706; x_wconf 89' lang='lat' dir='ltr'>nichil</span> <span class='ocrx_word' id='word_1_64' title='bbox 589 658 680 720; x_wconf 90' lang='lat' dir='ltr'>dampni</span> <span class='ocrx_word' id='word_1_65' title='bbox 692 658 891 722; x_wconf 83' lang='lat' dir='ltr'>quamplurimum,</span> 
     </span>
     <span class='ocr_line' id='line_1_10' title="bbox 124 721 893 787; baseline 0 -19"><span class='ocrx_word' id='word_1_66' title='bbox 124 721 160 769; x_wconf 87' lang='lat' dir='ltr'>vel</span> <span class='ocrx_word' id='word_1_67' title='bbox 170 722 278 785; x_wconf 89' lang='lat' dir='ltr'>temporis</span> <span class='ocrx_word' id='word_1_68' title='bbox 289 722 388 787; x_wconf 90' lang='lat' dir='ltr'>quidem.</span> <span class='ocrx_word' id='word_1_69' title='bbox 416 723 582 785; x_wconf 82' lang='lat' dir='ltr'>impedimento</span> <span class='ocrx_word' id='word_1_70' title='bbox 588 723 628 769; x_wconf 89' lang='lat' dir='ltr'>hec</span> <span class='ocrx_word' id='word_1_71' title='bbox 634 732 687 770; x_wconf 89' lang='lat' dir='ltr'>sunt</span> <span class='ocrx_word' id='word_1_72' title='bbox 694 723 791 770; x_wconf 91' lang='lat' dir='ltr'>arduum</span> <span class='ocrx_word' id='word_1_73' title='bbox 796 722 893 769; x_wconf 90' lang='lat' dir='ltr'>volenti-</span> 
     </span>
     <span class='ocr_line' id='line_1_11' title="bbox 125 786 848 852; baseline 0.001 -20"><span class='ocrx_word' id='word_1_74' title='bbox 125 786 166 833; x_wconf 92' lang='lat' dir='ltr'>bus</span> <span class='ocrx_word' id='word_1_75' title='bbox 177 786 220 833; x_wconf 89' lang='lat' dir='ltr'>iter</span> <span class='ocrx_word' id='word_1_76' title='bbox 230 787 347 846; x_wconf 83' lang='lat' dir='ltr'>intendere</span> <span class='ocrx_word' id='word_1_77' title='bbox 357 799 380 834; x_wconf 87' lang='lat' dir='ltr'>et</span> <span class='ocrx_word' id='word_1_78' title='bbox 391 787 470 834; x_wconf 83' lang='lat' dir='ltr'>faciem</span> <span class='ocrx_word' id='word_1_79' title='bbox 481 788 569 851; x_wconf 83' lang='lat' dir='ltr'>plenam</span> <span class='ocrx_word' id='word_1_80' title='bbox 580 788 703 852; x_wconf 84' lang='lat' dir='ltr'>gratiarum</span> <span class='ocrx_word' id='word_1_81' title='bbox 715 788 848 850; x_wconf 87' lang='lat' dir='ltr'>conspicere.</span> 
     </span>
    </p>
   </div>
   <div class='ocr_carea' id='block_1_3' title="bbox 52 921 895 2364">
    <p class='ocr_par' dir='ltr' id='par_1_3' title="bbox 75 921 895 1658">
     <span class='ocr_line' id='line_1_12' title="bbox 75 921 895 1011; baseline 0.002 -19"><span class='ocrx_word' id='word_1_82' title='bbox 75 954 123 995; x_wconf 64' lang='lat' dir='ltr'>[Nl]</span> <span class='ocrx_word' id='word_1_83' title='bbox 172 921 285 1008; x_wconf 65' lang='lat' dir='ltr'>Solebat</span> <span class='ocrx_word' id='word_1_84' title='bbox 307 957 383 994; x_wconf 87' lang='lat' dir='ltr'>autem</span> <span class='ocrx_word' id='word_1_85' title='bbox 405 965 451 994; x_wconf 91' lang='lat' dir='ltr'>non</span> <span class='ocrx_word' id='word_1_86' title='bbox 467 958 538 994; x_wconf 88' lang='lat' dir='ltr'>castos</span> <span class='ocrx_word' id='word_1_87' title='bbox 554 948 632 995; x_wconf 90' lang='lat' dir='ltr'>oculos</span> <span class='ocrx_word' id='word_1_88' title='bbox 654 948 766 1011; x_wconf 88' lang='lat' dir='ltr'>enigmate</span> <span class='ocrx_word' id='word_1_89' title='bbox 782 947 822 995; x_wconf 85' lang='lat' dir='ltr'>tali</span> <span class='ocrx_word' id='word_1_90' title='bbox 841 965 895 994; x_wconf 92' lang='lat' dir='ltr'>con-</span> 
     </span>
     <span class='ocr_line' id='line_1_13' title="bbox 125 1013 895 1077; baseline 0.003 -18"><span class='ocrx_word' id='word_1_91' title='bbox 125 1013 216 1077; x_wconf 85' lang='lat' dir='ltr'>fingere.</span> <span class='ocrx_word' id='word_1_92' title='bbox 250 1014 299 1059; x_wconf 91' lang='lat' dir='ltr'>Rex</span> <span class='ocrx_word' id='word_1_93' title='bbox 309 1023 430 1074; x_wconf 89' lang='lat' dir='ltr'>prepotens</span> <span class='ocrx_word' id='word_1_94' title='bbox 441 1013 499 1060; x_wconf 92' lang='lat' dir='ltr'>duos</span> <span class='ocrx_word' id='word_1_95' title='bbox 510 1014 538 1060; x_wconf 88' lang='lat' dir='ltr'>ad</span> <span class='ocrx_word' id='word_1_96' title='bbox 548 1014 648 1076; x_wconf 83' lang='lat' dir='ltr'>reginam</span> <span class='ocrx_word' id='word_1_97' title='bbox 662 1015 784 1062; x_wconf 82' lang='lat' dir='ltr'>successive</span> <span class='ocrx_word' id='word_1_98' title='bbox 800 1014 895 1061; x_wconf 90' lang='lat' dir='ltr'>nuncios</span> 
     </span>
     <span class='ocr_line' id='line_1_14' title="bbox 125 1078 894 1141; baseline 0.001 -17"><span class='ocrx_word' id='word_1_99' title='bbox 125 1079 192 1128; x_wconf 89' lang='lat' dir='ltr'>misit.</span> <span class='ocrx_word' id='word_1_100' title='bbox 226 1078 294 1124; x_wconf 90' lang='lat' dir='ltr'>Redit</span> <span class='ocrx_word' id='word_1_101' title='bbox 320 1078 406 1139; x_wconf 90' lang='lat' dir='ltr'>primus</span> <span class='ocrx_word' id='word_1_102' title='bbox 431 1089 454 1124; x_wconf 90' lang='lat' dir='ltr'>et</span> <span class='ocrx_word' id='word_1_103' title='bbox 477 1088 567 1125; x_wconf 90' lang='lat' dir='ltr'>tantum</span> <span class='ocrx_word' id='word_1_104' title='bbox 589 1078 656 1124; x_wconf 87' lang='lat' dir='ltr'>verba</span> <span class='ocrx_word' id='word_1_105' title='bbox 680 1078 754 1126; x_wconf 87' lang='lat' dir='ltr'>verbis</span> <span class='ocrx_word' id='word_1_106' title='bbox 778 1089 894 1141; x_wconf 82' lang='lat' dir='ltr'>reportat3</span> 
     </span>
     <span class='ocr_line' id='line_1_15' title="bbox 124 1142 895 1205; baseline 0.001 -19"><span class='ocrx_word' id='word_1_107' title='bbox 124 1144 236 1205; x_wconf 87' lang='lat' dir='ltr'>siquidem</span> <span class='ocrx_word' id='word_1_108' title='bbox 253 1142 357 1204; x_wconf 85' lang='lat' dir='ltr'>sapientis</span> <span class='ocrx_word' id='word_1_109' title='bbox 374 1142 433 1188; x_wconf 89' lang='lat' dir='ltr'>oculi</span> <span class='ocrx_word' id='word_1_110' title='bbox 453 1143 475 1186; x_wconf 89' lang='lat' dir='ltr'>in</span> <span class='ocrx_word' id='word_1_111' title='bbox 495 1144 566 1203; x_wconf 86' lang='lat' dir='ltr'>capite</span> <span class='ocrx_word' id='word_1_112' title='bbox 582 1143 679 1199; x_wconf 81' lang='lat' dir='ltr'>fuerant,</span> <span class='ocrx_word' id='word_1_113' title='bbox 696 1158 737 1187; x_wconf 91' lang='lat' dir='ltr'>nec</span> <span class='ocrx_word' id='word_1_114' title='bbox 755 1143 895 1204; x_wconf 89' lang='lat' dir='ltr'>prosilierant</span> 
     </span>
     <span class='ocr_line' id='line_1_16' title="bbox 124 1206 895 1270; baseline -0.001 -17"><span class='ocrx_word' id='word_1_115' title='bbox 124 1223 247 1270; x_wconf 87' lang='lat' dir='ltr'>quoquam.</span> <span class='ocrx_word' id='word_1_116' title='bbox 291 1206 359 1251; x_wconf 89' lang='lat' dir='ltr'>Redit</span> <span class='ocrx_word' id='word_1_117' title='bbox 378 1207 434 1252; x_wconf 90' lang='lat' dir='ltr'>alius</span> <span class='ocrx_word' id='word_1_118' title='bbox 453 1216 476 1251; x_wconf 88' lang='lat' dir='ltr'>et</span> <span class='ocrx_word' id='word_1_119' title='bbox 495 1217 547 1266; x_wconf 90' lang='lat' dir='ltr'>post</span> <span class='ocrx_word' id='word_1_120' title='bbox 568 1206 643 1253; x_wconf 85' lang='lat' dir='ltr'>brevia</span> <span class='ocrx_word' id='word_1_121' title='bbox 662 1208 735 1262; x_wconf 85' lang='lat' dir='ltr'>verba,</span> <span class='ocrx_word' id='word_1_122' title='bbox 756 1223 800 1269; x_wconf 90' lang='lat' dir='ltr'>que</span> <span class='ocrx_word' id='word_1_123' title='bbox 819 1206 895 1263; x_wconf 84' lang='lat' dir='ltr'>refert,</span> 
     </span>
     <span class='ocr_line' id='line_1_17' title="bbox 125 1268 894 1335; baseline 0.001 -19"><span class='ocrx_word' id='word_1_124' title='bbox 125 1271 216 1335; x_wconf 85' lang='lat' dir='ltr'>longam</span> <span class='ocrx_word' id='word_1_125' title='bbox 237 1270 265 1317; x_wconf 92' lang='lat' dir='ltr'>de</span> <span class='ocrx_word' id='word_1_126' title='bbox 287 1270 378 1317; x_wconf 87' lang='lat' dir='ltr'>domine</span> <span class='ocrx_word' id='word_1_127' title='bbox 400 1268 568 1332; x_wconf 88' lang='lat' dir='ltr'>pulchritudine</span> <span class='ocrx_word' id='word_1_128' title='bbox 595 1270 652 1325; x_wconf 86' lang='lat' dir='ltr'>texit¹</span> <span class='ocrx_word' id='word_1_129' title='bbox 678 1271 800 1333; x_wconf 87' lang='lat' dir='ltr'>ystoriam:</span> <span class='ocrx_word' id='word_1_130' title='bbox 828 1271 894 1331; x_wconf 86' lang='lat' dir='ltr'>Vere,</span> 
     </span>
     <span class='ocr_line' id='line_1_18' title="bbox 125 1335 893 1400; baseline 0.004 -17"><span class='ocrx_word' id='word_1_131' title='bbox 125 1337 223 1391; x_wconf 87' lang='lat' dir='ltr'>domine,</span> <span class='ocrx_word' id='word_1_132' title='bbox 241 1336 289 1382; x_wconf 92' lang='lat' dir='ltr'>vidi</span> <span class='ocrx_word' id='word_1_133' title='bbox 306 1335 478 1397; x_wconf 88' lang='lat' dir='ltr'>pulcherrimam</span> <span class='ocrx_word' id='word_1_134' title='bbox 499 1337 622 1384; x_wconf 89' lang='lat' dir='ltr'>mulierem.</span> <span class='ocrx_word' id='word_1_135' title='bbox 663 1335 726 1383; x_wconf 81' lang='lat' dir='ltr'>Felix</span> <span class='ocrx_word' id='word_1_136' title='bbox 744 1337 784 1400; x_wconf 92' lang='lat' dir='ltr'>qui</span> <span class='ocrx_word' id='word_1_137' title='bbox 803 1335 893 1386; x_wconf 89' lang='lat' dir='ltr'>fruitur.</span> 
     </span>
     <span class='ocr_line' id='line_1_19' title="bbox 125 1401 895 1461; baseline 0.001 -16"><span class='ocrx_word' id='word_1_138' title='bbox 125 1402 158 1445; x_wconf 83' lang='lat' dir='ltr'>At</span> <span class='ocrx_word' id='word_1_139' title='bbox 168 1401 205 1446; x_wconf 86' lang='lat' dir='ltr'>ille</span> <span class='ocrx_word' id='word_1_140' title='bbox 216 1420 221 1447; x_wconf 89' lang='lat'>:</span> <span class='ocrx_word' id='word_1_141' title='bbox 239 1402 304 1446; x_wconf 88' lang='lat' dir='ltr'>Serve</span> <span class='ocrx_word' id='word_1_142' title='bbox 315 1416 420 1460; x_wconf 84' lang='lat' dir='ltr'>nequam,</span> <span class='ocrx_word' id='word_1_143' title='bbox 431 1401 455 1444; x_wconf 95' lang='lat' dir='ltr'>in</span> <span class='ocrx_word' id='word_1_144' title='bbox 465 1416 569 1459; x_wconf 89' lang='lat' dir='ltr'>sponsam</span> <span class='ocrx_word' id='word_1_145' title='bbox 586 1417 658 1445; x_wconf 90' lang='lat' dir='ltr'>meam</span> <span class='ocrx_word' id='word_1_146' title='bbox 675 1402 752 1445; x_wconf 87' lang='lat' dir='ltr'>oculos</span> <span class='ocrx_word' id='word_1_147' title='bbox 767 1402 895 1461; x_wconf 90' lang='lat' dir='ltr'>impudicos</span> 
     </span>
     <span class='ocr_line' id='line_1_20' title="bbox 124 1463 893 1527; baseline 0 -16"><span class='ocrx_word' id='word_1_148' title='bbox 124 1464 206 1527; x_wconf 86' lang='lat' dir='ltr'>egisti?</span> <span class='ocrx_word' id='word_1_149' title='bbox 240 1464 332 1526; x_wconf 87' lang='lat' dir='ltr'>Liquet,</span> <span class='ocrx_word' id='word_1_150' title='bbox 344 1463 407 1526; x_wconf 86' lang='lat' dir='ltr'>quod</span> <span class='ocrx_word' id='word_1_151' title='bbox 418 1479 491 1510; x_wconf 91' lang='lat' dir='ltr'>emere</span> <span class='ocrx_word' id='word_1_152' title='bbox 507 1464 604 1511; x_wconf 89' lang='lat' dir='ltr'>volueris</span> <span class='ocrx_word' id='word_1_153' title='bbox 620 1480 668 1510; x_wconf 88' lang='lat' dir='ltr'>rem</span> <span class='ocrx_word' id='word_1_154' title='bbox 685 1474 824 1526; x_wconf 89' lang='lat' dir='ltr'>prospectam</span> <span class='ocrx_word' id='word_1_155' title='bbox 842 1464 893 1511; x_wconf 93' lang='lat' dir='ltr'>sub-</span> 
     </span>
     <span class='ocr_line' id='line_1_21' title="bbox 125 1528 894 1593; baseline 0 -17"><span class='ocrx_word' id='word_1_156' title='bbox 125 1530 200 1576; x_wconf 86' lang='lat' dir='ltr'>tiliter.</span> <span class='ocrx_word' id='word_1_157' title='bbox 234 1528 300 1575; x_wconf 88' lang='lat' dir='ltr'>lubet</span> <span class='ocrx_word' id='word_1_158' title='bbox 316 1530 390 1575; x_wconf 91' lang='lat' dir='ltr'>vocari</span> <span class='ocrx_word' id='word_1_159' title='bbox 407 1528 507 1590; x_wconf 87' lang='lat' dir='ltr'>primum</span> <span class='ocrx_word' id='word_1_160' title='bbox 526 1540 548 1575; x_wconf 88' lang='lat' dir='ltr'>et</span> <span class='ocrx_word' id='word_1_161' title='bbox 566 1529 613 1585; x_wconf 88' lang='lat' dir='ltr'>ait;</span> <span class='ocrx_word' id='word_1_162' title='bbox 631 1529 696 1581; x_wconf 91' lang='lat' dir='ltr'>Quid</span> <span class='ocrx_word' id='word_1_163' title='bbox 714 1530 755 1576; x_wconf 90' lang='lat' dir='ltr'>tibi</span> <span class='ocrx_word' id='word_1_164' title='bbox 773 1530 801 1576; x_wconf 92' lang='lat' dir='ltr'>de</span> <span class='ocrx_word' id='word_1_165' title='bbox 818 1530 894 1593; x_wconf 86' lang='lat' dir='ltr'>regina</span> 
     </span>
     <span class='ocr_line' id='line_1_22' title="bbox 126 1593 895 1658; baseline -0.001 -16"><span class='ocrx_word' id='word_1_166' title='bbox 126 1596 231 1642; x_wconf 84' lang='lat' dir='ltr'>videtur?</span> <span class='ocrx_word' id='word_1_167' title='bbox 281 1594 313 1640; x_wconf 90' lang='lat' dir='ltr'>Et</span> <span class='ocrx_word' id='word_1_168' title='bbox 339 1593 390 1640; x_wconf 90' lang='lat' dir='ltr'>ille:</span> <span class='ocrx_word' id='word_1_169' title='bbox 420 1594 513 1655; x_wconf 86' lang='lat' dir='ltr'>Optime</span> <span class='ocrx_word' id='word_1_170' title='bbox 540 1595 648 1658; x_wconf 90' lang='lat' dir='ltr'>quidem;</span> <span class='ocrx_word' id='word_1_171' title='bbox 676 1596 782 1658; x_wconf 90' lang='lat' dir='ltr'>quoniam</span> <span class='ocrx_word' id='word_1_172' title='bbox 804 1595 895 1641; x_wconf 89' lang='lat' dir='ltr'>silenter</span> 
     </span>
    </p>

    <p class='ocr_par' dir='ltr' id='par_1_4' title="bbox 52 1658 895 1976">
     <span class='ocr_line' id='line_1_23' title="bbox 52 1658 895 1721; baseline 0.004 -18"><span class='ocrx_word' id='word_1_173' title='bbox 52 1667 90 1705; x_wconf 84' lang='lat' dir='ltr'>Fol.</span> <span class='ocrx_word' id='word_1_174' title='bbox 99 1660 221 1716; x_wconf 71' lang='lat' dir='ltr'>soaudivit,</span> <span class='ocrx_word' id='word_1_175' title='bbox 232 1658 348 1720; x_wconf 89' lang='lat' dir='ltr'>respondit</span> <span class='ocrx_word' id='word_1_176' title='bbox 359 1659 470 1721; x_wconf 83' lang='lat' dir='ltr'>sagaciter.</span> <span class='ocrx_word' id='word_1_177' title='bbox 504 1658 536 1704; x_wconf 90' lang='lat' dir='ltr'>Et</span> <span class='ocrx_word' id='word_1_178' title='bbox 548 1659 621 1715; x_wconf 86' lang='lat' dir='ltr'>nichil,</span> <span class='ocrx_word' id='word_1_179' title='bbox 634 1659 715 1721; x_wconf 90' lang='lat' dir='ltr'>inquid</span> <span class='ocrx_word' id='word_1_180' title='bbox 731 1676 777 1717; x_wconf 87' lang='lat' dir='ltr'>rex,</span> <span class='ocrx_word' id='word_1_181' title='bbox 788 1659 895 1706; x_wconf 84' lang='lat' dir='ltr'>formosi-</span> 
     </span>
     <span class='ocr_line' id='line_1_24' title="bbox 127 1722 894 1786; baseline 0 -17"><span class='ocrx_word' id='word_1_182' title='bbox 127 1724 179 1769; x_wconf 90' lang='lat' dir='ltr'>tatis</span> <span class='ocrx_word' id='word_1_183' title='bbox 190 1723 262 1769; x_wconf 84' lang='lat' dir='ltr'>inest?</span> <span class='ocrx_word' id='word_1_184' title='bbox 289 1722 377 1778; x_wconf 89' lang='lat' dir='ltr'>Tuum,</span> <span class='ocrx_word' id='word_1_185' title='bbox 386 1722 424 1777; x_wconf 92' lang='lat' dir='ltr'>ait,</span> <span class='ocrx_word' id='word_1_186' title='bbox 431 1722 522 1767; x_wconf 89' lang='lat' dir='ltr'>domine</span> <span class='ocrx_word' id='word_1_187' title='bbox 534 1724 575 1778; x_wconf 91' lang='lat' dir='ltr'>mi,</span> <span class='ocrx_word' id='word_1_188' title='bbox 584 1724 612 1768; x_wconf 92' lang='lat' dir='ltr'>sit</span> <span class='ocrx_word' id='word_1_189' title='bbox 623 1723 665 1767; x_wconf 90' lang='lat' dir='ltr'>hoc</span> <span class='ocrx_word' id='word_1_190' title='bbox 676 1724 799 1786; x_wconf 83' lang='lat' dir='ltr'>inspicere3</span> <span class='ocrx_word' id='word_1_191' title='bbox 817 1741 894 1769; x_wconf 90' lang='lat' dir='ltr'>meum</span> 
     </span>
     <span class='ocr_line' id='line_1_25' title="bbox 127 1787 894 1851; baseline 0 -16"><span class='ocrx_word' id='word_1_192' title='bbox 127 1788 172 1835; x_wconf 89' lang='lat' dir='ltr'>fuit</span> <span class='ocrx_word' id='word_1_193' title='bbox 190 1787 256 1835; x_wconf 88' lang='lat' dir='ltr'>verba</span> <span class='ocrx_word' id='word_1_194' title='bbox 273 1787 375 1848; x_wconf 86' lang='lat' dir='ltr'>perferre.</span> <span class='ocrx_word' id='word_1_195' title='bbox 409 1788 491 1833; x_wconf 90' lang='lat' dir='ltr'>Fertur</span> <span class='ocrx_word' id='word_1_196' title='bbox 508 1803 520 1832; x_wconf 93' lang='lat' dir='ltr'>a</span> <span class='ocrx_word' id='word_1_197' title='bbox 536 1803 589 1850; x_wconf 84' lang='lat' dir='ltr'>rege</span> <span class='ocrx_word' id='word_1_198' title='bbox 607 1789 731 1835; x_wconf 88' lang='lat' dir='ltr'>sententia:</span> <span class='ocrx_word' id='word_1_199' title='bbox 749 1789 793 1845; x_wconf 89' lang='lat' dir='ltr'>Tu,</span> <span class='ocrx_word' id='word_1_200' title='bbox 807 1789 894 1851; x_wconf 89' lang='lat' dir='ltr'>inquid,</span> 
     </span>
     <span class='ocr_line' id='line_1_26' title="bbox 127 1852 894 1913; baseline 0.001 -14"><span class='ocrx_word' id='word_1_201' title='bbox 127 1853 198 1900; x_wconf 90' lang='lat' dir='ltr'>oculis</span> <span class='ocrx_word' id='word_1_202' title='bbox 208 1863 281 1900; x_wconf 89' lang='lat' dir='ltr'>castus</span> <span class='ocrx_word' id='word_1_203' title='bbox 292 1861 341 1897; x_wconf 88' lang='lat' dir='ltr'>esto</span> <span class='ocrx_word' id='word_1_204' title='bbox 352 1852 375 1897; x_wconf 90' lang='lat' dir='ltr'>in</span> <span class='ocrx_word' id='word_1_205' title='bbox 386 1868 472 1897; x_wconf 89' lang='lat' dir='ltr'>camera</span> <span class='ocrx_word' id='word_1_206' title='bbox 488 1868 581 1913; x_wconf 90' lang='lat' dir='ltr'>corpore</span> <span class='ocrx_word' id='word_1_207' title='bbox 598 1853 692 1900; x_wconf 88' lang='lat' dir='ltr'>castior:</span> <span class='ocrx_word' id='word_1_208' title='bbox 709 1854 745 1899; x_wconf 88' lang='lat' dir='ltr'>hic</span> <span class='ocrx_word' id='word_1_209' title='bbox 761 1870 815 1899; x_wconf 90' lang='lat' dir='ltr'>vero</span> <span class='ocrx_word' id='word_1_210' title='bbox 831 1864 894 1900; x_wconf 88' lang='lat' dir='ltr'>exeat</span> 
     </span>
     <span class='ocr_line' id='line_1_27' title="bbox 126 1915 508 1976; baseline -0.003 -13"><span class='ocrx_word' id='word_1_211' title='bbox 126 1918 229 1970; x_wconf 88' lang='lat' dir='ltr'>domum,</span> <span class='ocrx_word' id='word_1_212' title='bbox 242 1933 270 1960; x_wconf 93' lang='lat' dir='ltr'>ne</span> <span class='ocrx_word' id='word_1_213' title='bbox 280 1915 367 1976; x_wconf 91' lang='lat' dir='ltr'>polluat</span> <span class='ocrx_word' id='word_1_214' title='bbox 378 1916 508 1962; x_wconf 88' lang='lat' dir='ltr'>thalamum.</span> 
     </span>
    </p>

    <p class='ocr_par' dir='ltr' id='par_1_5' title="bbox 126 1979 895 2364">
     <span class='ocr_line' id='line_1_28' title="bbox 174 1979 895 2041; baseline 0 -14"><span class='ocrx_word' id='word_1_215' title='bbox 174 1979 270 2027; x_wconf 88' lang='lat' dir='ltr'>Dicebat</span> <span class='ocrx_word' id='word_1_216' title='bbox 281 1988 356 2026; x_wconf 89' lang='lat' dir='ltr'>autem</span> <span class='ocrx_word' id='word_1_217' title='bbox 367 1979 446 2024; x_wconf 88' lang='lat' dir='ltr'>beatus</span> <span class='ocrx_word' id='word_1_218' title='bbox 456 1989 518 2041; x_wconf 90' lang='lat' dir='ltr'>pater</span> <span class='ocrx_word' id='word_1_219' title='bbox 529 1997 533 2025; x_wconf 94' lang='lat'><strong>:</strong></span> <span class='ocrx_word' id='word_1_220' title='bbox 552 1980 588 2025; x_wconf 89' lang='lat' dir='ltr'>Ex</span> <span class='ocrx_word' id='word_1_221' title='bbox 601 1979 670 2024; x_wconf 88' lang='lat' dir='ltr'>nimia</span> <span class='ocrx_word' id='word_1_222' title='bbox 686 1979 802 2027; x_wconf 90' lang='lat' dir='ltr'>securitate</span> <span class='ocrx_word' id='word_1_223' title='bbox 819 1981 895 2027; x_wconf 91' lang='lat' dir='ltr'>minus</span> 
     </span>
     <span class='ocr_line' id='line_1_29' title="bbox 127 2044 894 2108; baseline 0 -16"><span class='ocrx_word' id='word_1_224' title='bbox 127 2055 218 2093; x_wconf 90' lang='lat' dir='ltr'>cavetur</span> <span class='ocrx_word' id='word_1_225' title='bbox 228 2044 314 2091; x_wconf 91' lang='lat' dir='ltr'>hostis:</span> <span class='ocrx_word' id='word_1_226' title='bbox 333 2044 443 2105; x_wconf 84' lang='lat' dir='ltr'>dyabolus</span> <span class='ocrx_word' id='word_1_227' title='bbox 455 2044 473 2089; x_wconf 89' lang='lat' dir='ltr'>si</span> <span class='ocrx_word' id='word_1_228' title='bbox 484 2045 511 2091; x_wconf 91' lang='lat' dir='ltr'>de</span> <span class='ocrx_word' id='word_1_229' title='bbox 523 2060 564 2091; x_wconf 88' lang='lat' dir='ltr'>suo</span> <span class='ocrx_word' id='word_1_230' title='bbox 579 2045 684 2106; x_wconf 89' lang='lat' dir='ltr'>capillum</span> <span class='ocrx_word' id='word_1_231' title='bbox 695 2045 775 2092; x_wconf 91' lang='lat' dir='ltr'>habere</span> <span class='ocrx_word' id='word_1_232' title='bbox 786 2055 861 2108; x_wconf 89' lang='lat' dir='ltr'>potest</span> <span class='ocrx_word' id='word_1_233' title='bbox 872 2047 894 2092; x_wconf 90' lang='lat' dir='ltr'>in</span> 
     </span>
     <span class='ocr_line' id='line_1_30' title="bbox 128 2107 895 2172; baseline 0 -16"><span class='ocrx_word' id='word_1_234' title='bbox 128 2110 226 2169; x_wconf 89' lang='lat' dir='ltr'>homine,</span> <span class='ocrx_word' id='word_1_235' title='bbox 245 2108 349 2170; x_wconf 84' lang='lat' dir='ltr'>capillum</span> <span class='ocrx_word' id='word_1_236' title='bbox 368 2125 491 2155; x_wconf 91' lang='lat' dir='ltr'>excrescere</span> <span class='ocrx_word' id='word_1_237' title='bbox 508 2107 561 2155; x_wconf 85' lang='lat' dir='ltr'>facit</span> <span class='ocrx_word' id='word_1_238' title='bbox 582 2109 606 2154; x_wconf 90' lang='lat' dir='ltr'>in</span> <span class='ocrx_word' id='word_1_239' title='bbox 623 2109 724 2166; x_wconf 89' lang='lat' dir='ltr'>trabem;</span> <span class='ocrx_word' id='word_1_240' title='bbox 749 2127 797 2167; x_wconf 89' lang='lat' dir='ltr'>nec,</span> <span class='ocrx_word' id='word_1_241' title='bbox 817 2111 834 2155; x_wconf 92' lang='lat' dir='ltr'>si</span> <span class='ocrx_word' id='word_1_242' title='bbox 856 2127 895 2172; x_wconf 89' lang='lat' dir='ltr'>per</span> 
     </span>
     <span class='ocr_line' id='line_1_31' title="bbox 127 2173 894 2237; baseline 0 -15"><span class='ocrx_word' id='word_1_243' title='bbox 127 2175 213 2222; x_wconf 91' lang='lat' dir='ltr'>multos</span> <span class='ocrx_word' id='word_1_244' title='bbox 230 2191 300 2221; x_wconf 91' lang='lat' dir='ltr'>annos</span> <span class='ocrx_word' id='word_1_245' title='bbox 317 2173 418 2221; x_wconf 89' lang='lat' dir='ltr'>dehicere</span> <span class='ocrx_word' id='word_1_246' title='bbox 437 2190 483 2219; x_wconf 89' lang='lat' dir='ltr'>non</span> <span class='ocrx_word' id='word_1_247' title='bbox 500 2174 575 2234; x_wconf 87' lang='lat' dir='ltr'>potuit</span> <span class='ocrx_word' id='word_1_248' title='bbox 592 2191 661 2237; x_wconf 89' lang='lat' dir='ltr'>quem</span> <span class='ocrx_word' id='word_1_249' title='bbox 683 2175 786 2231; x_wconf 88' lang='lat' dir='ltr'>tentavit,</span> <span class='ocrx_word' id='word_1_250' title='bbox 809 2192 894 2222; x_wconf 89' lang='lat' dir='ltr'>moram</span> 
     </span>
     <span class='ocr_line' id='line_1_32' title="bbox 127 2237 894 2300; baseline 0 -15"><span class='ocrx_word' id='word_1_251' title='bbox 127 2250 236 2296; x_wconf 86' lang='lat' dir='ltr'>causatur,</span> <span class='ocrx_word' id='word_1_252' title='bbox 248 2238 375 2285; x_wconf 92' lang='lat' dir='ltr'>dummodo</span> <span class='ocrx_word' id='word_1_253' title='bbox 386 2237 428 2283; x_wconf 88' lang='lat' dir='ltr'>sibi</span> <span class='ocrx_word' id='word_1_254' title='bbox 440 2238 502 2284; x_wconf 88' lang='lat' dir='ltr'>cedat</span> <span class='ocrx_word' id='word_1_255' title='bbox 516 2238 540 2283; x_wconf 89' lang='lat' dir='ltr'>in</span> <span class='ocrx_word' id='word_1_256' title='bbox 557 2239 606 2286; x_wconf 88' lang='lat' dir='ltr'>fine.</span> <span class='ocrx_word' id='word_1_257' title='bbox 637 2240 691 2284; x_wconf 90' lang='lat' dir='ltr'>Hoc</span> <span class='ocrx_word' id='word_1_258' title='bbox 708 2250 741 2285; x_wconf 89' lang='lat' dir='ltr'>est</span> <span class='ocrx_word' id='word_1_259' title='bbox 759 2240 819 2284; x_wconf 91' lang='lat' dir='ltr'>enim</span> <span class='ocrx_word' id='word_1_260' title='bbox 837 2256 894 2300; x_wconf 91' lang='lat' dir='ltr'>opus</span> 
     </span>
     <span class='ocr_line' id='line_1_33' title="bbox 126 2303 643 2364; baseline -0.008 -13"><span class='ocrx_word' id='word_1_261' title='bbox 126 2321 202 2362; x_wconf 88' lang='lat' dir='ltr'>suum,</span> <span class='ocrx_word' id='word_1_262' title='bbox 214 2320 253 2350; x_wconf 87' lang='lat' dir='ltr'>nec</span> <span class='ocrx_word' id='word_1_263' title='bbox 264 2305 292 2350; x_wconf 87' lang='lat' dir='ltr'>ad</span> <span class='ocrx_word' id='word_1_264' title='bbox 303 2303 345 2348; x_wconf 88' lang='lat' dir='ltr'>alia</span> <span class='ocrx_word' id='word_1_265' title='bbox 356 2303 392 2348; x_wconf 89' lang='lat' dir='ltr'>die</span> <span class='ocrx_word' id='word_1_266' title='bbox 403 2312 516 2364; x_wconf 88' lang='lat' dir='ltr'>noctuque</span> <span class='ocrx_word' id='word_1_267' title='bbox 529 2304 643 2349; x_wconf 87' lang='lat' dir='ltr'>sollicitus.</span> 
     </span>
    </p>
   </div>
   <div class='ocr_carea' id='block_1_4' title="bbox 66 2443 895 2863">
    <p class='ocr_par' dir='ltr' id='par_1_6' title="bbox 66 2443 895 2863">
     <span class='ocr_line' id='line_1_34' title="bbox 66 2443 894 2540; baseline 0 -18"><span class='ocrx_word' id='word_1_268' title='bbox 66 2473 124 2517; x_wconf 63' lang='grc' dir='ltr'>[ΜΠ</span> <span class='ocrx_word' id='word_1_269' title='bbox 175 2443 301 2540; x_wconf 64' lang='lat' dir='ltr'>Gontigit</span> <span class='ocrx_word' id='word_1_270' title='bbox 320 2474 393 2529; x_wconf 84' lang='lat' dir='ltr'>semel,</span> <span class='ocrx_word' id='word_1_271' title='bbox 415 2490 467 2520; x_wconf 86' lang='lat' dir='ltr'>cum</span> <span class='ocrx_word' id='word_1_272' title='bbox 486 2484 575 2521; x_wconf 87' lang='lat' dir='ltr'>sanctus</span> <span class='ocrx_word' id='word_1_273' title='bbox 594 2474 740 2522; x_wconf 90' lang='lat' dir='ltr'>Francischus</span> <span class='ocrx_word' id='word_1_274' title='bbox 759 2476 894 2522; x_wconf 84' lang='lat' dir='ltr'>Mevanium</span> 
     </span>
     <span class='ocr_line' id='line_1_35' title="bbox 128 2534 894 2606; baseline -0.003 -19"><span class='ocrx_word' id='word_1_275' title='bbox 128 2552 237 2606; x_wconf 88' lang='lat' dir='ltr'>pergeret,</span> <span class='ocrx_word' id='word_1_276' title='bbox 256 2557 295 2602; x_wconf 88' lang='lat' dir='ltr'>pre</span> <span class='ocrx_word' id='word_1_277' title='bbox 314 2534 428 2584; x_wconf 87' lang='lat' dir='ltr'>debilitate</span> <span class='ocrx_word' id='word_1_278' title='bbox 450 2538 533 2601; x_wconf 86' lang='lat' dir='ltr'>ieiunij,</span> <span class='ocrx_word' id='word_1_279' title='bbox 551 2540 579 2584; x_wconf 85' lang='lat' dir='ltr'>ad</span> <span class='ocrx_word' id='word_1_280' title='bbox 598 2549 695 2584; x_wconf 91' lang='lat' dir='ltr'>castrum</span> <span class='ocrx_word' id='word_1_281' title='bbox 714 2540 829 2601; x_wconf 92' lang='lat' dir='ltr'>pervenire</span> <span class='ocrx_word' id='word_1_282' title='bbox 849 2557 894 2585; x_wconf 90' lang='lat' dir='ltr'>non</span> 
     </span>
     <span class='ocr_line' id='line_1_36' title="bbox 128 2603 894 2670; baseline -0.004 -16"><span class='ocrx_word' id='word_1_283' title='bbox 128 2623 208 2670; x_wconf 88' lang='lat' dir='ltr'>posse:</span> <span class='ocrx_word' id='word_1_284' title='bbox 225 2606 296 2652; x_wconf 88' lang='lat' dir='ltr'>sotius</span> <span class='ocrx_word' id='word_1_285' title='bbox 314 2619 375 2661; x_wconf 85' lang='lat' dir='ltr'>vero,</span> <span class='ocrx_word' id='word_1_286' title='bbox 387 2603 455 2650; x_wconf 87' lang='lat' dir='ltr'>misso</span> <span class='ocrx_word' id='word_1_287' title='bbox 473 2604 555 2650; x_wconf 88' lang='lat' dir='ltr'>nuncio</span> <span class='ocrx_word' id='word_1_288' title='bbox 572 2604 600 2650; x_wconf 89' lang='lat' dir='ltr'>ad</span> <span class='ocrx_word' id='word_1_289' title='bbox 617 2603 738 2666; x_wconf 88' lang='lat' dir='ltr'>quamdam</span> <span class='ocrx_word' id='word_1_290' title='bbox 756 2604 894 2665; x_wconf 88' lang='lat' dir='ltr'>spiritualem</span> 
     </span>
     <span class='ocr_line' id='line_1_37' title="bbox 128 2667 895 2733; baseline -0.005 -14"><span class='ocrx_word' id='word_1_291' title='bbox 128 2673 249 2728; x_wconf 89' lang='lat' dir='ltr'>dominam,</span> <span class='ocrx_word' id='word_1_292' title='bbox 262 2686 342 2733; x_wconf 85' lang='lat' dir='ltr'>panem</span> <span class='ocrx_word' id='word_1_293' title='bbox 353 2680 376 2715; x_wconf 86' lang='lat' dir='ltr'>et</span> <span class='ocrx_word' id='word_1_294' title='bbox 387 2669 467 2714; x_wconf 86' lang='lat' dir='ltr'>vinum</span> <span class='ocrx_word' id='word_1_295' title='bbox 478 2685 519 2730; x_wconf 89' lang='lat' dir='ltr'>pro</span> <span class='ocrx_word' id='word_1_296' title='bbox 529 2679 607 2715; x_wconf 87' lang='lat' dir='ltr'>sancto</span> <span class='ocrx_word' id='word_1_297' title='bbox 618 2667 733 2714; x_wconf 91' lang='lat' dir='ltr'>humiliter</span> <span class='ocrx_word' id='word_1_298' title='bbox 750 2669 821 2731; x_wconf 90' lang='lat' dir='ltr'>petiit.</span> <span class='ocrx_word' id='word_1_299' title='bbox 855 2669 895 2716; x_wconf 90' lang='lat' dir='ltr'>Illa</span> 
     </span>
     <span class='ocr_line' id='line_1_38' title="bbox 129 2732 892 2795; baseline -0.008 -10"><span class='ocrx_word' id='word_1_300' title='bbox 129 2748 155 2785; x_wconf 88' lang='lat' dir='ltr'>ut</span> <span class='ocrx_word' id='word_1_301' title='bbox 166 2737 260 2792; x_wconf 84' lang='lat' dir='ltr'>audivit,</span> <span class='ocrx_word' id='word_1_302' title='bbox 270 2752 321 2782; x_wconf 91' lang='lat' dir='ltr'>cum</span> <span class='ocrx_word' id='word_1_303' title='bbox 333 2734 384 2790; x_wconf 87' lang='lat' dir='ltr'>filia,</span> <span class='ocrx_word' id='word_1_304' title='bbox 393 2732 480 2795; x_wconf 83' lang='lat' dir='ltr'>virgine</span> <span class='ocrx_word' id='word_1_305' title='bbox 491 2734 534 2779; x_wconf 89' lang='lat' dir='ltr'>deo</span> <span class='ocrx_word' id='word_1_306' title='bbox 545 2735 632 2789; x_wconf 92' lang='lat' dir='ltr'>devota,</span> <span class='ocrx_word' id='word_1_307' title='bbox 642 2734 741 2779; x_wconf 89' lang='lat' dir='ltr'>cucurrit</span> <span class='ocrx_word' id='word_1_308' title='bbox 747 2735 776 2780; x_wconf 87' lang='lat' dir='ltr'>ad</span> <span class='ocrx_word' id='word_1_309' title='bbox 783 2745 892 2794; x_wconf 83' lang='lat' dir='ltr'>sanctum,</span> 
     </span>
     <span class='ocr_line' id='line_1_39' title="bbox 127 2797 894 2863; baseline -0.004 -16"><span class='ocrx_word' id='word_1_310' title='bbox 127 2810 220 2863; x_wconf 90' lang='lat' dir='ltr'>portans</span> <span class='ocrx_word' id='word_1_311' title='bbox 239 2815 283 2862; x_wconf 92' lang='lat' dir='ltr'>que</span> <span class='ocrx_word' id='word_1_312' title='bbox 302 2797 422 2844; x_wconf 87' lang='lat' dir='ltr'>necessaria</span> <span class='ocrx_word' id='word_1_313' title='bbox 441 2806 509 2842; x_wconf 88' lang='lat' dir='ltr'>erant.</span> <span class='ocrx_word' id='word_1_314' title='bbox 543 2797 650 2843; x_wconf 89' lang='lat' dir='ltr'>Refectus</span> <span class='ocrx_word' id='word_1_315' title='bbox 668 2807 744 2843; x_wconf 89' lang='lat' dir='ltr'>autem</span> <span class='ocrx_word' id='word_1_316' title='bbox 763 2808 853 2844; x_wconf 88' lang='lat' dir='ltr'>sanctus</span> <span class='ocrx_word' id='word_1_317' title='bbox 871 2809 894 2844; x_wconf 90' lang='lat' dir='ltr'>et</span> 
     </span>
    </p>
   </div>
   <div class='ocr_carea' id='block_1_5' title="bbox 127 2860 894 2929">
    <p class='ocr_par' dir='ltr' id='par_1_7' title="bbox 127 2860 894 2929">
     <span class='ocr_line' id='line_1_40' title="bbox 127 2860 894 2929; baseline -0.005 -17"><span class='ocrx_word' id='word_1_318' title='bbox 127 2865 295 2929; x_wconf 88' lang='lat' dir='ltr'>aliquantulum</span> <span class='ocrx_word' id='word_1_319' title='bbox 306 2861 461 2917; x_wconf 88' lang='lat' dir='ltr'>comfortatus,</span> <span class='ocrx_word' id='word_1_320' title='bbox 474 2860 543 2907; x_wconf 89' lang='lat' dir='ltr'>verbo</span> <span class='ocrx_word' id='word_1_321' title='bbox 554 2862 590 2908; x_wconf 89' lang='lat' dir='ltr'>dei</span> <span class='ocrx_word' id='word_1_322' title='bbox 602 2871 696 2907; x_wconf 88' lang='lat' dir='ltr'>matrem</span> <span class='ocrx_word' id='word_1_323' title='bbox 707 2873 729 2907; x_wconf 91' lang='lat' dir='ltr'>et</span> <span class='ocrx_word' id='word_1_324' title='bbox 745 2861 814 2909; x_wconf 90' lang='lat' dir='ltr'>filiam</span> <span class='ocrx_word' id='word_1_325' title='bbox 830 2878 894 2908; x_wconf 87' lang='lat' dir='ltr'>versa</span> 
     </span>
    </p>
   </div>
   <div class='ocr_carea' id='block_1_6' title="bbox 0 0 964 3169">
    <p class='ocr_par' dir='ltr' id='par_1_8' title="bbox 0 0 964 3169">
     <span class='ocr_line' id='line_1_41' title="bbox 0 0 964 3169; baseline 0 0"><span class='ocrx_word' id='word_1_326' title='bbox 0 0 964 3169; x_wconf 95' lang='lat' dir='ltr'> </span> 
     </span>
    </p>
   </div>
  </div>
 </body>
</html>
