1919 3169
324 141 500 187 mrxxcunx
746 149 787 202 163

28 236 214 299 Conquerebatur
232 236 315 281 cotidie
333 245 410 282 saneto
427 238 545 283 Francisco
563 237 591 282 de
606 237 653 282 filio
667 238 695 283 ad
706 238 879 300 obpro-Fol.68¹⁰

28 301 103 347 brium
112 309 172 355 nato,
182 315 268 361 semper
277 315 339 345 suam
348 315 483 363 exaggerans
493 310 655 364 paupertatem.
684 301 789 364 Cumque

27 375 102 411 mente
123 374 229 409 tractaret
250 365 326 409 tenelli
347 366 411 426 pueri
433 366 512 427 pedem
536 366 564 410 ad
586 365 702 411 decentem
720 366 789 411 situm

28 430 133 477 reducere
157 427 274 486 violenter,
297 430 432 476 concedente
459 431 552 488 nutrice,
575 440 677 493 ternpore
699 447 744 494 quo
766 431 789 476 in
842 457 846 465 ι

28 496 106 542 balneo
126 494 190 555 pueri
209 492 309 539 membra
328 494 488 551 mollescerent,
508 496 551 541 boc
567 496 641 557 ipsum
658 494 729 540 facere
745 496 789 541 dis-

29 558 131 623 ponebat.
164 558 252 605 Verum
263 568 383 622 antequam
400 558 457 606 foret
473 570 535 607 tanta
551 560 664 606 temeritas
676 569 790 616 attentata,

29 641 80 672 cum
98 640 154 686 puer
173 640 185 668 a
204 623 270 669 fascia
288 623 418 679 solveretur,
438 625 506 670 sancti
526 625 636 671 Francisci
655 625 741 671 meritis
760 625 791 670 ita

29 689 135 733 inventus
156 696 190 731 est
211 703 277 732 sanus
298 704 323 732 ac
346 688 364 732 si
389 687 474 733 nullam
502 689 657 734 enormitatem
684 689 791 749 primitus

29 751 149 798 habuisset.

77 816 147 878 Apud
175 816 304 877 Scopletum
326 816 349 862 in
370 817 490 863 Amiterno
511 817 545 862 vir
571 827 594 863 et
616 833 680 875 uxor,
697 819 790 864 unicum

30 882 136 927 habentes
155 878 234 938 filium,
255 880 337 926 cotidie
356 880 421 926 illum
440 880 509 927 velud
530 881 690 929 hereditarium
707 882 791 944 obpro-

31 946 105 991 brium
132 944 285 1005 deplorabant.
330 945 384 989 Non
411 945 471 989 enim
498 945 574 1001 homo,
596 947 635 992 sed
662 957 790 993 monstrum

31 1009 147 1072 quoddam
169 1009 244 1069 potius
265 1008 392 1063 videbatur,
414 1024 465 1054 cum
486 1024 591 1071 perverso
613 1020 691 1056 nature
712 1011 791 1058 ordine

31 1073 141 1121 anteriora
167 1072 268 1119 membra
294 1071 368 1119 forent
394 1074 505 1136 posterius
533 1075 645 1122 devoluta.
691 1075 792 1123 Brachiis

31 1140 141 1203 siquidem
163 1138 221 1184 collo
244 1139 349 1185 connexis
376 1139 503 1202 iunctisque
530 1139 632 1186 manibus
656 1143 742 1203 pectori
768 1150 791 1188 et

32 1204 125 1265 pedibus
136 1203 238 1248 manibus
254 1202 356 1264 alligatis,
367 1203 449 1264 globus
465 1205 589 1263 apparebat,
601 1221 646 1249 non
664 1205 791 1251 umbustus.

32 1268 93 1312 Nam
110 1276 132 1312 et
150 1283 162 1311 a
178 1276 297 1327 parentum
315 1276 380 1329 atque
397 1266 524 1312 vicinorum
542 1268 674 1328 aspectibus,
685 1284 713 1313 ne
727 1269 791 1314 illum

33 1341 155 1387 cernerent,
175 1329 315 1386 amovebant,
335 1331 387 1376 satis
409 1330 486 1377 dolore
508 1331 547 1377 sed
569 1331 619 1394 plus
641 1332 793 1380 erubescentia

34 1396 129 1442 sautiati.
167 1396 266 1441 Proinde
285 1396 327 1450 vir,
347 1395 425 1441 dolore
443 1395 542 1452 affectus,
561 1397 708 1458 exprobrabat
727 1398 792 1444 uxori

34 1461 95 1522 quod
107 1477 153 1506 non
163 1459 221 1504 sicut
232 1468 302 1505 cetere
313 1459 417 1505 mulieres
428 1458 484 1505 filios
498 1472 631 1521 procrearet,
643 1462 682 1506 sed
693 1473 793 1507 monstra

34 1524 129 1587 quedam
141 1540 184 1587 que
196 1540 236 1569 nec
246 1533 309 1568 erant
320 1521 453 1568 brutissimis
463 1524 618 1585 comparanda,
629 1535 737 1588 torquens
748 1526 792 1571 Dei

35 1590 142 1636 iudicium
161 1605 188 1633 ex
206 1597 297 1649 peccato
316 1588 433 1649 provenire
452 1589 534 1634 uxoris.
574 1589 615 1634 Illa
634 1606 687 1635 vero
706 1606 794 1636 merore

35 1654 114 1701 afflicta
134 1663 157 1699 et
179 1652 260 1700 rubore
282 1650 380 1711 confusa,
399 1651 482 1699 crebris
500 1652 620 1717 gemitibus
639 1654 747 1703 clamabat
766 1656 794 1702 ad

36 1720 160 1773 Christum,
180 1719 248 1762 sancti
266 1718 377 1762 Francisci
394 1717 500 1762 auxilium
517 1718 648 1773 invocando,
667 1729 693 1764 ut
710 1720 793 1765 infelici

35 1781 76 1827 sibi
94 1793 117 1827 et
135 1781 158 1826 in
175 1780 214 1826 tali
232 1780 353 1841 obprobrio
372 1780 494 1827 constitute
513 1798 637 1828 succurrere
655 1782 793 1843 dignaretur.

36 1846 109 1893 Nocte
128 1846 225 1909 quadam
246 1862 297 1891 eum
317 1856 408 1907 propter
427 1844 581 1891 huiuscemodi
600 1845 714 1893 tristitiam
734 1846 794 1894 tristi

36 1927 130 1972 sompno
147 1911 287 1971 arriperetur,
299 1911 400 1972 apparuit
411 1910 430 1955 ei
441 1920 528 1956 sanctus
544 1911 681 1969 Franciscus,
693 1913 735 1973 piis
746 1929 794 1959 eam

35 1975 136 2020 effatibus
147 1976 262 2019 mulcens:
280 1974 357 2036 Surge,
368 1973 454 2036 inquid,
465 1984 487 2018 et
498 1983 564 2036 porta
573 1990 669 2036 puerum
680 1977 708 2021 ad
718 1977 795 2022 locum

36 2041 169 2102 propincum
186 2054 238 2085 meo
254 2039 345 2084 nomine
361 2038 496 2094 dedicatum,
508 2047 530 2083 et
541 2038 614 2099 ipsum
629 2039 652 2086 in
667 2056 724 2104 aqua
734 2041 795 2087 illius

36 2106 97 2164 putei
109 2103 226 2150 balneabis.
254 2103 313 2148 Mox
324 2104 383 2149 enim
392 2113 418 2148 ut
425 2103 464 2148 tali
474 2119 530 2165 aqua
538 2118 632 2164 puerum
641 2104 795 2166 superfundes,

37 2169 153 2216 sanitatem
174 2169 284 2231 integram
306 2177 461 2231 consequetur.
495 2166 602 2231 Neglexit
623 2168 704 2215 mulier
725 2170 795 2216 sancti

38 2235 168 2279 mandatum
184 2234 307 2294 adimplere
320 2234 348 2277 de
361 2247 433 2293 puero
443 2246 449 2286 3
461 2241 484 2276 et
495 2233 590 2278 secunda
607 2234 655 2279 vice
672 2233 712 2279 sibi
730 2250 795 2295 appa-

37 2297 93 2344 renti
109 2306 131 2343 et
145 2297 186 2343 hec
202 2296 279 2342 eadem
300 2295 415 2358 replicanti
433 2294 526 2341 minime
543 2296 661 2359 acquievit.
693 2297 736 2345 Sed
749 2299 796 2344 eius

39 2362 205 2425 simplicitatem
232 2362 268 2424 pie
294 2371 384 2408 sanctus
407 2360 570 2417 commiserans,
592 2361 705 2424 stupendo
727 2363 797 2410 modo

38 2427 124 2474 addidit
135 2426 241 2474 misereri.
275 2426 356 2472 Tertio
373 2441 469 2487 namque
486 2441 537 2471 cum
550 2425 644 2487 Virgine
660 2425 758 2486 gloriosa
774 2438 797 2474 et

39 2501 165 2537 sanctorum
183 2489 339 2551 apostolorum
357 2488 495 2535 nobilissimo
512 2489 620 2534 comitatu
634 2488 676 2534 sibi
687 2493 796 2553 apparuit,

38 2564 59 2600 et
70 2555 178 2619 accipiens
189 2572 237 2601 eam
249 2571 300 2601 cum
311 2570 381 2616 puero
396 2564 447 2599 ante
462 2553 550 2599 ianuam
560 2552 615 2599 dicti
626 2552 669 2599 loci
682 2556 797 2602 transtulit

37 2618 61 2665 in
72 2631 195 2668 momente.
224 2621 330 2681 Cumque
338 2620 382 2666 iam
391 2635 471 2665 aurora
481 2618 588 2679 inciperet
598 2635 702 2680 apparere
713 2622 798 2668 omnis-

38 2700 81 2747 que
99 2702 205 2748 corporea
222 2685 259 2732 illa
276 2683 333 2732 visio
350 2684 492 2741 discessisset,
506 2682 659 2745 obstupefacta
676 2686 758 2733 mulier
775 2695 798 2732 et

39 2750 98 2797 'ultra
119 2768 188 2813 quam
211 2749 271 2797 credi
294 2750 365 2796 valeat
387 2750 509 2804 ammirata,
531 2749 628 2808 pulsavit
649 2750 676 2795 ad
700 2750 795 2798 ianuam.

38 2812 133 2874 Ingessit
142 2814 250 2859 fratribus
258 2813 286 2858 de
294 2814 326 2858 rei
335 2812 434 2859 novitate
442 2830 488 2857 non
494 2812 604 2857 modicam
611 2813 797 2872 ammirationem,

38 2890 155 2940 expectans
173 2889 221 2926 tota
240 2878 320 2926 fiducia
340 2877 403 2940 pueri
425 2876 542 2924 sanitatem
563 2876 630 2923 tertio
647 2876 690 2924 iam
709 2878 799 2926 oraculo
