1919 3169
248 90 407 137 LEGENDA
423 89 582 150 ANTIQUA
766 102 792 134 21

29 185 150 232 devotione
166 201 253 249 semper
269 187 339 248 ipsius
358 186 481 232 reverenda
499 186 593 249 vestigia
610 186 793 248 complectentur.

30 250 84 295 Non
103 250 152 306 erit,
170 251 217 312 ipsa
235 261 375 313 protegente,
392 251 416 295 in
435 251 514 296 ordine
533 250 605 295 malus
624 267 738 307 occursus,
755 267 795 296 nec

29 314 90 360 filius
101 314 165 360 belial
176 330 215 375 per
228 316 317 362 vineam
334 316 420 361 domini
433 315 538 364 ,transibit
555 316 661 376 impunis.
696 316 795 376 Pauper-

29 378 81 423 tatis
98 388 174 424 nostre
191 378 238 441 ipsa
255 389 329 425 sancta
350 377 485 425 emulabitur
502 378 597 441 gloriam
619 389 642 426 et
663 378 796 426 humilitatis

29 444 132 503 preconia
149 461 189 506 per
206 443 309 506 superbie
326 442 431 490 nubilum
449 442 561 490 obfuscari
575 460 620 489 non
635 445 699 491 sinet.
733 444 796 491 Cari-

29 509 81 553 tatis
92 518 114 553 et
125 509 184 569 pacis
195 509 218 553 in
229 509 294 554 nobis
305 509 394 554 vincula
405 507 501 553 servabit
515 508 582 565 illesa,
594 525 687 554 censura
703 510 796 554 strictis-

29 571 85 616 sima
95 572 222 634 percutiens
233 571 372 617 dissidentes.
405 571 540 634 Evangelice
551 572 654 633 puritatis
671 571 796 618 observatio

28 651 88 682 saera
105 637 211 683 continue
229 637 251 682 in
269 646 390 698 conspectu
408 637 456 682 eius
474 635 569 692 florebit,
581 652 621 683 nec
639 637 732 683 odorem
749 637 796 684 vite

29 702 65 747 vel
92 702 120 748 ad
147 702 226 747 horam
250 702 349 764 patietur
373 701 436 747 elabi.
481 702 534 747 Hec
555 702 623 749 huius
644 702 797 764 amplectende

28 765 230 812 commendationis
248 766 317 812 sancti
339 765 375 812 dei
392 765 436 812 fuit
452 766 547 812 intentio
564 776 618 813 tota.
652 768 706 814 Hec
722 785 795 814 neces-

29 831 84 876 sarie
101 831 263 877 commissionis
282 847 323 892 pro
340 831 420 878 futuro
436 841 537 892 ternpore
554 833 685 893 prescientie
701 832 744 879 viri
760 833 796 880 dei

27 895 164 940 sanctissima
175 895 317 941 documenta.

73 1041 202 1122 Veniens
229 1072 299 1134 igitur
326 1087 412 1117 romam
440 1072 474 1117 vir
505 1072 548 1128 dei,
576 1089 588 1117 a
618 1073 712 1119 domino
738 1080 863 1136 papale-llll

30 1137 138 1182 Honorio
147 1147 169 1182 et
178 1135 333 1182 Cardinalibus
340 1136 453 1191 omnibus,
462 1152 542 1197 magna
551 1152 602 1180 cum
610 1138 738 1195 devotione,
746 1155 795 1183 sus-

29 1201 120 1262 cipitur,
128 1201 204 1262 sicque
215 1200 277 1262 quod
287 1199 423 1262 fragraverat
431 1199 497 1257 fama,
504 1199 605 1260 fulgebat
615 1201 638 1247 in
647 1202 700 1257 vita,
707 1218 794 1248 resona-

30 1262 67 1311 bat
83 1264 106 1310 in
122 1265 206 1328 lingua,
218 1263 301 1328 quibus
318 1263 496 1327 suppetentibus,
508 1263 647 1311 indevotioni
665 1282 709 1312 non
728 1276 796 1312 restat

29 1330 98 1376 locus.
130 1330 233 1376 Predicat
245 1346 318 1375 coram
330 1346 386 1391 papa
397 1340 419 1375 et
431 1329 587 1376 Cardinalibus
597 1330 678 1392 spiritu
689 1342 796 1393 prompto

30 1404 53 1440 et
74 1394 171 1450 fervido,
187 1404 291 1440 eructans
310 1394 338 1439 de
357 1393 424 1455 pleno
446 1393 560 1456 quidquid
579 1395 669 1455 spiritus
688 1396 796 1458 suggerit.

31 1459 211 1503 Commoventur
228 1458 252 1502 in
269 1457 339 1501 verbo
361 1458 408 1502 eius
425 1467 514 1502 montes
530 1466 553 1502 et
571 1458 599 1502 de
616 1458 735 1518 profundis
751 1460 795 1505 vis-

30 1519 116 1567 ceribus
127 1521 170 1567 alta
183 1520 295 1567 trahentes
312 1520 412 1582 suspiria,
421 1519 523 1583 lacrymis
539 1520 668 1567 interiorem
682 1522 796 1568 hominem

30 1586 112 1633 lavant.

79 1650 233 1697 Predicatione
257 1649 319 1695 finita
341 1649 462 1711 paucisque
483 1648 585 1695 familiari
604 1650 722 1698 collatione
744 1668 796 1698 cum

31 1716 124 1761 domino
140 1732 196 1777 papa
212 1715 332 1776 premissis,
343 1714 433 1759 tandem
449 1715 480 1758 sic
496 1715 571 1775 ipsum
588 1716 685 1776 petendo
702 1716 797 1778 alloqui-

32 1788 69 1824 tur
80 1795 84 1823 :
103 1779 142 1824 Ad
153 1779 289 1823 maiestatem
300 1786 386 1823 tantam
396 1777 532 1838 pauperibus
543 1787 565 1822 et
576 1778 685 1839 despectis
702 1780 755 1825 viris
769 1780 797 1825 de

30 1841 98 1902 facili,
106 1842 202 1899 domine,
212 1853 238 1889 ut
249 1841 327 1900 nostis,
335 1859 381 1888 non
392 1841 459 1888 datur
470 1859 575 1889 accessus,
608 1842 694 1890 Orbem
705 1843 797 1908 quidem

31 1909 112 1954 tenetis
139 1908 163 1954 in
190 1907 298 1964 manibus
321 1923 361 1952 nec
382 1906 481 1953 minimis
503 1907 619 1954 intendere
637 1910 797 1973 pregrandium

32 1989 109 2019 rerum
120 1974 210 2035 negotia
221 1973 312 2017 sinunt:
330 1981 422 2032 propter
433 1972 503 2033 quod,
515 1972 554 2027 ait,
565 1989 577 2018 a
588 1983 661 2019 vestre
677 1975 798 2020 sanctitatis

33 2036 155 2082 visceribus
165 2035 256 2096 postulo
267 2035 328 2081 hunc
339 2035 458 2081 dominum
468 2035 603 2081 hostiensem
615 2052 656 2097 pro
672 2053 728 2099 papa
744 2042 842 2083 con-For.
850 2052 871 2078 21

33 2100 89 2159 cedi,
106 2110 133 2145 ut
147 2099 207 2145 salva
223 2115 310 2160 semper
326 2108 401 2145 vestre
417 2099 562 2160 preminentie
579 2099 696 2163 dignitate,
713 2102 800 2164 possint

33 2164 112 2211 fratres
123 2165 151 2211 ad
162 2180 222 2220 eum,
234 2174 335 2226 tempore
351 2164 492 2220 necessitatis,
502 2180 615 2210 recurrere
626 2176 649 2212 et
665 2165 692 2211 ab
709 2183 737 2213 eo
753 2177 800 2213 tam

33 2230 176 2288 defensionis,
188 2245 256 2292 quam
267 2228 437 2291 gubernationis
448 2228 554 2275 beneficia
564 2241 684 2292 reportare.

82 2294 170 2340 Placuit
181 2294 204 2339 in
215 2292 286 2338 oculis
296 2309 352 2354 pape
366 2302 413 2337 tam
430 2303 504 2338 sancta
521 2294 607 2355 petitio,
619 2312 716 2357 moxque
734 2313 800 2357 super

33 2360 171 2422 religionem,
184 2358 242 2405 sicut
253 2357 287 2403 vir
301 2357 337 2403 dei
353 2357 454 2418 petierat,
466 2359 585 2405 dominum
602 2360 729 2423 Hugonem
746 2371 801 2407 tunc

34 2424 182 2470 Hostiensem
200 2424 331 2484 episcopum
350 2422 435 2467 statuit.
481 2423 635 2484 Amplectitur
656 2435 746 2471 sanctus
765 2425 801 2470 ille

34 2487 150 2533 cardinalis
161 2503 253 2550 gregem
264 2485 305 2531 sibi
316 2486 470 2543 commissum,
481 2487 575 2548 eiusque
585 2487 677 2533 sedulus
694 2490 801 2534 nutritius

34 2551 113 2607 factus,
129 2562 205 2612 pastor
227 2561 249 2596 et
265 2551 383 2610 alumpnus
400 2566 472 2611 usque
491 2551 519 2596 ad
537 2551 626 2597 beatum
643 2552 728 2598 exitum
747 2553 799 2599 fuit.

34 2615 126 2677 Speciali
143 2615 276 2660 subiectioni
292 2612 432 2673 prerogativa
448 2614 574 2659 dilectionis
591 2625 614 2660 et
630 2631 682 2660 cure
699 2615 800 2671 debetur,

35 2695 102 2742 quam
113 2694 200 2741 semper
211 2687 285 2724 sancta
295 2692 387 2723 romana
398 2674 488 2723 ecclesia
497 2678 611 2724 minorum
620 2678 694 2725 ordini
702 2679 800 2726 exhiberi

35 2761 80 2792 non
91 2754 167 2792 cessat.

259 2830 359 2881 Explicit
375 2829 447 2880 prima
463 2831 573 2880 particula
