1919 3169
261 94 423 144 euoenon
439 93 599 144 caaooxn
782 108 812 158 79

49 194 163 241 civitatem
174 195 290 252 reatinam,
301 194 325 239 in
336 210 381 257 qua
392 191 528 239 infirmitatis
538 193 600 239 illius
610 194 721 240 emender
732 194 813 240 morari

49 260 98 305 vir⁵
132 259 293 321 peritissimus⁵
320 257 451 305 dicebatur.⁵
501 258 647 305 Perveniente
675 259 744 320 igitur
772 259 814 305 e0⁶

50 323 141 382 ibidem,
160 322 256 387 benigne
279 323 331 369 satis
352 332 374 368 et
396 322 518 368 honorifice
540 332 573 368 est
594 333 711 386 susceptus
732 340 745 370 a
766 333 815 370 tota

50 404 143 434 romana
161 388 223 435 curia
241 405 284 449 que
304 387 327 434 in
345 388 423 433 eadem
440 387 531 434 civitate
548 397 604 433 tunc
620 389 727 449 temporis
742 404 815 433 mora-

50 452 122 498 batur.
172 451 282 513 Precipue
314 460 390 496 tamen
422 465 434 494 a
466 449 560 496 domino
591 449 682 514 hugone
711 452 816 514 episcopo

51 516 164 564 hostiense
180 515 325 563 devotissime
344 524 462 576 susceptus
478 524 518 570 est,
536 515 576 578 qui
594 530 685 562 morum
700 515 816 563 honestate

51 598 75 628 ac
91 580 220 628 sanctitate⁷
231 581 279 629 vite
289 580 385 627 maxime
396 579 544 643 prefulgebat.
577 579 651 627 Hunc
667 597 721 627 vero
737 580 816 628 beatus

51 646 173 692 franciscus
189 655 275 707 patrem
292 654 315 690 et
334 644 452 691 dominum
471 644 584 707 elegerat8
603 660 669 707 super
688 645 815 692 universam

52 710 183 774 religionem
210 720 232 755 et
259 710 362 756 ordinem
384 709 480 755 fratrum
507 724 600 755 suorum
627 725 654 755 ex
680 725 771 757 assensu
794 720 817 758 et
876 736 878 741 ⁴

52 775 168 822 voluntate
179 774 267 819 domini
278 773 368 820 honorii
379 788 443 836 pape,
455 789 482 818 eo
493 774 555 836 quod
572 772 604 818 illi
620 772 683 820 beata
699 784 817 838 paupertas

52 839 150 886 multum
161 838 276 901 placebat⁹
286 849 309 885 et
325 849 400 885 sancta
416 837 544 900 simplicitas
554 838 577 883 in
589 839 685 885 maxima
695 840 818 886 reverentia

52 904 185 952 existebat.¹⁰
218 902 378 951 Conformabat
390 920 412 949 se
423 902 528 949 dominus
542 902 578 949 illc
590 902 692 951 moribus
702 905 800 951 fratrum
810 923 817 962 ;

53 979 75 1016 et
93 971 116 1015 in
128 968 238 1015 desiderio
250 969 373 1015 sanctitatis
383 984 435 1014 curn
447 968 585 1029 simplicibus
595 978 641 1014 erat
651 969 753 1031 simplex,
765 986 817 1016 cum

53 1033 175 1083 humilibus
192 1043 238 1079 erat
249 1032 347 1088 humilis,
358 1049 410 1078 cum
424 1031 559 1093 pauperibus
575 1042 621 1077 erat
638 1049 728 1093 pauper.
762 1034 818 1080 Erat

54 1097 121 1143 frater
145 1098 203 1143 inter
222 1096 309 1156 fratres,
331 1097 391 1142 inter
412 1096 509 1141 minores
517 1104 532 1121 ‘¹
554 1095 678 1154 minimus;
700 1107 722 1144 et
749 1098 818 1145 velud

54 1178 114 1209 unus
121 1169 136 1186 ¹²
147 1172 282 1220 ceterorum,
292 1162 316 1208 in
331 1171 443 1223 quantum
453 1160 541 1207 licitum
552 1170 606 1219 erat,
617 1161 641 1207 in
654 1162 701 1209 vita
716 1171 739 1208 et
749 1162 819 1209 mori-

54 1227 96 1274 bus
117 1243 193 1290 gerere
214 1243 238 1273 se
255 1224 365 1274 studebat.
399 1224 512 1273 Sollicitus
529 1236 576 1273 erat
596 1224 679 1289 ubique
695 1238 794 1275 sanctam
803 1236 819 1261 ¹³

54 1293 186 1355 religionem
208 1292 307 1354 plantare
331 1301 354 1337 et
381 1292 405 1337 in
432 1291 524 1337 remotis
550 1290 650 1353 partibus
677 1292 734 1339 clara
760 1292 819 1339 fama

55 1357 152 1402 clarioris
169 1356 215 1402 vite
232 1357 300 1416 ipsius
316 1356 419 1401 ordinem
434 1355 558 1415 plurimum
571 1354 716 1416 ampliabat.¹⁴
748 1357 819 1403 Dedit

54 1421 88 1466 illi
104 1420 210 1466 dominus
225 1417 328 1482 linguam
344 1418 463 1474 eruditam,
474 1418 497 1463 in
514 1435 558 1481 qua
574 1418 727 1466 confundebat
742 1421 819 1467 adver-

55 1487 124 1532 sarios
141 1482 249 1539 veritatis,
265 1483 379 1530 refellebat
388 1491 403 1515 ¹5
420 1483 523 1529 inimicos
542 1483 614 1530 erucis
632 1484 717 1543 christi,
733 1486 757 1531 in
776 1503 820 1549 qua

55 1549 175 1596 reducebat
191 1559 290 1594 errantes
307 1548 334 1593 ad
353 1547 420 1605 viam,
432 1547 455 1592 in
468 1563 512 1609 qua
525 1547 638 1594 discordes
653 1549 781 1610 pacificabat
798 1562 820 1597 et

56 1614 177 1660 concordes
188 1612 277 1659 fortiori
288 1612 402 1658 charitatis
413 1611 505 1657 vinculo
516 1611 658 1676 colligabat.¹6

105 1679 161 1725 Erat
176 1678 199 1723 in
212 1677 300 1724 ecclesia
313 1677 349 1722 dei
365 1677 457 1722 lucerna
472 1677 553 1721 ardens
572 1687 594 1723 et
609 1676 685 1723 lucens
700 1688 723 1724 et
739 1679 821 1741 sagitta

56 1742 146 1789 electa¹⁷
168 1751 244 1805 parata
265 1741 289 1786 in
309 1750 413 1803 tempore
434 1750 572 1802 opportuno.
604 1742 627 1787 O
649 1743 758 1804 quotiens,
782 1744 820 1790 de-

57 1808 135 1870 positis
151 1806 255 1869 pretiosis
272 1804 380 1863 vestibus,
390 1805 474 1852 vilibus
490 1806 593 1864 indutus,
606 1806 741 1853 discalceatis
758 1808 820 1869 pedi-

57 1874 106 1929 bus,
125 1871 189 1935 quasi
208 1887 267 1916 unus
286 1886 298 1913 e
315 1868 422 1914 fratribus
441 1870 545 1914 incedens
563 1870 657 1931 rogabat
676 1887 709 1930 ea,
728 1888 773 1934 que
792 1874 819 1918 ad

57 1951 133 2000 pacem
160 1936 225 1982 sunt!
267 1933 321 1979 Hoc
347 1933 406 1980 inter
427 1933 503 1980 virum
524 1943 547 1980 et
573 1934 702 1997 proximum
729 1937 821 1994 suum,¹8

58 2002 163 2064 quotiens
181 2000 306 2063 oportebat,
320 1999 363 2045 hoc
382 2000 440 2046 inter
457 1999 525 2046 deum
542 2009 564 2045 et
580 2000 695 2047 hominem
711 2017 799 2063 semper
806 2011 821 2036 ¹⁹

57 2067 150 2112 sollicite
168 2064 265 2112 faciebat.
299 2064 430 2125 Propterea,
446 2065 513 2126 paulo
530 2074 589 2125 post,
600 2064 667 2127 elegit
686 2082 738 2112 eum
757 2068 821 2114 Deus

58 2142 170 2191 pastorem
181 2129 204 2174 in
215 2129 319 2175 universa
329 2127 420 2173 ecclesia
436 2144 476 2174 sua
489 2138 581 2185 sancta;
597 2138 620 2174 et
631 2128 736 2177 exaltavit
747 2132 821 2192 capud

58 2195 106 2242 eius
113 2202 129 2221 ²⁰
139 2195 163 2240 in
173 2192 277 2240 tribubus
288 2191 425 2254 populorum
436 2206 442 2247 ;
459 2192 521 2254 quod
538 2201 564 2238 ut
577 2192 697 2254 inspiratus
712 2194 822 2242 divinitus

58 2269 81 2305 et
98 2258 175 2306 christi
194 2258 240 2304 iesu
256 2257 373 2305 voluntate
390 2267 507 2319 operatum
524 2273 570 2302 esse
586 2258 676 2316 sciatur,
688 2258 755 2322 longe
771 2272 821 2307 ante

58 2324 136 2371 beatus
152 2333 214 2387 pater
230 2322 351 2370 franciscus
362 2322 405 2369 hoc
415 2321 511 2371 verbum
518 2329 533 2347 ²¹
545 2323 642 2385 predixit
659 2333 681 2371 et
696 2341 762 2388 opere
773 2342 822 2388 pre-

59 2390 180 2451 signavit.²²

107 2454 167 2501 Nam
179 2468 231 2500 cum
242 2450 323 2513 religio
334 2459 356 2497 et
367 2449 425 2496 ordo
435 2449 539 2506 fratrum,
551 2449 628 2497 divina
638 2452 709 2515 gratia
719 2451 823 2513 faciente,

85 2584 93 2607 t
102 2580 141 2615 Ox.
150 2577 193 2613 adds
203 2589 259 2613 causa.
310 2577 318 2602 ⁵
327 2574 355 2611 H.
364 2584 383 2610 ut
392 2576 506 2624 premissimus
515 2575 614 2613 ducebatur.
662 2575 670 2599 ⁶
680 2578 712 2615 Os.
721 2580 779 2616 omits.

85 2633 93 2657 ⁷
103 2631 140 2667 Ox.
150 2629 185 2665 and
194 2627 222 2666 H.
231 2628 343 2664 sanctissime.
420 2625 428 2648 ⁸
438 2628 470 2664 Os.
480 2626 561 2674 elegeret.
639 2631 647 2655 ⁹
656 2630 694 2666 ΟΧ.
704 2627 786 2679 placeret.

47 2700 48 2703 ¹
87 2685 101 2703 ¹⁰
111 2681 139 2719 H.
149 2692 223 2717 coeossa
237 2691 340 2717 somnians.
393 2680 407 2699 ¹¹
418 2679 441 2715 L.
452 2677 495 2715 adds
504 2688 546 2717 erat.
599 2682 614 2701 ¹²
623 2680 656 2717 Os.
667 2682 724 2718 omits.

87 2736 101 2760 ¹3
111 2734 136 2771 L.
145 2745 217 2768 sacram.
346 2733 360 2758 14
369 2728 401 2766 W.
410 2729 504 2778 ampliavit.
632 2733 647 2759 15
655 2728 679 2768 L'.
688 2732 786 2782 repellebat.

87 2782 102 2806 1⁶
112 2784 136 2821 L.
145 2784 180 2820 and
189 2785 227 2820 Ox.
237 2781 336 2829 colligebat.
414 2784 429 2809 ¹⁷
439 2782 471 2817 Os.
481 2782 538 2817 omits.
616 2781 631 2804 1⁸
640 2784 678 2820 Ox.
688 2785 739 2820 omits

87 2839 102 2862 ¹⁹
112 2836 136 2874 L.
146 2838 203 2872 omits.
240 2838 256 2855 ²⁰
266 2836 303 2871 Ox.
314 2836 370 2870 omits.
403 2836 417 2853 2¹
428 2832 495 2870 Hand
505 2833 536 2870 W.
547 2834 609 2872 verbis.
646 2836 810 2887 ²²Os.resignavit.
