1919 3169
268 72 426 118 LEGENDA
442 71 597 132 Anrroun
799 86 812 131 9

48 166 155 214 confectis
166 185 212 215 non
223 168 315 216 fuerunt
325 170 431 232 apposita,
444 169 551 232 quoniam
562 169 590 215 ad
603 168 701 215 auctoris
710 169 813 215 notitiam

48 233 141 277 minime
160 245 317 295 pervenerunt.
350 234 439 278 Dehinc
457 251 511 279 vero
530 234 654 295 exprimere
676 234 814 279 intendimus

48 305 70 340 et
86 297 187 358 vigilanti
205 299 280 344 studio
296 297 412 355 declarare,
431 314 475 360 que
494 298 624 343 sanctissimi
641 298 708 358 patris
725 307 770 342 tam
790 297 812 341 in

48 377 78 419 se,
101 378 168 425 quam
190 363 213 408 in
237 364 290 421 suis,
318 362 386 408 fuerit
407 364 512 410 voluntas
539 363 604 420 bona,
627 361 770 424 beneplacens
791 372 813 407 et

48 425 146 485 perfecta
167 428 190 471 in
212 429 274 472 omni
301 428 406 473 exercitio
427 428 543 489 discipline
569 428 654 472 celestis
676 438 698 471 et
725 444 813 472 summe

48 489 191 549 perfectionis
214 493 297 548 studio,
315 493 378 552 quod
401 508 489 552 semper
511 492 589 536 habuit
611 493 669 551 apud
692 492 769 536 Deum
790 492 813 535 in

48 554 113 599 sacris
130 554 245 600 affectibus
263 566 285 600 et
307 555 368 617 apud
388 556 492 600 homines
509 556 533 600 in
551 555 665 617 exemplis.
700 555 813 600 Miracula

49 618 143 680 quedam
156 621 329 677 interseruntur,
342 631 411 682 prout
422 637 444 665 se
456 620 555 681 ponendi
567 620 724 682 opportunitas
739 620 812 665 offert.

51 682 112 729 Exili
140 685 234 746 proinde
261 685 338 731 studio
365 696 387 730 et
415 686 522 731 mediocri
550 702 594 748 que
622 695 742 730 occurrunt
775 685 814 730 de-

48 748 173 806 scribimus,
196 750 309 810 cupientes
332 750 468 796 tardioribus
491 767 577 796 morem
605 767 681 811 gerere
703 760 725 794 et
747 751 814 795 etiam

48 812 155 859 studiosis
167 812 260 874 placere,
272 815 290 859 si
302 831 431 875 possumus.

97 878 814 943 Ommasergo,benignissimepater‚utlaborishuiusnoncon-

49 943 169 989 temnenda
178 946 365 1006 munuscula‚que
373 961 418 989 non
428 961 500 1006 pauco
507 944 582 990 labore
591 944 736 1006 quesivimus
741 954 815 989 vestra

49 1007 204 1052 benedictione
216 1025 342 1054 consecrare
354 1009 434 1063 velitis,
445 1009 579 1069 corrigendo
588 1019 659 1053 errata
671 1018 693 1053 et
704 1009 815 1068 superflua

49 1082 181 1129 resecantes,
204 1082 230 1117 ut
257 1090 289 1130 ea,
312 1089 357 1135 que
379 1073 434 1117 bene
457 1073 516 1118 dicta
537 1082 618 1117 vestroi
642 1072 725 1117 iudicio
747 1071 876 1130 doctoFol.9

49 1135 179 1197 probantur,
203 1153 254 1183 cum
276 1138 368 1183 nomine
395 1148 471 1183 vestro
493 1153 545 1183 vere
568 1137 696 1183 Crescentio
718 1147 817 1182 crescant

50 1201 133 1263 ubique
149 1213 172 1247 et
188 1203 365 1264 multiplicentur
381 1205 404 1248 in
422 1203 521 1249 Christo.
555 1204 637 1248 Amen.

326 1300 428 1350 Explicit
441 1299 551 1350 prologus

89 1460 171 1511 Incipit
184 1462 314 1503 memoriale
325 1463 348 1503 in
362 1461 476 1503 desiderio
489 1461 564 1504 anime
577 1461 605 1502 de
618 1461 692 1512 gestis
706 1464 728 1503 et
741 1461 816 1502 verbis

50 1513 189 1555 sanctissimi
202 1515 274 1565 patris
288 1515 360 1556 nostri
375 1514 484 1555 francisci.

299 1614 333 1655 De
346 1614 500 1656 Conuersione
515 1614 572 1654 Eius

96 1679 257 1768 Eranciscus
281 1728 366 1768 servus,
388 1723 411 1758 et
435 1714 519 1759 amicus
542 1713 662 1768 Altissimi,
685 1714 720 1758 cui
742 1714 852 1768 divinam]

51 1776 191 1840 providentia
202 1777 244 1822 hoc
256 1776 392 1824 vocabulum
403 1776 495 1833 indidit,
505 1787 531 1823 ut
539 1794 567 1822 ex
578 1776 683 1840 singulari
694 1788 717 1823 et
728 1777 817 1824 insueto

51 1843 141 1888 nomine
157 1844 235 1904 opinio
252 1844 370 1888 ministerii
384 1844 430 1888 eius
442 1845 484 1888 toti
495 1847 645 1888 innotesceret
657 1844 713 1899 orbi,
725 1854 817 1889 amatre

50 1908 142 1968 propria
160 1909 253 1953 loannes
271 1918 364 1953 vocatus
381 1907 433 1963 fuit,
452 1925 503 1953 cum
521 1910 548 1954 de
566 1908 613 1953 filio
631 1909 669 1964 ire,
681 1925 708 1953 ex
724 1925 780 1970 aqua
796 1920 819 1954 et

52 1972 136 2032 Spiritu
147 1982 225 2016 sancto
233 1988 354 2026 renascens,
365 1972 436 2034 gratie
445 1972 503 2016 filius
512 1982 545 2016 est
554 1971 650 2017 effectus.
679 1972 730 2032 Qua
738 1972 818 2017 mulier

51 2036 121 2080 totius
138 2037 260 2081 honestatis
277 2037 347 2080 amica
361 2037 476 2097 quoddam
486 2037 578 2082 virtutis
590 2037 677 2097 insigne
694 2036 818 2097 preferebat

50 2100 75 2146 in
91 2099 199 2156 moribus,
211 2110 287 2145 sancte
303 2099 362 2145 illius
379 2100 494 2146 Elisabeth
510 2111 556 2146 tam
568 2101 710 2162 impositione
721 2102 818 2147 nominis

52 2166 80 2211 ad
99 2165 178 2222 filium,
198 2182 266 2228 quam
285 2175 308 2211 et
327 2165 409 2226 spiritu
428 2165 553 2227 prophetali
572 2166 646 2228 aliquo
665 2166 818 2213 similitudinis

52 2230 171 2292 privilegio
193 2230 299 2292 gaudens.
343 2230 403 2276 Nam
429 2231 541 2276 Francisci
566 2231 770 2293 magnanimitatem
796 2243 819 2277 et

53 2311 142 2341 morum
164 2305 304 2341 venustatem
325 2295 488 2341 admirantibus
509 2295 639 2351 convicinis,
659 2296 722 2358 quasi
741 2296 819 2343 divino

52 2359 161 2404 instructa
177 2360 267 2404 oraculo
283 2360 313 2404 sic
330 2358 417 2404 aiebat:
446 2360 508 2419 Quid
525 2360 608 2420 putatis
625 2361 664 2405 iste
681 2360 740 2405 filius
756 2376 819 2406 meus

53 2423 111 2470 erit?
164 2424 302 2470 Meritorum
330 2422 401 2486 gratia
429 2424 474 2470 Dei
505 2423 577 2470 filium
606 2424 681 2486 ipsum
711 2425 819 2472 noveritis

53 2488 183 2535 affuturum.

102 2554 155 2598 Hec
171 2572 247 2599 revera
258 2571 304 2598 non
316 2552 431 2598 nullorum
445 2565 492 2598 erat
509 2555 593 2614 opinio,
606 2553 687 2614 quibus
703 2555 820 2616 grandius-

54 2618 117 2662 culus
127 2617 199 2663 factus
207 2618 287 2663 studiis
296 2617 360 2662 valde
368 2616 432 2662 bonis
441 2618 540 2677 placebat
548 2617 675 2663 franciscus¹
699 2618 820 2679 Relegabat

53 2698 140 2743 semper
156 2700 169 2728 a
184 2700 207 2727 se
224 2699 297 2739 omne,
309 2680 372 2744 quod
388 2682 449 2744 apud
462 2681 559 2746 aliquem
576 2692 665 2727 sonaret
676 2682 781 2728 iniuriam
798 2693 820 2729 et

53 2747 144 2793 urbanis
160 2748 288 2793 adolescens
304 2746 411 2804 moribus,
424 2748 528 2792 omnibus
542 2747 660 2793 videbatur
672 2764 717 2792 non
727 2748 820 2793 illorum

53 2822 179 2873 parentum,
199 2813 237 2876 qui
260 2813 375 2858 dicebatur
397 2812 444 2857 eius
462 2813 571 2874 prosapia,
593 2812 688 2874 genitus,
727 2813 820 2871 Joannis
