1919 3169
364 56 471 103 INDEX

128 168 255 221 Descriptio
261 167 485 222 generalrsmrnrstrr
500 169 738 208 Subhocritslodescribitur

306 221 361 271 qualis
378 221 462 268 generalis
481 223 558 259 ministro
576 223 628 259 debet
650 237 698 268 esse3
722 232 739 259 et

307 272 403 308 sotiuseius

39 321 164 359 Pissosssso
180 324 196 372 J.
282 322 312 360 De
322 322 455 372 provincialibus
464 325 563 361 mrmstrrs.
618 352 622 361 .
676 352 680 361 .
735 353 738 361 .

103 403 115 420 ,,
181 375 207 425 IJ.
283 374 332 424 Quid
342 384 408 413 sanctus
417 375 531 424 interrogatus
540 389 550 413 a
559 376 634 426 quodam
646 376 668 413 de
679 377 739 414 minis-

308 428 338 465 tris
347 429 435 477 respondit

131 480 164 522 De
173 485 255 523 saneta
263 481 417 532 simplicitate.
446 479 482 517 Sub
491 482 525 518 hoc
536 480 586 520 titulo
596 482 697 520 describitur
707 495 740 532 que

308 535 329 568 sit
338 546 378 567 vera
387 532 484 580 simplicitas
501 558 738 569 .....

180 584 196 632 J.
280 582 311 619 De
320 583 353 619 fra
347 592 372 620 re
381 581 447 619 Joanne
456 582 564 632 srmplrce.
618 610 622 619 .
676 610 680 619 .

105 661 117 678 ‚‚
183 635 210 685 IJ.
282 634 313 671 De
328 636 398 679 unitate,
408 648 459 685 quam
474 645 541 672 sanctus
556 635 642 672 fovebat
637 650 655 672 111
664 634 709 681 liliis,
719 636 740 672 de

308 701 342 738 qua
351 688 381 724 sub
390 688 465 737 quodam
474 689 549 736 enigmat
551 702 560 724 e
543 687 636 725 tlocutus
646 698 739 724 est..

105 765 117 782 ‚‚
183 739 219 788 HJ.
284 739 363 786 Qualiter
373 750 440 776 sancus
449 740 486 776 radi
494 739 562 777 voleba
620 768 624 776 .
677 767 681 776 .
736 767 740 775 .

105 817 117 834 ‚,
183 790 232 840 IHJ.
283 790 314 828 De
323 793 389 840 magnis
398 791 465 828 clericis
472 793 573 829 intrantibus
582 792 660 829 ordinem
669 791 741 842 qualiter

308 843 377 879 VOlebat
385 856 415 878 eos
423 845 530 892 eXPI'OPI'larl
562 871 566 878 .
620 870 624 877 ·
678 870 682 878 .
737 870 740 878 .

105 920 117 936 ‚.
183 893 207 931 V.
283 893 362 941 Qualiter
369 894 474 933 volebateos
481 895 582 940 addiscerc;
596 904 613 932 et
620 894 692 943 qualiter
698 896 742 931 sotio

309 945 404 995 predicanti
412 947 488 996 apparuit
502 974 740 983 .....

133 998 167 1040 De
178 997 336 1054 devotionibus
348 998 484 1050 specialibus
498 999 578 1042 sancti.
600 998 637 1036 Sub
648 1000 682 1037 boc
692 997 742 1037 titulo

310 1053 406 1088 continetur
435 1052 506 1101 qualiter
536 1052 641 1089 afficiebatur
672 1052 741 1089 audiens

310 1115 386 1141 amorem
395 1103 424 1141 dei
446 1129 740 1141 ......

184 1155 200 1202 J.
284 1152 315 1191 De
324 1155 417 1191 devotione
426 1154 448 1190 ad
457 1153 526 1202 angelos
535 1164 553 1191 et
562 1156 604 1203 quid
617 1164 675 1192 amore
688 1156 743 1191 sancti

312 1206 405 1243 Michaelis
414 1206 487 1243 faciebat
503 1233 741 1243 .....

114 1286 119 1302 ,
186 1257 212 1308 IJ.
283 1256 314 1295 De
323 1257 414 1295 devotione
423 1258 445 1295 ad
454 1257 542 1295 dominam
550 1259 668 1301 nostram,cui
677 1259 743 1307 specia-

311 1309 350 1346 liter
360 1311 446 1347 commisit
455 1310 567 1347 ordinem.
622 1338 626 1346 .
680 1338 684 1347 .
738 1338 742 1346 .

186 1361 224 1412 IIJ.
284 1361 315 1398 De
330 1362 422 1400 devotione
438 1362 460 1398 ad
475 1362 580 1400 nativitatem
596 1362 661 1408 christi,
677 1363 695 1399 in
711 1376 743 1411 qua

312 1413 381 1449 volebat
390 1414 489 1462 pauperibus
496 1423 514 1449 et
523 1416 575 1450 etiam
584 1415 682 1450 animalibus
691 1417 744 1450 multa

312 1464 379 1513 preberi

187 1516 236 1566 IHJ.
287 1515 318 1552 De
327 1516 419 1553 devotione
428 1530 468 1564 erga
478 1530 539 1565 corpus
549 1516 608 1552 christi
622 1543 626 1552 .

187 1568 210 1605 V.
287 1567 318 1606 De
326 1569 419 1607 devotione
427 1569 450 1606 ad
459 1568 538 1619 reliquias
548 1579 644 1607 sanctorum
680 1599 683 1607 .

117 1649 122 1665 ‚
187 1620 222 1670 VJ.
287 1620 319 1658 De
341 1621 433 1659 devotione
451 1621 473 1658 ad
491 1635 571 1666 crucem,
595 1622 651 1658 etde
669 1622 744 1671 quodam

314 1674 383 1710 occulto
396 1683 503 1710 sacramento
562 1699 566 1708 .

137 1726 171 1766 De
184 1726 322 1776 pauperibus
336 1725 478 1767 dominabus.
504 1724 540 1763 Sub
558 1726 591 1763 hoc
609 1700 659 1763 titulo
677 1727 744 1774 ponitur

316 1776 369 1825 qualit
370 1789 388 1813 er
397 1785 444 1812 sanct
445 1790 464 1811 us
473 1778 497 1812 eis
506 1778 583 1824 promisit
597 1787 696 1825 perpetuum
705 1788 746 1812 aux-

315 1827 376 1872 ilium3
393 1837 410 1863 et
428 1826 521 1888 qualiter'
517 1841 553 1877 ipse
568 1827 636 1864 volebat
650 1828 746 1864 conversari

313 1879 374 1917 fratres
384 1893 422 1917 cum
432 1881 456 1916 eis

289 1932 396 1981 Exemplum
406 1933 428 1969 de
437 1932 503 1969 duobus
511 1932 629 1969 fratribus.
683 1959 687 1968 .
741 1960 745 1968 .

288 1983 319 2021 De
332 1985 455 2032 predicatione,
465 1997 517 2034 quam
530 1985 584 2031 magis
597 1983 685 2033 exemplo,
695 1997 746 2033 quarn

316 2037 369 2073 uerbo
375 2036 400 2072 eis
409 2036 450 2072 fecit

139 2090 173 2130 De
182 2087 379 2147 commendatione
388 2088 467 2138 regule
480 2087 580 2128 fratrum.
604 2086 641 2123 Sub
654 2088 687 2123 hoc
697 2086 747 2123 titulo

315 2139 382 2190 ponitur
391 2138 490 2188 exemplum
500 2139 556 2176 fratris
565 2153 595 2189 qur
590 2138 635 2175 'fuit
644 2148 708 2189 martyr
740 2167 745 2174 .

290 2191 345 2228 De'
330 2193 401 2236 ursione,
411 2206 462 2242 quam
471 2193 493 2229 de
502 2191 559 2252 regula
569 2200 636 2229 sanctus
645 2192 689 2229 vidit

113 2222 173 2287 „De
180 2244 349 2286 infirmitatibus
356 2245 436 2285 sancti.
457 2243 493 2281 Sub
498 2244 589 2281 hoctrtulo
595 2255 663 2293 ponitur
668 2245 748 2292 patientia

316 2304 334 2330 et
342 2296 452 2343 profectus'
438 2308 479 2340 erus,
490 2295 579 2331 consilium
589 2296 677 2331 cuiusdam
686 2295 748 2339 fratris,

317 2345 390 2383 exultat
378 2356 402 2383 tro
411 2348 465 2383 sancti
511 2371 747 2383 .....

115 2429 127 2446 „
192 2401 208 2451 J.
293 2397 372 2447 Qualiter
381 2410 411 2458 per
420 2397 527 2436 infirmitates
534 2407 614 2449 purgatus
622 2397 665 2444 fuir;
680 2407 697 2435 et
706 2410 748 2449 qua·

318 2451 337 2486 lit
331 2460 356 2487 ter
370 2453 385 2486 ei
399 2451 485 2496 dominus,
494 2463 564 2511 propter
577 2452 656 2488 meritum
668 2452 749 2500 patientie

318 2504 534 2552 regnumsuumprornisit
569 2531 573 2538 .
628 2531 632 2538 .

141 2559 175 2599 De
184 2558 247 2598 obitu
256 2560 322 2598 sanct
323 2556 330 2596 l
340 2555 416 2605 patris.
437 2555 473 2592 Sub
481 2557 516 2592 hoc
523 2555 573 2593 titulo
580 2556 627 2605 ponit
629 2569 647 2592 ur
654 2556 749 2604 quodt
708 2531 749 2592 fecii

319 2608 364 2644 circa
379 2617 458 2643 morem
489 2606 519 2644 De
536 2608 656 2644 benedictione
672 2606 750 2650 fratrum,

319 2657 407 2709 quomodo
421 2658 497 2695 comedit
512 2672 550 2695 cunr
565 2660 589 2695 eis
631 2688 635 2695 .

86 2750 88 2752 ,
117 2741 129 2758 ,,
194 2714 211 2763 J.
295 2710 345 2749 Visio
354 2710 411 2748 fratris
421 2710 516 2759 Augustini
572 2739 575 2747 .
629 2739 633 2748 .
688 2738 691 2747 .

116 2793 129 2810 „
195 2766 221 2814 IJ.
295 2763 345 2800 Visio
354 2763 422 2800 alterius
431 2764 517 2800 fratris.
572 2793 575 2799 .
629 2790 633 2799 .
683 2778 691 2799 ⁸.
746 2791 750 2798 .

75 2845 77 2849 .
117 2844 129 2862 ‚,
195 2817 233 2866 HJ.
293 2815 342 2853 Visio
352 2816 428 2865 episcopi
437 2816 539 2851 Assisinatis
572 2843 576 2850 .

143 2869 221 2911 Oratio
230 2869 343 2910 sociorum
353 2868 426 2910 sancti
435 2867 464 2908 ad
474 2867 579 2908 eumdem
631 2895 634 2905 .
689 2896 692 2904 .

788 72 801 120 7

764 146 803 165 PAGE

810 169 849 212 [1111]

738 1597 742 1604 .
773 1580 808 1606 100

773 1684 805 1710 ror

815 1729 855 1771 [Eu]

817 2090 855 2132 [FF]

775 2150 809 2188 03

742 2219 745 2228 .
775 2203 811 2240 104

819 2252 864 2295 [oc]

778 2358 812 2394 104

743 2513 812 2552 .105

820 2565 868 2607 [1111]

747 2688 750 2695 ,
780 2658 814 2694 rob

746 2738 749 2746 .
780 2710 814 2747 108

781 2773 815 2811 109

689 2843 692 2850 .
747 2843 750 2849 .
781 2825 815 2863 109

748 2894 751 2903 .
782 2871 853 2914 109JH]
