1919 3169
111 101 139 161 56
327 103 487 150 LEGENDA
506 104 659 165 ANTIQUA

110 196 151 244 bus
173 198 280 246 membris
301 200 368 247 etiam
389 202 503 263 loquelam
525 203 618 251 amittit.
662 201 741 248 Subito
763 201 878 248 voluntate

110 261 197 310 domini
211 279 251 326 per
262 264 309 312 vim
320 264 380 312 foras
391 266 527 329 propellitur
543 277 565 315 et
578 267 710 330 retrogrado
727 266 783 329 pede
799 265 879 329 procul

110 327 235 375 abducitur.
275 331 357 388 Credo,
376 331 413 377 vel
432 333 479 394 ipse
500 333 606 397 indignus
627 343 674 379 erat
695 349 800 378 arcanum
821 331 879 377 illud

111 393 225 454 inspicere,
237 394 273 439 vel
283 395 320 440 ille
331 396 419 457 dignus,
432 398 493 459 quod
504 408 607 443 tenuerat
623 397 673 458 plus
683 407 765 443 tenere.
800 397 880 457 Stupe-

112 455 184 502 factus
202 457 324 519 episcopus,
335 459 395 505 redit
417 462 445 506 ad
466 461 546 507 fratres
567 472 589 507 et
608 462 682 523 primo
700 459 770 507 verbo
791 459 879 520 culpam

112 520 233 579 confessus,
251 521 362 585 loquelam
379 536 501 587 recuperat.

47 649 108 691 [ΝΠ
158 616 249 711 ῌΗο
274 661 377 714 tempore
404 654 507 716 contigit,
529 653 630 701 abbatem
653 653 785 716 Monasterij
810 652 880 698 sancti

111 716 201 773 Justini,
214 716 241 761 de
252 717 381 777 episcopatu
394 719 489 776 Perusii‚
500 719 591 765 obviare
602 729 677 764 sancto
688 718 828 774 Francischo,
841 718 880 779 qui

111 778 140 823 de
150 795 208 843 equo
220 778 318 824 celeriter
329 781 472 838 descendens,
485 799 554 844 pauca
564 784 592 829 de
603 782 674 828 salute
685 783 758 827 anime
772 799 811 827 sue
827 797 880 826 con-

112 844 165 888 tulit
179 859 231 889 cum
247 845 335 901 eodem,
346 847 438 894 tandem
456 846 575 894 abscedens
591 848 649 894 orari
666 862 708 910 pro
725 862 748 892 se
766 846 880 892 humiliter

112 908 191 969 petiit;
213 908 248 955 cui
269 911 386 971 respondit
404 921 493 958 sanctus
511 913 667 958 Francischus:
688 911 772 967 Orabo,
782 911 880 966 domine,

112 971 213 1020 libenter.
247 973 331 1020 Parum
349 975 425 1038 itaque
443 977 570 1022 discedente
587 976 665 1022 abbate
684 993 696 1022 a
715 985 791 1021 sancto
811 976 881 1020 Fran-

114 1036 195 1094 cischo,
204 1038 260 1085 dixit
271 1049 360 1085 sanctus
371 1042 399 1087 ad
410 1042 505 1087 sotium:
523 1042 631 1103 Expecta,
642 1041 718 1097 frater,
730 1057 816 1103 parum,
829 1041 881 1103 quia

114 1100 218 1147 debitum
228 1102 282 1147 volo
292 1104 384 1155 solvere,
398 1105 459 1167 quod
470 1105 571 1166 promisi.
604 1107 660 1151 Mos
671 1105 730 1150 enim
741 1106 783 1151 iste
794 1121 881 1166 semper

114 1164 197 1222 fuitei,
209 1175 234 1212 ut
246 1166 370 1215 orationem
381 1169 509 1231 postulatus
520 1186 565 1215 non
580 1180 631 1231 post
647 1180 739 1232 tergum
755 1168 880 1232 proficeret,

114 1231 152 1274 sed
175 1231 219 1275 cito
241 1231 371 1278 huiusmodi
393 1235 528 1294 promissum
551 1235 662 1295 impleret.
705 1235 785 1278 Sancto
807 1234 881 1294 itaque

114 1293 252 1355 supplicante
263 1296 291 1341 ad
302 1296 376 1352 deum,
390 1298 464 1343 subito
479 1297 545 1343 abbas
561 1298 599 1343 ille
614 1298 732 1343 insolitum
748 1297 843 1343 calorem
859 1306 882 1341 et

114 1358 261 1415 dulcedinem,
270 1359 377 1408 hactenus
393 1363 538 1425 inexpertam,
550 1363 618 1409 sentit
633 1363 657 1408 in
674 1363 761 1425 spiritu,
773 1362 804 1408 ita
820 1361 882 1424 quod

114 1424 137 1468 in
149 1440 240 1469 excessu
251 1426 333 1471 mentis
344 1426 416 1473 factus
426 1438 490 1474 totus
500 1445 513 1473 a
523 1444 546 1473 se
556 1428 649 1473 deficere
665 1428 727 1474 visus
743 1428 792 1474 fuit.
826 1427 882 1471 Par-

114 1488 167 1534 vula
183 1489 271 1534 morula
287 1490 388 1536 substitit
407 1502 430 1536 et
446 1493 469 1537 in
490 1509 513 1536 se
530 1509 632 1537 reversus
649 1493 758 1537 virtutem
776 1491 883 1536 orationis

113 1552 183 1596 saneti
201 1553 313 1598 Francisci
330 1556 446 1615 cognovit.
488 1556 573 1600 Maiori
591 1556 685 1617 proinde
705 1556 762 1600 circa
780 1555 882 1600 ordinem

114 1632 201 1677 semper
225 1633 301 1663 amore
326 1618 434 1681 flagravit,
458 1619 580 1682 multisque
601 1619 687 1666 factum
710 1635 752 1680 pro
775 1618 882 1665 miraculo

114 1680 197 1728 retulit.
232 1682 298 1727 Talia
309 1682 371 1729 decet
382 1700 458 1730 servos
469 1684 506 1730 dei
521 1685 544 1729 in
560 1684 657 1731 invicem
674 1683 774 1729 conferre
790 1700 884 1729 munus-

115 1745 175 1800 cula;
195 1746 245 1791 talis
267 1747 325 1793 inter
346 1765 384 1794 eos
403 1749 509 1795 convenit
528 1750 575 1795 dati
597 1759 619 1795 et
640 1749 723 1809 accepti
745 1749 883 1794 communio.

114 1810 207 1853 Sanctus
229 1825 292 1854 amor
314 1811 358 1868 ille,
378 1813 416 1874 qui
439 1813 554 1857 interdum
576 1813 658 1857 dicitur
680 1812 786 1873 specialis,
805 1812 883 1857 fructu

115 1873 221 1919 orationis
240 1885 359 1922 contentus
376 1887 421 1932 est;
444 1888 532 1922 terrena
548 1877 681 1923 munuscula
698 1876 792 1922 charitas
809 1878 883 1939 parvi-

114 1938 199 2000 pendit.
236 1939 317 1987 luvare
338 1951 361 1987 et
382 1941 454 1989 iuvari
475 1942 498 1988 in
520 1941 579 1988 bello
596 1941 712 2004 spirituali,
729 1942 884 1988 commendare

115 2013 138 2048 et
159 2005 311 2050 commendari
333 2015 384 2050 ante
405 2006 504 2051 tribunal
527 2007 619 2063 Christi,
637 2007 707 2051 sancti
732 2007 813 2051 amoris
837 2023 884 2051 esse

116 2068 234 2129 proprium
253 2069 326 2116 credo.
360 2070 403 2115 Sed
422 2087 539 2134 quousque
557 2087 609 2116 eum
628 2087 702 2116 censes
719 2071 742 2116 in
760 2071 883 2116 orationem

116 2133 270 2189 conscendere,
283 2134 322 2195 qui
333 2134 366 2180 sie
377 2134 445 2180 alium
456 2136 533 2196 potuit
544 2136 589 2180 suis
599 2135 684 2180 meritis
695 2135 797 2182 elevare?

272 2275 306 2318 De
319 2275 436 2319 intellectu
449 2277 523 2319 sancti
537 2278 560 2319 in
573 2277 645 2319 sacris
658 2277 739 2319 litteris

81 2390 115 2433 [Μ]
167 2364 294 2452 Quamvis
305 2388 375 2434 homo
388 2388 430 2434 iste
441 2389 519 2436 beatus
531 2389 597 2435 nullis
613 2389 682 2435 fuerit
698 2389 788 2435 scientie
804 2390 886 2436 studiis

119 2453 251 2509 innutritus
274 2463 349 2498 tamen
376 2470 419 2515 que
444 2455 572 2501 de-sursum
600 2465 634 2500 est
656 2471 668 2499 a
690 2455 734 2501 deo
755 2454 886 2516 sapientiam

120 2517 206 2562 discens
232 2527 255 2561 et
281 2527 356 2561 eterne.
383 2519 439 2562 lueis
466 2520 582 2564 irradiatus
609 2518 736 2579 fulgoribus
763 2519 791 2563 de
817 2520 887 2580 scrip-

120 2580 178 2627 turis
200 2596 245 2626 non
269 2580 345 2626 infime
369 2582 483 2629 sentiebat.
529 2582 662 2629 Penetrabat
688 2581 756 2638 enim,
773 2581 800 2627 ab
825 2583 886 2628 omni

120 2644 176 2702 labe,
196 2661 279 2708 purum
305 2645 422 2708 ingenium
449 2647 607 2709 mysteriorum
637 2646 766 2693 abscondita
797 2657 820 2692 et
848 2646 887 2693 ubi

121 2710 256 2773 magistralis
280 2710 370 2756 scientia
393 2710 448 2757 foris
471 2723 512 2769 est,
534 2712 625 2758 affectus
652 2710 759 2757 introibat
785 2712 887 2759 amantis.

46 2775 221 2838 Fol54Legebat
239 2775 376 2838 quandoque
395 2775 419 2820 in
437 2777 503 2822 sacris
521 2776 583 2822 libris
604 2786 626 2821 et
646 2776 708 2838 quod
727 2776 802 2821 animo
820 2777 888 2822 semel

121 2839 233 2893 iniecerat,
249 2839 397 2884 indelebiliter
412 2839 521 2886 scribebat
539 2841 563 2885 in
580 2840 653 2886 eorde.
694 2840 830 2884 Memoriam
847 2856 888 2901 pro
