1919 3169
254 73 415 120 euoenon
431 73 587 133 anatona
775 87 800 121 11.

87 169 148 215 Nam
167 170 274 231 palatium
293 169 417 232 speciosum
435 169 475 214 sibi
493 168 517 213 in
534 169 621 215 visione
635 167 767 223 ostenditur,
779 169 803 213 in

39 249 85 295 quo
104 235 178 278 uarios
200 244 318 295 apparatus
340 248 454 277 armorum
476 243 499 277 et
520 248 624 293 sponsam
645 232 803 294 pulcerrimam

39 298 126 352 cernit;
157 308 250 343 vocatur
278 299 301 342 in
328 297 429 358 sompnis
457 296 585 342 Franciscus
609 311 636 340 ex
663 295 753 341 nomine
781 305 803 340 et

39 362 122 408 horum
138 363 240 408 omnium
257 361 404 426 promissione
420 360 521 407 allicitur.
554 361 663 423 Temptat
677 360 751 424 itaque
762 376 803 423 pro

39 428 171 490 capessenda
184 428 264 474 militia
280 429 303 474 in
321 428 418 489 apuliam
436 427 485 483 ire3
502 438 524 472 et
541 427 662 489 opulenter
678 426 803 472 necessariis

39 493 169 555 preparatis,
188 493 279 539 festinat
306 493 401 555 gradum
423 492 526 538 militaris
553 492 644 547 honoris
665 491 801 554 contingere.

40 557 158 602 Carnalem
184 557 392 616 interpretationem
417 557 522 616 preterite
549 557 640 600 visionis
664 557 755 600 carnalis
783 558 803 600 ei

40 620 131 683 spiritus
149 620 287 684 suggerebat,
308 637 359 665 cum
381 620 404 665 in
426 619 534 665 thesauris
552 619 659 682 sapientie
677 619 713 665 dei
735 621 803 683 longe

39 687 117 732 lateret
138 687 265 747 preclarior.
308 687 465 731 Dormientem
486 686 597 748 siquidem
619 696 685 732 nocte
706 686 803 747 quadam

39 751 133 813 quidam
152 752 225 811 ipsum
244 752 350 807 secundo,
367 752 442 812 ipsum
458 767 497 812 per
516 750 627 796 visionem
644 750 765 812 alloquitur
782 758 882 797 etFot.1r

39 832 85 877 quo
106 816 197 860 tendere
218 814 281 871 velit,
304 815 389 860 solicite
411 825 568 875 perscrutatur.
602 815 644 860 Cui
665 831 715 860 eum
737 831 804 860 suurn

39 889 148 924 enerasset
164 878 306 940 propositum
328 889 350 923 et
367 880 390 924 in
407 879 504 939 apuliam
520 879 679 923 militiaturum
695 879 805 939 proficisci

40 960 62 990 se
79 944 169 1000 diceret,
180 943 331 1007 interrogatus
347 942 374 989 ab
391 943 469 990 eodem
486 943 587 1002 sollicite,
601 944 652 1006 quis
668 943 709 989 sibi
727 943 805 988 melius

39 1009 110 1055 facere
137 1021 209 1072 queat,
233 1026 309 1056 servus
336 1025 363 1055 an
391 1009 502 1066 dominus,
526 1009 662 1064 Franciscus,
685 1010 806 1065 Dominus,

39 1075 125 1134 inquid.
158 1074 190 1118 Et
212 1074 265 1119 ille:
290 1075 337 1119 Cur
353 1091 408 1135 ergo
426 1091 516 1119 servum
536 1090 577 1133 pro
598 1074 692 1118 domino
714 1075 804 1134 queris?

40 1137 71 1183 Et
83 1136 228 1184 Franciscus:
247 1137 310 1198 Quid
323 1152 359 1180 me
375 1137 410 1183 vis
420 1136 491 1181 facere
503 1137 618 1181 Domine?
650 1136 682 1181 Et
693 1137 807 1181 Dominus

39 1201 67 1247 ad
91 1217 158 1246 eum:
188 1202 315 1256 Revertere,
339 1201 375 1257 ait,
399 1202 427 1246 ad
448 1212 532 1246 terram
554 1201 677 1246 nativitatis
699 1210 736 1245 tue
755 1201 807 1263 quia

39 1266 132 1312 visionis
151 1276 189 1310 tue
208 1266 250 1310 erit
272 1282 311 1326 per
334 1282 369 1310 me
391 1265 511 1326 spiritualis
533 1265 642 1326 impletio.
676 1265 807 1310 Revertitur

39 1330 122 1393 absque
149 1345 219 1388 mora,
244 1330 288 1375 iam
310 1327 383 1375 forma
404 1329 531 1375 obedientie
553 1330 624 1375 factus
646 1340 668 1375 et
691 1330 806 1391 propriam

39 1395 144 1442 abdicans
155 1394 303 1452 voluntatem,
315 1394 342 1440 de
354 1396 424 1452 saule,
432 1393 510 1456 paulus
521 1395 624 1441 efficitur.
652 1394 807 1440 Prosternitur

39 1459 77 1502 ille
88 1471 111 1504 et
122 1458 214 1503 verbera
225 1459 282 1503 dura
292 1459 361 1504 verba
377 1459 450 1503 dulcia
467 1461 572 1520 gignunt.
606 1459 736 1503 Franciscus
753 1475 807 1503 vero

39 1540 100 1568 arma
118 1523 213 1567 carnalia
234 1523 258 1566 in
279 1522 403 1584 spiritualia
422 1524 490 1568 vertit
514 1532 537 1567 et
559 1539 601 1584 pro
624 1522 714 1567 militari
737 1523 808 1585 gloria

40 1588 144 1634 divinum
165 1587 258 1649 suscipit
280 1587 424 1649 presidatum.
468 1588 613 1649 Stupentibus
632 1589 708 1650 itaque
730 1587 808 1632 multis

40 1653 134 1699 letitiam
162 1653 209 1698 eius
236 1652 354 1707 insolitam,
384 1652 472 1699 dicebat
499 1669 521 1698 se
549 1669 656 1714 magnum
683 1653 807 1714 principem

40 1718 172 1763 affuturum.

87 1875 199 1969 Sucipit
215 1904 367 1953 transformari
385 1906 408 1951 in
426 1905 501 1952 virum
519 1906 645 1968 perfectum
662 1918 684 1953 et
703 1907 757 1954 alter
779 1916 865 1959 exlA-Ill

40 1973 110 2018 altero
130 1972 184 2017 fieri.
235 1971 357 2031 Regressus
376 1971 445 2032 igitur
465 1972 592 2027 dominum,
611 1982 735 2034 sequuntur
754 1989 805 2017 eum

40 2036 80 2081 filii
91 2035 207 2096 babylonis
218 2045 240 2080 et
251 2035 295 2079 alio
306 2034 436 2079 tendentem
446 2036 540 2080 trahunt
550 2037 578 2081 ad
589 2035 637 2093 alia,
651 2036 686 2082 vel
699 2036 804 2082 invitum.

40 2100 101 2144 Nam
128 2099 236 2144 iuvenum
263 2097 328 2143 turba
355 2098 451 2144 civitatis
477 2099 566 2156 Assisii,
589 2100 628 2161 qui
652 2101 726 2160 ipsum
751 2100 805 2145 olim

40 2165 162 2210 habuerant
186 2180 224 2209 sue
248 2162 351 2209 vanitatis
378 2162 543 2224 preambulum,
566 2164 628 2210 addit
654 2161 726 2211 adhuc
753 2181 805 2210 eum

40 2230 68 2276 ad
87 2228 175 2275 socialia
192 2227 284 2290 prandia
302 2227 404 2283 invitare,
423 2228 446 2273 in
465 2229 547 2292 quibus
565 2229 654 2275 lascivie
675 2246 762 2292 semper
784 2240 806 2275 et

40 2293 169 2339 scurrilitati
191 2292 294 2339 servitur.
348 2291 447 2354 Eligitur
466 2294 492 2338 ab
511 2294 542 2338 eis
563 2294 587 2338 in
609 2294 697 2351 ducem,
716 2304 806 2355 experta

39 2358 114 2418 sepius
131 2357 262 2401 liberalitate
279 2355 355 2417 ipsius,
372 2372 416 2417 qua
438 2356 591 2401 indubitanter
607 2358 712 2413 sciebant,
731 2360 806 2419 ipsum

40 2437 145 2482 expensas
161 2437 203 2482 pro
220 2419 323 2465 omnibus
341 2419 475 2467 soluturum.
521 2420 657 2467 Obedientes
674 2437 696 2466 se
713 2421 806 2476 faciunt,

40 2496 66 2532 ut
76 2486 184 2548 impleant
195 2496 297 2532 ventrem
308 2494 330 2530 et
343 2484 460 2544 patiuntur
471 2484 557 2543 subiici,
568 2496 594 2531 ut
605 2487 692 2532 valeant
703 2487 804 2533 saturari.

40 2552 96 2597 Non
117 2550 202 2612 respuit
224 2550 325 2596 oblatum
347 2549 421 2606 decus,
441 2566 469 2596 ne
491 2561 583 2597 notetur
604 2568 683 2598 avarus
704 2562 726 2597 et
748 2553 806 2598 inter

4 2654 5 2657 ,
40 2616 197 2663 meditationes
208 2632 285 2672 sacras,
297 2614 426 2661 curialitatis
437 2625 470 2661 est
480 2632 574 2662 memor.

88 2682 251 2740 Sumptuosum
262 2690 363 2741 preparat
380 2680 507 2740 prandium,
521 2681 601 2725 cibaria
611 2681 687 2741 sapida
698 2681 805 2742 duplicat,

40 2742 122 2808 quibus
133 2744 212 2805 repleti
224 2744 251 2790 ad
268 2744 387 2798 vomitum,
396 2743 479 2803 plateas
496 2745 592 2791 civitatis
608 2744 674 2790 ebriis
691 2744 805 2791 cantilenis

40 2810 210 2856 commaculant.
255 2808 361 2871 Sequitur
383 2806 513 2855 Franciscus
533 2821 559 2857 ut
578 2809 683 2857 dominus
703 2809 805 2856 manibus
