1919 3169
141 127 184 159 110
327 112 528 161 TRACTATUS
546 113 722 160 SECUNDUS

136 209 253 256 Familiare
263 209 306 255 sibi
316 210 407 272 signum
419 210 472 256 thau
483 227 521 272 pre
533 210 612 257 ceteris
622 211 699 272 signis,
708 226 755 272 quo
763 210 812 256 solo
823 220 846 255 et
854 209 906 255 mis*-

136 273 907 338 sivascartulasconsignabatetcellarurnparietesubilibetdepinge-

135 337 179 388 bat.
214 339 275 386 Nam
291 349 313 385 et
327 340 362 386 vir
377 340 413 385 ille
425 340 519 386 Domini
535 339 648 397 Pacificus,
662 338 774 401 inspector
790 337 906 383 celestium

135 404 256 461 visionum,
269 420 376 466 magnum
388 405 479 468 signum
490 406 545 451 thau
556 405 639 450 carneis
648 404 719 450 oculis
730 420 797 466 super
807 402 906 450 frontem

136 469 194 515 beati
216 471 284 532 patris
303 470 405 532 inspexit,
428 470 491 532 quod
511 471 570 515 varie
593 470 708 531 depictum
730 469 818 531 fulgore
840 485 907 514 aureo

135 533 252 581 renitebat.
285 535 404 594 Quantum
421 535 490 597 igitur
507 545 529 582 et
546 535 645 581 humana
662 534 766 581 suadibili
780 533 867 580 ratione
884 544 907 581 et

135 597 241 644 catholica
252 599 379 660 acceptione
390 598 493 661 dignum,
506 610 532 645 ut
549 600 589 660 qui
603 601 634 644 sic
650 600 753 644 mirando
769 599 840 644 crucis
859 610 906 644 erat

134 675 346 726 amorepreventus,
355 664 457 710 mirando
468 664 535 710 etiam
546 662 609 710 fieret
620 663 690 709 crucis
699 662 784 709 honore
793 662 906 709 mirificus.

134 728 258 791 Propterea
274 728 343 774 nichil
358 729 386 775 de
397 745 425 775 eo
436 730 511 775 verius
522 745 590 791 quarn
601 729 664 791 quod
676 729 704 775 de
715 728 785 774 crucis
796 728 906 790 stigmati-

135 792 177 840 bus
188 793 321 856 predicatur.

183 859 271 904 Modus
292 868 366 903 autern
388 858 534 919 apparitionis
556 857 686 903 huiusmodi
709 856 759 904 fuit.
806 857 905 904 Duobus

134 921 197 967 annis
213 931 333 984 antequam
346 922 451 984 spiritum
461 922 566 969 redderet
576 923 630 978 celo,
643 923 666 968 in
678 921 829 978 hermitorio,
842 921 905 984 quod

133 988 234 1034 Alverna
250 987 334 1034 dicitur
351 998 373 1034 et
390 997 423 1034 est
439 986 462 1032 in
478 986 591 1049 provintia
601 986 694 1043 Tuscia,
706 985 744 1034 ubi
756 986 839 1034 devote
850 1003 906 1033 con-

133 1053 286 1115 templationis
296 1053 417 1099 secessibus
428 1053 471 1098 iam
480 1053 524 1098 iarn
533 1064 595 1099 totus
604 1053 678 1099 celesti
687 1053 758 1115 glorie
766 1050 904 1111 intendebat,

133 1117 191 1163 vidit
207 1118 230 1162 in
247 1117 333 1163 visione
350 1118 428 1178 seraph
443 1118 466 1161 in
478 1134 542 1163 cruce
553 1117 661 1178 positum,
673 1133 711 1162 sex
723 1116 766 1162 alas
777 1116 904 1173 habentem,

133 1197 200 1242 supra
214 1197 237 1228 se
253 1191 378 1239 extensum,
395 1180 498 1228 manibus
509 1192 532 1227 et
543 1181 638 1244 pedibus
649 1181 708 1227 cruci
719 1180 818 1226 affixum.
851 1182 904 1227 Due

132 1244 166 1290 ale
177 1263 244 1308 supra
255 1255 322 1308 caput
333 1245 482 1301 elevabantur,
492 1246 536 1291 due
547 1248 575 1292 ad
584 1247 707 1292 volandum
717 1244 903 1304 extendebantur,

132 1311 176 1357 due
194 1327 248 1357 vero
265 1320 340 1358 totum
358 1310 462 1357 velabant
479 1327 567 1373 corpus.
602 1311 655 1357 Hec
669 1310 749 1357 videns
759 1311 904 1356 vehementer

132 1374 267 1436 obstupuit;
292 1377 331 1422 sed
351 1376 407 1438 quid
428 1374 469 1420 sibi
488 1375 557 1422 vellet
576 1376 616 1422 hec
635 1376 694 1423 visio
713 1375 769 1421 dum
789 1376 904 1421 advertere

131 1439 208 1496 nescit,
220 1439 317 1484 mixtum
329 1454 416 1484 merore
426 1441 535 1500 gaudium
546 1455 584 1485 cor
595 1441 643 1485 eius
652 1441 753 1485 incurrit.
781 1440 904 1484 Letabatur

132 1504 154 1549 in
172 1505 271 1567 gratioso
288 1514 378 1566 aspectu
395 1521 442 1568 quo
459 1521 471 1550 a
488 1503 566 1566 seraph
584 1504 682 1566 conspici
700 1520 722 1548 se
739 1502 847 1559 videbat·,
864 1504 903 1550 sed

131 1570 203 1615 crucis
214 1570 288 1615 affixio
299 1569 396 1615 terrebat
406 1569 509 1617 eundem.
544 1568 642 1616 Sollicita
652 1580 727 1615 mente
738 1568 835 1616 revolvit
846 1568 902 1632 quid

130 1645 206 1694 posset
220 1635 263 1679 hoc
280 1633 396 1680 oraculum
410 1635 533 1696 designare,
545 1645 568 1681 et
579 1635 607 1681 ad
618 1634 790 1695 concipiendum
804 1633 902 1697 aliquem

130 1697 269 1744 intellectum
288 1698 378 1759 spiritus
399 1699 447 1744 eius
470 1699 547 1743 anxius
565 1699 707 1744 reddebatur.
741 1699 828 1743 Verum
847 1699 902 1742 dum

130 1773 193 1809 extra
210 1779 233 1808 se
250 1762 358 1808 circuiens
375 1761 402 1807 ab
420 1762 550 1808 inventione
561 1763 641 1808 defluit
652 1762 785 1819 intellectus,
797 1762 902 1823 protinus

131 1828 154 1873 in
170 1828 243 1889 seipso
259 1826 301 1873 sibi
316 1827 359 1889 ipsi
371 1826 496 1874 manifestat
508 1844 591 1874 sensus.
634 1827 712 1873 Statim
724 1827 784 1873 enim
796 1837 902 1889 ceperunt

130 1892 154 1938 in
165 1892 268 1938 manibus
279 1892 326 1937 eius
337 1901 359 1937 et
371 1891 466 1953 pedibus
477 1908 582 1954 apparere
591 1894 653 1954 signa
662 1893 785 1948 clavorum,
792 1892 902 1955 quemad-

130 1958 226 2003 modum
238 1957 306 2017 paulo
316 1967 367 2002 ante
378 1958 453 2002 virum
464 1973 530 2019 supra
541 1974 564 2003 se
574 1958 662 2004 viderat
671 1958 694 2003 in
705 1973 755 2004 aere
764 1957 901 2004 crucifixum.

131 2021 216 2066 Manus
227 2032 250 2066 et
261 2020 330 2083 pedes
341 2020 390 2066 eius
401 2021 424 2065 in
436 2021 485 2082 ipso
496 2022 572 2067 medio
583 2022 650 2067 clavis
662 2022 748 2066 confixe
760 2021 902 2077 videbantur,

131 2086 247 2134 clavorum
265 2085 374 2148 capitibus
391 2085 415 2131 in
433 2086 533 2141 interiori
551 2096 613 2149 parte
630 2103 739 2132 manuum
757 2095 780 2130 et
792 2086 901 2148 superiori

130 2151 214 2213 pedum
233 2150 390 2214 apparentibus
409 2160 432 2196 et
453 2167 531 2197 eorum
551 2151 691 2197 acuminibus
710 2150 856 2197 existentibus
875 2168 902 2196 ex

130 2217 232 2263 adverso.
265 2217 382 2276 Erantque
401 2215 515 2263 clavorum
533 2216 603 2278 capita
618 2217 641 2261 in
656 2215 759 2262 manibus
774 2226 797 2261 et
807 2216 901 2276 pedibus

130 2280 229 2326 rotunda
247 2289 270 2324 et
288 2280 360 2341 nigra,
377 2279 479 2340 ipsorum
496 2296 551 2325 vero
568 2281 669 2326 acumina
685 2279 783 2341 oblonga
794 2290 816 2325 et
826 2296 902 2340 reper-

131 2359 201 2401 cussa,
218 2359 261 2406 que
277 2344 306 2389 de
322 2344 370 2404 ipsa
386 2359 449 2389 carne
465 2345 580 2407 surgentia
591 2361 680 2389 carnem
690 2344 800 2406 reliquam
811 2344 902 2389 excede-

132 2408 192 2455 bant.
226 2409 339 2455 Dextrum
356 2424 447 2472 quoque
459 2408 518 2455 latus
529 2409 593 2472 quasi
603 2409 679 2455 lancea
690 2408 823 2455 transfixum
835 2407 901 2455 rubra

131 2475 229 2521 cicatrice
246 2473 371 2520 obductum
388 2484 441 2533 erat,
453 2474 584 2537 quodfsepe
599 2490 652 2520 curn
668 2473 800 2537 sanguinem
815 2474 902 2520 emitte-

131 2538 184 2594 bat;
209 2538 284 2584 tunica
305 2548 328 2582 et
352 2537 466 2583 femoralia
492 2539 678 2599 respergebantur
704 2539 811 2600 sanguine
833 2555 899 2585 sacro.

37 2609 78 2646 Fot.
86 2613 126 2657 41'⁰
131 2603 192 2649 Nam
198 2613 221 2648 et
231 2601 329 2664 angelice
339 2602 443 2664 puritatis
449 2603 518 2649 homo
528 2603 572 2649 Dei
580 2602 688 2658 Rufinum
698 2619 749 2649 cum
762 2602 830 2664 semel
841 2602 903 2647 filiali

130 2667 210 2715 affectu
221 2667 327 2730 scalperet
343 2677 446 2713 sanctum
460 2678 554 2730 patrem,
566 2684 633 2714 manu
650 2666 727 2730 illapsa
742 2666 830 2730 plagam
841 2667 901 2713 illam

130 2733 264 2779 sensibiliter
274 2734 428 2780 contrectavit.
461 2735 499 2780 Ad
517 2734 580 2780 cuius
596 2744 682 2780 tactum
699 2743 787 2780 sanctus
799 2732 843 2779 Dei
855 2749 901 2795 non

130 2799 245 2844 modicum
261 2798 352 2852 doluit;
372 2808 395 2844 et
413 2816 505 2846 manum
522 2817 535 2844 a
552 2816 574 2845 se
589 2798 704 2859 repellenS,
716 2808 742 2847 ut
755 2800 775 2846 ei
786 2798 901 2845 Dominus

129 2872 236 2923 parceret,
249 2862 384 2907 acclamavit.
859 2890 861 2892 -
