1919 3169
104 44 135 89 30
324 28 482 74 euoenon
499 28 654 89 nurroua

34 189 97 231 [n-xJ]
149 160 282 243 manente
311 197 388 234 sancto
417 185 440 233 in
476 187 556 235 eodem
589 187 645 242 loco,
674 186 743 235 frater
777 189 870 252 quidam

101 252 222 317 spiritualis
233 252 261 300 de
272 252 373 300 custodia
383 252 512 310 marsicana,
524 253 562 316 qui
577 251 683 315 gravibus
694 254 871 316 tenptationibus

100 320 230 376 vexabatur,
242 318 298 365 dixit
314 318 337 364 in
354 316 421 363 corde
435 334 492 365 suo:
516 317 567 366 Oh!
583 317 601 364 si
619 334 720 380 unquam
737 317 821 382 aliquid
833 321 869 366 vel

100 385 178 431 saltem
189 400 267 445 parum
280 383 307 429 de
318 382 433 444 unguibus
445 383 514 430 sancti
526 383 636 429 Francisci
652 381 756 430 haberem
772 401 869 441 mecum,

100 449 167 494 credo
182 447 298 510 equidem,
316 456 364 492 tota
381 447 422 492 hec
440 448 615 508 tenptationium
631 448 728 508 procella
741 448 869 509 diffugeret,

99 513 233 573 rediretque,
254 511 348 556 domino
368 510 466 567 favente,
485 511 636 573 tranquillum.
679 511 780 573 Optenta
799 512 869 575 igitur

99 576 193 631 licentia,
212 574 240 621 ad
256 574 332 621 locum
349 591 372 621 se
388 574 485 633 confert,
502 591 591 621 causam
610 576 650 620 uni
670 576 697 620 de
717 576 780 620 sotiis
799 577 868 622 sancti

99 640 167 702 patris
179 639 278 700 exponit.
312 639 356 684 Cui
373 640 490 700 respondit
506 639 590 686 frater:
625 640 695 697 N0n3
713 641 768 685 mihi
785 641 869 701 impos-

98 705 161 751 sibile
178 704 245 750 credo
262 704 290 750 de
310 704 427 765 unguibus
445 702 551 762 tribuere,
564 704 672 766 quoniam
688 703 729 751 etsi
746 704 868 768 aliquando

98 786 136 815 eos
155 769 197 831 ipsi
213 768 350 830 precidimus
370 767 432 814 iubet
451 767 573 830 prohibens
593 785 621 814 ne
643 784 763 815 servemus,
805 769 868 815 Illico

97 833 231 880 acclamatur
254 832 323 879 frater
346 843 368 879 et
390 833 418 879 ad
440 842 550 891 sanctum,
566 834 607 896 qui
628 849 678 879 eam
699 833 813 896 querebat,
835 834 867 881 ire

97 897 203 944 iubetur:
238 897 326 958 Queras
345 896 400 942 mihi
422 895 518 953 forfices,
536 897 574 953 fili,
592 897 675 959 quibus
697 913 786 959 ungues
804 914 868 944 meos

98 962 202 1025 protinus
224 961 374 1008 circumcidas.
407 960 499 1008 Profert
520 960 558 1006 ille
579 959 673 1019 ferrum,
693 962 755 1024 quod
776 972 868 1025 propter

98 1029 197 1090 idipsum
222 1028 245 1072 in
273 1025 376 1073 manibus
401 1036 526 1088 sumpserat
552 1036 575 1072 et
602 1027 754 1088 prominentes
781 1044 868 1074 cesuras

98 1093 216 1154 excipiens,
242 1090 313 1147 fratri,
335 1091 376 1153 qui
398 1091 499 1153 petierat,
527 1090 609 1147 tradit;
637 1108 692 1154 quas
719 1091 756 1137 ille
783 1093 867 1139 devote

97 1157 219 1217 suscipiens
246 1165 363 1200 conservat
389 1156 495 1199 devotius
522 1165 545 1198 et
573 1155 646 1200 statim
671 1155 698 1199 ab
729 1157 791 1200 omni
824 1158 866 1200 im-

97 1220 235 1284 pugnatione
251 1218 307 1265 liber
324 1217 425 1265 efficitur.

23 1367 95 1411 [unffi]
143 1315 666 1405 Ineodemlocotuniculavetustacontectus,
675 1362 797 1409 pauperum
805 1357 866 1409 pater

98 1414 156 1459 dixit
169 1411 238 1458 semel
249 1412 289 1458 uni
300 1411 329 1457 de
340 1411 411 1467 sotiis,
423 1428 490 1474 quem
502 1427 569 1457 suum
580 1421 688 1458 statuerat
698 1412 848 1474 guardianum
859 1432 864 1460 ι

97 1477 194 1533 Vellem,
210 1474 286 1531 frater,
303 1476 322 1519 si
341 1491 424 1535 posses,
440 1485 466 1519 ut
482 1491 582 1535 pannum
598 1476 653 1520 mibi
669 1492 711 1536 pro
724 1493 770 1521 una
790 1478 866 1524 tunica

23 1545 61 1584 Fol.
70 1540 218 1596 29invenircs.
238 1538 344 1586 Revolvit
351 1539 374 1585 in
381 1548 457 1586 mente
464 1555 504 1585 sua
510 1538 586 1598 frater,
593 1538 636 1585 hoc
643 1538 741 1599 audiens,
749 1541 866 1604 quomodo

98 1622 199 1667 pannum
206 1603 866 1668 tamnecessario,tamquehumiliterpostulatum,acquirat.

99 1670 126 1715 In
135 1670 231 1716 crastino
242 1679 318 1715 autem
329 1685 419 1714 summo
428 1668 529 1714 diluculo
539 1669 641 1731 procedit
652 1670 680 1715 ad
692 1680 781 1731 portam
792 1671 866 1716 iturus

99 1735 127 1778 ad
138 1734 215 1780 villam
227 1750 269 1794 pro
279 1749 360 1793 panno.
395 1733 427 1777 Et
438 1750 493 1786 ecce,
505 1732 574 1777 homo
585 1733 678 1794 quidam
688 1734 751 1780 iuxta
765 1735 866 1781 hostium

100 1797 185 1854 sedens,
197 1798 276 1844 volens
291 1796 353 1858 loqui
370 1795 409 1854 illi,
421 1796 461 1858 qui
478 1796 535 1842 dixit
551 1796 579 1842 ad
595 1796 702 1842 fratrem:
725 1798 812 1843 Amore
823 1798 865 1854 dei,

99 1862 172 1924 accipe
194 1879 206 1907 a
229 1878 264 1907 me
283 1877 383 1924 pannum
402 1877 443 1923 pro
462 1876 500 1906 sex
519 1862 600 1908 tunicis
616 1871 638 1907 et
656 1877 700 1908 una
716 1862 808 1924 quidem
824 1862 865 1908 tibi

99 1937 191 1985 retenta,
214 1926 310 1991 reliquas
334 1942 376 1990 pro
403 1926 477 1971 anima
498 1942 547 1971 mea
568 1926 685 1985 distribue,
707 1927 765 1973 sicut
786 1928 863 1990 placet.

99 1992 247 2047 Exhilaratus,
260 1992 327 2035 frater
344 1991 403 2035 redit
419 1991 447 2035 ad
463 1990 554 2035 fratrem
571 1992 735 2046 Francischum‚
749 2003 771 2037 et
788 1994 867 2039 celitus

99 2054 180 2101 factam
197 2053 334 2101 oblationem
351 2054 475 2101 denuntiat.
510 2054 553 2100 Cui
572 2065 649 2116 pater:
672 2055 756 2117 Accipe
773 2056 866 2112 tunicas,

100 2120 152 2184 quia
163 2120 186 2168 in
198 2119 241 2166 hoc
256 2119 337 2166 missus
353 2129 394 2175 est,
406 2128 432 2164 ut
449 2134 496 2164 mee
508 2120 630 2165 necessitati
640 2119 714 2165 taliter
730 2119 865 2167 subveniret.

99 2186 194 2242 Gratias,
206 2185 293 2247 inquid,
304 2184 342 2240 illi,
356 2184 395 2247 qui
407 2182 467 2229 solus
478 2184 506 2230 de
517 2184 582 2230 nobis
592 2185 682 2230 videtur
693 2201 739 2230 esse
750 2184 865 2232 sollicitus.

15 2327 96 2369 [A-qu]
147 2279 353 2368 Gommorantem
369 2310 460 2357 beatum
474 2311 551 2357 virum
566 2311 590 2357 in
607 2311 752 2359 heremitorio
768 2314 866 2376 quodam

99 2379 162 2424 iuxta
178 2378 254 2434 Reate,
266 2376 366 2421 medicus
383 2390 424 2435 pro
440 2391 492 2420 cura
510 2376 629 2421 oculorum
646 2377 738 2422 cottidie
754 2377 865 2422 visitabat.

99 2443 203 2504 Quadam
213 2458 267 2488 vero
279 2440 315 2488 die
331 2439 388 2487 dixit
398 2449 487 2486 sanctus
502 2440 531 2487 ad
549 2457 616 2486 suos:
639 2439 734 2487 Invitate
751 2440 865 2488 medicum

99 2519 122 2554 et
141 2507 192 2554 date
210 2506 242 2551 illi
262 2505 347 2567 optime
368 2504 508 2551 manducare.
542 2506 667 2568 Respondit
688 2506 707 2551 ci
729 2506 865 2568 guardianus

100 2573 191 2620 dicens:
214 2570 289 2626 Pater,
307 2585 359 2617 cum
377 2567 458 2615 rubore
475 2569 577 2628 dicimus,
594 2570 772 2617 verecundamur
789 2571 864 2633 ipsum

100 2638 195 2684 invitare
205 2653 211 2692 ;
227 2645 316 2682 tantum
327 2650 388 2680 nunc
398 2650 507 2696 pauperes
519 2652 605 2682 sumus.
639 2635 765 2697 Respondit
776 2646 865 2683 sanctus

100 2701 192 2749 dicens:
218 2700 282 2760 Quid
308 2698 384 2755 vultiS,
412 2708 438 2744 ut
464 2700 547 2746 iterum
571 2700 660 2746 dicam?
692 2699 802 2755 Medicus,
825 2701 864 2763 qui

100 2765 208 2823 adstabat,
218 2764 289 2811 dixit:
314 2763 346 2810 Et
362 2779 405 2829 ego
421 2762 501 2812 fratres
511 2764 631 2822 karissimi,
641 2765 757 2827 penuriam
768 2774 864 2812 vestram
