1919 3169
121 116 164 160 142
307 99 508 148 TRACTATUS
525 101 698 149 SECUNDUS

166 198 244 241 Frater
256 199 416 242 Bonaventura
427 196 525 252 nomine,
535 214 587 241 curn
598 198 688 242 duobus
698 198 753 242 viris
764 214 804 259 per
814 198 887 241 lacum

117 260 231 323 quendam
243 262 358 324 navigans,
369 259 482 307 confracta
492 277 519 307 ex
534 271 597 322 parte
608 261 716 317 navicula,
729 271 820 325 propter
831 277 888 325 aque

117 325 234 374 influentis
251 327 362 390 impeturn
379 324 490 373 submersi
502 337 563 373 sunt.
597 327 646 379 Qui
663 344 713 373 cum
729 327 758 374 de
774 326 889 390 profundo

117 391 168 438 lacu
190 402 292 439 sanctum
314 392 445 439 invocarent
470 391 620 451 Franciscum,
643 391 718 438 subito
739 409 797 455 aqua
823 393 889 454 plena

117 456 221 501 navicula
237 473 290 502 cum
306 456 338 500 eis
349 456 441 502 devenit
451 456 480 501 ad
496 467 598 518 portum.
632 456 667 502 Sic
680 466 703 501 et
715 457 808 521 quidam
819 457 888 501 frater

118 521 146 566 de
163 522 257 575 Esculo,
275 520 405 568 submersus
421 522 445 566 in
462 521 564 577 flumine,
580 521 650 566 sancti
673 522 784 568 Francisci
801 523 888 568 meritis

118 585 194 633 extitit
204 585 320 634 liberatus,

166 651 269 703 Quidam
292 649 393 706 Pisanus,
413 650 442 697 de
464 651 581 713 parrochia
602 660 732 701 sanctorum
754 652 837 698 Cosme
864 661 888 697 et

118 716 231 770 Damiani,
248 732 288 761 sua
304 714 444 761 confessione
461 717 601 760 confirmavit
617 716 686 777 quod,
698 733 751 760 cum
764 727 821 761 esset
835 733 887 761 cum

118 780 198 826 multis
209 779 233 826 in
244 779 342 842 quadarn
354 779 405 826 navi
417 778 441 825 in
455 779 519 835 mari,
531 788 664 840 tempestate
686 795 767 843 magna
777 780 840 827 navis
851 779 888 826 illa

118 843 223 906 impulsa,
239 844 330 891 cuidam
346 843 419 890 monti
438 843 633 908 appropinquabat
651 843 782 907 frangenda.
816 845 888 897 Quod

118 909 225 956 videntes
242 921 316 967 naute,
339 919 433 971 pontem
452 910 566 972 quendam
587 910 616 955 de
637 910 739 955 antennis
760 916 783 957 et
805 910 888 957 tabulis

118 986 297 1037 compegerunt3
315 983 338 1020 et
353 974 384 1020 ibi
402 991 425 1020 se
442 990 494 1019 cum
513 975 562 1020 aliis
582 974 621 1037 qui
640 985 704 1021 erant
720 975 744 1021 in
763 976 815 1022 navi
831 986 887 1021 tam-

118 1055 187 1101 quam
206 1039 230 1083 in
249 1038 350 1102 quodam
367 1037 457 1101 refugio
474 1048 628 1101 susceperunt.
665 1039 708 1084 Sed
724 1040 820 1085 Pisanus
837 1056 887 1101 pre-

118 1103 197 1159 dictus,
217 1119 263 1149 non
281 1104 337 1149 bene
355 1118 379 1147 se
397 1117 476 1164 regens
498 1102 522 1148 in
541 1112 610 1165 ponte
632 1104 742 1165 predicto,
759 1104 888 1150 vehementi

119 1168 181 1215 unda
196 1184 315 1230 percussus
328 1168 351 1214 in
364 1183 425 1214 mare
439 1167 541 1215 iactatur.
579 1168 611 1215 Et
623 1168 675 1231 quia
686 1178 763 1215 natare
779 1168 889 1216 nesciebat

119 1249 159 1277 nec
175 1231 202 1277 ab
218 1232 268 1278 aliis
284 1232 357 1278 iuvari
373 1231 467 1287 valebat,
479 1232 623 1293 profundum
640 1233 706 1277 maris
722 1233 889 1295 desperabiliter

119 1295 191 1358 petiit.
242 1296 355 1359 Cumque,
383 1296 448 1358 loqui
484 1312 530 1341 non
559 1295 642 1351 valens,
677 1297 744 1343 corde
771 1313 795 1343 se
822 1296 889 1343 beato

118 1360 239 1419 ¹Francisco
267 1361 374 1408 devotius
403 1360 577 1418 commendaret,
595 1360 683 1414 ,subito
715 1361 743 1408 de
772 1361 888 1424 profundo

29 1428 69 1467 Fol.
77 1426 186 1478 sarmaris
201 1426 264 1489 quasi
279 1443 349 1473 manu
364 1425 461 1489 quadam
477 1425 581 1482 levatur;
598 1435 621 1471 et
631 1426 659 1472 ad
673 1436 767 1489 pontem
780 1427 888 1474 reductus

119 1491 163 1537 iam
180 1491 298 1548 dictum,a
314 1490 433 1554 naufragio
449 1507 501 1537 cum
512 1491 560 1537 aliis
576 1490 690 1540 liberatur.
724 1492 796 1540 Navis
812 1502 887 1540 autem

120 1557 193 1602 monti
205 1556 280 1601 collisa
291 1556 381 1617 penitus
392 1565 425 1600 est
436 1555 557 1605 confracta.

77 1692 125 1742 [ΧΠ
350 1690 384 1732 De
398 1690 520 1740 carcerat1s
536 1694 559 1733 et
572 1690 660 1734 vinctis.

164 1775 212 1859 In
223 1808 335 1855 Romania
351 1807 451 1852 Grecum
463 1806 580 1854 cuiusdam
591 1807 678 1853 domini
689 1810 824 1856 servientem
835 1827 889 1856 con-

121 1874 173 1935 tigit
188 1873 217 1918 de
232 1871 297 1919 furto
315 1870 425 1916 fallaciter
435 1871 539 1916 accusari.
574 1871 651 1922 Quem
668 1872 775 1919 dominus
791 1882 849 1919 terre
865 1874 888 1919 in

120 1949 169 1985 arto
177 1953 262 1984 carcere
273 1935 365 1992 mandat
374 1935 460 1982 includi
471 1945 493 1982 et
504 1935 604 1999 graviter
615 1935 729 1994 vinculari,
740 1938 889 1999 postmodum

120 2002 242 2050 diffinitiva
272 2001 383 2048 sententia
413 2000 470 2062 pede
498 2000 656 2049 truncandum.
701 2001 799 2049 Laborat
829 2004 889 2066 apud

121 2069 241 2115 dominum
258 2084 315 2114 uxor
326 2083 368 2127 pro
379 2064 504 2111 innocentis
516 2065 647 2112 liberatione
658 2066 753 2114 sollicita
763 2086 770 2125 ;
788 2070 827 2115 sed
843 2086 889 2115 non

121 2131 242 2195 acquiescit
257 2130 360 2192 precibus
376 2129 419 2175 viri
431 2129 541 2176 obstinata
551 2130 643 2176 duritia.
676 2131 781 2177 Recurrit
797 2133 889 2179 domina

121 2197 214 2260 supplex
230 2195 258 2242 ad
274 2205 378 2243 sanctum
395 2193 537 2241 Franciscum
555 2204 577 2240 et
595 2195 644 2241 eius
660 2196 738 2258 pietati
755 2207 811 2244 voto
827 2214 889 2244 com-

121 2263 212 2310 mendat
230 2261 351 2309 insontem.
384 2259 494 2306 Protinus
511 2260 574 2307 adest
595 2261 728 2308 miserorum
750 2263 847 2319 adiutor,
867 2274 889 2311 et

120 2329 197 2373 virum
213 2326 334 2371 incarcere
351 2325 451 2385 positum
462 2324 518 2369 dum
534 2325 638 2371 manibus
654 2327 809 2387 apprehendit,
820 2328 889 2373 solvit

120 2391 216 2445 vincula,
235 2405 344 2434 carcerem
366 2388 458 2449 frangit,
474 2389 617 2433 innocentem
639 2388 699 2433 foras
721 2392 813 2436 educit:
837 2392 889 2453 Ego

121 2472 180 2510 sum,
191 2454 222 2499 ait
238 2453 283 2509 ille,
295 2452 332 2498 cui
343 2451 436 2497 domina
447 2461 486 2496 tua
497 2461 519 2497 te
530 2452 612 2498 devote
627 2453 747 2499 commisit.
782 2455 888 2519 Cumque

121 2520 159 2566 ille
176 2519 259 2566 timore
276 2518 426 2579 corriperetur
445 2532 528 2579 magno
547 2527 570 2562 et
591 2533 633 2578 pro
654 2517 763 2566 descensu
782 2520 889 2566 altissime

121 2585 185 2647 rupis
195 2584 326 2646 voraginem
335 2581 446 2638 circuiret,
455 2581 531 2627 subito
540 2583 641 2629 nesciens
649 2583 745 2645 qualiter
754 2601 776 2630 se
787 2585 811 2631 in
822 2586 890 2647 plano

122 2649 224 2703 invenit3
241 2665 295 2694 mox
311 2663 414 2692 reversus
430 2645 458 2690 ad
474 2646 590 2692 dominam
606 2664 671 2692 suam
690 2648 792 2695 miraculi
812 2650 889 2696 retulit

122 2712 249 2762 veritatem.
283 2710 498 2759 Statimillaceream
505 2709 607 2773 fecitpro
614 2721 669 2757 voto
677 2713 811 2777 ymaginem,
820 2731 889 2778 quam

122 2795 198 2827 coram
214 2777 283 2825 sancti
300 2777 388 2839 pictura
399 2775 516 2837 suspendit
530 2776 636 2823 omnibus
652 2777 791 2828 intuendam.
825 2780 889 2828 Tur-

122 2844 188 2891 batus
206 2853 324 2906 propterea
339 2841 374 2889 vir
391 2841 490 2904 iniquus,
507 2841 562 2887 dum
585 2858 678 2887 uxorem
697 2860 766 2890 manu
782 2846 890 2907 percutit,
