1919 3169
144 54 173 99 26
355 54 516 100 LEGENDA
533 54 692 101 GREGORII

142 150 258 215 religionis
274 152 352 214 regula
369 150 485 197 nobiscum
506 151 630 200 volentium
650 154 794 211 conversari;
816 164 839 207 et
857 171 907 200 ecce

143 217 216 263 adhuc
241 217 328 263 sonitus
353 232 432 262 eorum
457 226 490 261 est
517 217 540 262 in
561 218 651 262 auribus
672 218 736 275 meis,
758 219 862 263 euntium
885 228 907 264 et

143 280 287 327 redeuntium
323 279 446 326 secundum
476 278 603 327 obedientie
637 290 710 327 sancte
744 282 874 328 mandatum
884 289 907 328 :1³

143 346 190 392 vidi
199 354 214 377 ¹⁴
230 345 294 409 quasi
306 345 352 391 vias
363 346 464 406 ipsorum
475 345 620 393 multitudine
631 346 707 408 plenas
718 363 745 393 ex
753 354 768 378 ¹⁵
784 348 846 393 omni
861 345 907 394 fere

144 409 233 456 natione
244 410 271 455 in'
276 409 319 455 hiis
330 408 429 470 partibus
440 410 566 456 convenire.

191 475 292 520 Veniunt
318 472 453 534 francigene,
478 473 584 521 festinant
610 474 704 535 hispani,
732 475 857 521 teuthonici
884 485 907 521 et

143 537 223 597 anglici
240 546 333 583 currunt
345 551 351 591 ;
364 546 386 582 et
397 536 489 583 aliarum
500 538 630 598 linguarum
647 538 786 584 diversarum
803 538 908 584 accelerat

143 600 243 646 maxima
259 599 391 645 multitudo.
425 600 495 660 Quod
517 617 568 646 cum
587 600 701 647 audissent
720 600 807 659 fratres,
828 600 906 663 repleti

143 674 196 711 sunt
203 666 218 690 ¹⁶
228 664 313 729 gaudio
329 664 420 711 salutari
433 664 481 710 sive
497 675 589 728 propter
605 666 707 729 gratiam,
719 681 787 731 quam
798 666 907 712 dominus

143 731 221 775 deus²⁷
232 729 357 775 contulerat
369 739 446 773 sancto
458 746 506 783 suo,
518 731 565 774 sive
576 732 628 792 quia
644 732 799 792 proximorum
817 731 906 776 lucrum

143 793 248 840 sitiebant
269 793 379 849 ardenter,
399 808 456 853 quos
479 794 635 839 desiderabant
657 804 683 839 ut
705 796 760 840 salvi
783 804 863 849 essent,
883 795 907 840 in

143 857 243 920 idipsum
254 857 347 904 cottidie
358 856 506 920 augmentari.
902 898 903 902 ,

190 922 243 981 §Et
250 924 280 968 ait
289 922 316 967 ad
323 938 362 967 eos
373 932 461 967 sanctus
472 939 476 967 :
490 922 526 967 Ut
533 921 629 968 fideliter
636 932 658 967 et
665 922 755 981 devote,
762 923 857 969 domino
864 923 907 969 deo

143 996 221 1032 nostro
232 1001 299 1048 super
310 986 386 1031 omnia
402 986 462 1031 dona
469 986 484 1010 ²⁸
495 1002 542 1042 sua,
553 984 640 1042 fratres,
652 987 735 1047 gratias
746 986 866 1033 referamus
878 995 908 1043 3¹⁹

143 1060 165 1095 et
183 1061 209 1095 ut
225 1051 298 1096 sciatis
315 1048 412 1110 qualiter
429 1066 481 1095 cum
499 1049 641 1109 presentibus
658 1060 680 1095 et
697 1049 780 1096 futuris
795 1052 823 1096 sit
834 1051 908 1096 fratri-

143 1113 184 1157 bus
206 1112 411 1167 conversandum,⁹⁰
445 1111 574 1156 futurorum
607 1128 759 1174 processuum,
788 1113 908 1177 intelligite

142 1177 265 1225 veritatem.

190 1243 335 1288 inveniemus
347 1242 441 1286 nuncin
456 1242 567 1302 principio
584 1251 659 1287 nostre
670 1244 823 1289 conversionis
839 1260 907 1305 poma

143 1307 241 1370 quedam
252 1305 326 1353 dulcia
333 1314 348 1331 ²¹
360 1315 383 1351 et
394 1306 469 1352 suavia
480 1305 576 1351 nimium
582 1313 599 1330 ²²
610 1305 638 1352 ad
650 1306 777 1364 edendum3
789 1308 827 1354 sed
839 1306 906 1369 paulo

143 1383 201 1431 post,
220 1372 318 1433 quedam
335 1370 427 1416 minoris
449 1370 565 1416 suavitatis
583 1387 607 1415 ac
627 1370 752 1417 dulcedinis
773 1373 904 1418 offerentur.

143 1436 263 1480 Postremo
275 1450 328 1479 vero
339 1433 436 1496 quedam
453 1432 602 1478 amaritudine
614 1433 679 1494 plena
691 1433 811 1493 dabuntur,
823 1435 906 1498 quibus

144 1515 190 1545 non
211 1500 336 1559 poterimus
358 1498 417 1544 vesci
439 1498 547 1557 quoniam
569 1512 609 1557 pre
635 1497 752 1543 acerbitate
775 1515 814 1544 sua
841 1508 907 1544 erunt

143 1563 275 1609 inesibilia²³
293 1562 411 1618 universis,
434 1561 487 1608 licet
506 1562 627 1623 quamdam
649 1563 781 1609 exteriorem
799 1563 906 1610 olentiam

143 1645 168 1673 ac
194 1627 385 1689 pulchritudinem
413 1635 574 1686 representent.
618 1625 649 1670 Et
674 1642 733 1683 vere,
756 1628 813 1673 sicut
840 1627 905 1674 vobis

143 1692 233 1738 locutus
250 1707 308 1749 sum,
325 1690 349 1735 in
366 1705 472 1751 maguam
490 1699 581 1752 gentem
599 1697 663 1735 nos²4
675 1690 780 1736 dominus
798 1707 905 1754 augmen-

144 1757 206 1802 tabit.
250 1757 294 1801 Sed
309 1756 398 1801 ultimo
417 1754 448 1799 sic
466 1754 560 1811 eveniet,
581 1755 775 1816 quemadmodum
797 1757 815 1801 si
837 1757 906 1802 homo

144 1822 210 1867 iactet
222 1821 277 1866 retia
289 1836 327 1864 sua
344 1819 367 1864 in
378 1834 446 1875 mare,
457 1819 494 1864 vel
510 1818 534 1863 in
546 1817 643 1881 aliquem
657 1818 731 1864 lacum
748 1830 771 1865 et
787 1820 905 1867 concludat

144 1886 238 1947 piscium
255 1884 425 1931 multitudinem
437 1883 568 1943 copiosam3
585 1892 670 1928 etcum
687 1901 765 1931 omnes
781 1885 866 1931 miserit
883 1887 906 1931 in

144 1949 268 1993 naviculam
285 1963 355 2001 suam,
373 1962 413 2007 pre
424 1947 571 1991 multitudine
587 1962 665 1990 omnes
684 1958 773 2007 portare
789 1948 907 1994 fastidiens

145 2013 212 2074 eligat
222 2013 317 2058 maiores
328 2020 350 2056 et
367 2010 478 2071 placentes
489 2011 512 2055 in
524 2010 581 2055 vasis
592 2010 646 2065 suis,
659 2020 744 2057 ceteros
760 2021 835 2058 autem
847 2012 907 2058 foras

144 2076 256 2135 emittant

192 2140 245 2186 Hec
262 2139 344 2194 omnia,
362 2155 407 2200 que
426 2148 514 2184 sanctus
532 2137 568 2183 dei
586 2137 690 2198 predixit,
709 2150 791 2201 quanta
810 2141 906 2186 veritate

144 2204 291 2269 prefulgeant,
318 2212 402 2266 quanta
410 2209 425 2233 ²⁵
452 2217 475 2247 se
507 2200 688 2248 manifestatione
718 2204 827 2265 aperiant,
855 2205 908 2251 satis

144 2269 289 2316 manifestum
324 2279 357 2313 est
390 2266 583 2312 considerantibus
620 2266 643 2312 in
681 2269 761 2328 spiritu
798 2269 904 2318 veritatis.

144 2336 226 2381 Ecce²⁶
247 2333 363 2396 quomodo
385 2331 475 2393 spiritus
497 2331 615 2393 prophetie
637 2332 748 2393 requievit
767 2333 790 2378 in
808 2343 907 2381 sancto²⁷

144 2398 268 2444 Francisco.

171 2575 185 2600 ¹3
195 2571 219 2608 E.
229 2571 264 2608 and
273 2572 295 2609 L.
305 2582 356 2605 v1s10.
425 2571 440 2597 14
450 2566 507 2603 Os.et
516 2568 557 2604 vidi.
619 2569 633 2595 15
644 2566 676 2603 Os.
687 2568 715 2605 de.
774 2567 789 2592 1⁶
799 2570 823 2606 L.
836 2533 929 2608 omissis

171 2627 186 2652 ¹7
195 2624 220 2661 L.
229 2611 329 2672 omitsfflq
340 2620 421 2657 Omitted
430 2621 453 2669 by
463 2619 490 2656 H.
524 2618 539 2642 1⁸
549 2620 615 2656 L-and
626 2619 738 2673 0s.dicta.,j
751 2625 765 2649 ¹9
775 2623 807 2658 Os.
817 2635 892 2669 agamus.

169 2680 186 2698 2⁰
195 2674 228 2711 Os.
238 2676 298 2711 inserts
307 2685 343 2721 per.
465 2675 480 2694 ²¹
490 2670 523 2708 Os.
534 2671 638 2709 dulcissima.
767 2676 783 2694 ²²
793 2672 826 2709 Os.
836 2675 893 2711 omits.

170 2730 185 2754 ²3
195 2728 221 2762 H.
231 2722 342 2761 invescibilia.
408 2722 516 2770 ²Qos„
568 2722 578 2764 †
593 2722 634 2758 End
642 2722 664 2757 of
670 2735 741 2770 passage
750 2724 824 2759 omitted
832 2725 855 2772 by
865 2724 891 2760 H.

138 2776 139 2779 ’
170 2781 185 2807 ²⁵
195 2776 222 2814 H.
232 2778 292 2813 inserts
301 2784 324 2811 et.
360 2772 375 2796 ²⁶
385 2772 412 2810 H.
423 2774 474 2809 omits
485 2774 560 2810 Ecce..
573 2782 606 2809 ,το
615 2773 661 2809 eud·
699 2776 715 2800 ²⁷
725 2775 754 2810 W.
765 2775 826 2811 inserts
835 2775 892 2813 fratre.
