1919 3169
313 76 473 123 LEGENDA
489 76 643 138 ANTIQUA
829 74 857 134 67

95 175 191 229 niorem,
203 183 303 220 ornatam
314 173 418 235 pretiosis
433 173 552 234 lapidibus,
564 173 672 235 omnique
688 170 759 233 gloria
774 170 860 232 preful-

95 248 193 300 gentem.
227 239 327 284 Miratur
344 238 404 283 intra
422 252 446 282 se
463 237 561 283 nobilem
578 238 688 282 thronum
707 245 730 281 et
749 236 813 281 cuius
831 236 860 280 sit

95 302 183 356 tacitus,
196 312 273 363 pensat
283 318 289 358 ;
306 301 370 347 audit
380 301 440 346 inter
450 300 491 346 hec
502 318 581 347 vocem
592 300 702 346 dicentem
713 298 754 344 sibi
765 317 770 344 z
794 298 860 343 Sedes

95 367 137 412 ista
159 367 226 413 unius
248 367 276 413 de
297 365 416 412 ruentibus
439 364 485 412 fuit
510 377 532 413 et
556 382 617 412 nunc
640 364 721 412 humili
743 363 860 409 Francisco

95 442 204 479 servatur.
245 432 346 478 Demum
373 430 401 477 ad
428 446 450 476 se
471 447 573 478 reversus
596 430 665 477 frater
686 429 748 476 videt
769 428 859 475 beatum

96 496 255 542 Francischum
283 496 310 541 ab
345 496 448 541 oratione
481 497 540 541 exire
575 512 673 556 moxque
705 495 728 539 in
764 493 860 539 modum

96 560 167 607 crucis
183 568 308 620 prostratus
325 558 407 619 ipsum,
427 574 472 604 non
492 569 518 606 ut
533 559 557 605 in
575 558 663 605 mundo
684 558 805 615 viventem,
821 556 860 602 sed

97 625 159 687 quasi
184 624 207 669 in
229 624 277 669 celo
301 633 437 685 regnantem,
454 622 578 686 alloquitur
600 622 693 669 dicens:
736 622 860 684 Deprecare

96 706 138 749 pro
156 704 191 733 me
209 689 281 733 filium
299 688 342 745 dei,
360 698 429 748 pater,
442 699 468 733 ut
485 689 542 733 mihi
559 698 675 748 peccatum
692 703 737 732 non
756 687 858 748 imputet.
865 694 904 731 Fol.
912 691 934 738 63

96 752 228 798 Extendens
239 768 332 798 manum
343 752 378 797 vir
389 753 425 799 dei
438 752 519 798 allevat
530 753 611 814 ipsum,
624 767 759 815 cognoscens
774 751 861 813 aliquid

97 818 117 861 ei
128 816 197 862 fuisse
208 816 232 860 in
243 817 343 860 oratione
354 827 512 862 monstratum.

144 879 248 925 Tandem
259 878 414 925 recedentibus
430 879 490 937 inde,
502 880 627 941 interrogat
643 877 711 924 frater
722 877 759 923 ille
770 877 861 923 beatum

97 944 257 989 Francischum
275 944 367 989 dicens:
386 943 450 996 Quid
468 944 496 989 de
513 954 543 1002 te,
554 954 623 1005 pater,
636 954 675 990 tua
692 941 733 988 tibi
750 942 862 987 ministrat

97 1007 205 1070 oppinio?
238 1008 286 1060 Qui
293 1009 424 1070 respondit:
440 1009 525 1054 Videor
532 1008 587 1055 mihi
595 1009 705 1055 maximus
712 1017 862 1069 peccatorum,

97 1074 205 1135 quoniam
217 1073 234 1119 si
246 1073 344 1136 aliquem
353 1075 483 1121 sceleratum
492 1085 553 1121 tanta
561 1073 640 1121 fuisset
649 1075 703 1121 deus
712 1072 863 1119 misericordia

97 1148 236 1200 prosecutus,
256 1138 353 1200 decuplo
370 1156 406 1184 me
423 1139 562 1201 spiritualior
579 1149 640 1186 esset.
674 1138 713 1185 Ad
729 1137 769 1183 hec
786 1137 862 1184 statim

97 1204 120 1247 in
134 1203 200 1249 corde
217 1203 292 1249 fratris
309 1204 400 1264 spiritus
418 1205 489 1250 dixit:
508 1205 631 1266 Cognosce,
643 1204 705 1266 quod
723 1218 776 1248 vera
793 1201 862 1248 fuerit

96 1266 167 1324 visio,¹
179 1283 248 1327 quarn
264 1268 349 1324 vidisti,
367 1268 474 1328 quoniam
493 1269 521 1313 ad
540 1267 616 1312 sedem
633 1266 734 1327 superbia
751 1266 862 1326 perditam

96 1329 211 1376 humilitas
220 1328 303 1377 levabit
314 1330 475 1377 humillimum.

142 1424 252 1513 Erater
274 1456 373 1520 quidam,
396 1456 518 1518 spiritualis
537 1466 560 1501 et
581 1456 687 1519 antiquus
704 1456 727 1500 in
746 1455 931 1518 religione‚[P·11J]

98 1537 179 1583 magna
196 1522 267 1567 earnis
284 1521 428 1568 tribulatione
446 1521 547 1579 afflictus
558 1521 620 1582 quasi
636 1520 794 1581 desperationis
810 1536 861 1581 pro-

97 1584 171 1631 fundo
189 1584 308 1630 videbatur
325 1585 434 1631 absortus.
474 1584 637 1646 Duplicabatur
648 1585 667 1629 ei
679 1584 771 1629 cottidie
789 1584 861 1638 dolor,

98 1648 154 1694 dum
173 1648 312 1706 conscientia,
323 1649 394 1712 magis
411 1660 486 1694 tenera
503 1665 570 1712 quam
588 1648 687 1703 discreta,
700 1647 792 1710 cogebat
810 1665 862 1694 eum

98 1714 125 1759 de
138 1714 221 1759 nichilo
238 1714 347 1769 confiteri,
359 1714 471 1777 siquidem
483 1731 528 1759 non
543 1714 715 1775 temptationem
725 1713 813 1770 habere,
825 1714 863 1759 sed

98 1778 241 1839 temptationi
253 1779 341 1824 cessisse
352 1780 386 1824 vel
405 1778 521 1824 modicum
538 1787 602 1823 tanto
617 1778 692 1824 studio
709 1777 864 1823 confitendum

99 1852 163 1888 esset.
203 1843 253 1903 lpse
275 1859 328 1888 vero
349 1853 439 1888 tantum
461 1843 554 1902 pudoris
575 1841 677 1898 habebat,
699 1842 761 1903 quod
783 1843 864 1888 timens

100 1915 177 1950 totum
199 1906 239 1949 uni
261 1906 368 1951 sacerdoti
391 1906 503 1967 detegere,
525 1905 609 1967 quippe
631 1921 682 1951 cum
710 1905 778 1951 nichil
800 1915 864 1960 esset,

100 1969 247 2032 cogitationes
258 1970 315 2031 ipsas
328 1969 436 2024 dividens,
449 1970 548 2016 diversas
565 1969 657 2015 diversis
674 1970 794 2030 particulas
811 1986 865 2015 con-

101 2034 207 2082 nectabat.
243 2034 348 2087 Quadam
363 2051 418 2081 vero
436 2035 479 2093 die,
491 2052 543 2081 curn
562 2034 714 2081 deambularet
731 2051 782 2081 cum
800 2033 865 2082 beato

102 2099 228 2156 Francisco‚
246 2100 304 2145 dixit
320 2100 340 2144 ei
357 2109 463 2145 sanctus:
481 2100 566 2154 Frater,
584 2099 635 2145 dico
652 2099 700 2155 tibi,
712 2100 775 2161 quod
792 2098 866 2145 tribu-

100 2164 207 2209 lationem
226 2174 290 2209 tuam
312 2163 368 2208 nulli
388 2164 467 2209 debeas
486 2164 514 2209 de
536 2173 609 2209 cetero
631 2164 749 2218 confiteri;
774 2174 797 2209 et
818 2164 865 2209 noli

101 2227 188 2283 timere,
200 2227 254 2290 quia
264 2227 327 2290 quod
338 2227 395 2272 circa
405 2239 428 2272 te
438 2228 472 2285 fit,
484 2245 524 2272 nec
537 2239 564 2273 tu
581 2226 644 2282 facis,
655 2227 683 2273 ad
701 2244 807 2273 eoronam
824 2227 866 2273 tibi

102 2292 217 2353 perveniet
229 2308 274 2337 non
285 2292 312 2337 ad
324 2291 418 2353 culpam.
453 2293 569 2344 Quotiens
577 2301 653 2338 autem
661 2292 729 2337 fueris
738 2292 865 2348 tribulatus
905 2313 907 2318 ’

102 2367 188 2418 septem
204 2357 271 2403 Pater
287 2366 361 2402 noster
380 2356 407 2402 de
424 2373 473 2401 mea
491 2356 580 2403 licentia
598 2356 664 2403 dicas.
697 2357 795 2404 Miratus
814 2357 866 2403 inde

102 2423 164 2481 quod
176 2421 219 2467 hoc
235 2433 323 2468 sanctus
340 2421 445 2475 novisset,
457 2422 600 2483 plurimoque
618 2422 758 2483 exhylaratus
775 2423 866 2483 gaudio,

102 2493 154 2542 post
165 2485 281 2530 modicum
292 2500 383 2530 ornnem
393 2483 565 2529 tribulationem
576 2485 652 2530 evasit.

339 2629 373 2671 De
386 2640 440 2671 vera
453 2629 526 2672 letitia
538 2629 632 2680 spiritus

147 2710 321 2795 &utissimum
343 2747 468 2793 remedium
491 2758 569 2794 contra
587 2749 649 2794 mille
667 2748 751 2795 inimici
770 2751 901 2807 astutiasm]

101 2811 195 2861 letitiam
213 2813 351 2872 spiritualem
369 2821 458 2856 sanctus
476 2812 517 2855 iste
535 2812 644 2858 firmabat.
677 2813 771 2859 Dicebat
790 2814 865 2860 enirn:
