1919 3169
157 85 186 130 30
345 69 543 116 tractatus
559 64 731 115 'sucuuous

156 178 244 214 sauctus
271 167 294 211 in
321 165 409 223 talibus,
438 164 553 212 blanditur
580 165 623 210 illis
656 176 682 211 ut
711 165 811 221 assolet3
845 176 867 210 et
894 166 922 211 de

154 232 266 277 industria
292 232 323 275 eis
351 230 417 274 offert
443 246 561 276 annonam.
609 229 653 274 Die
680 231 776 291 quadam
802 240 872 291 pater,
900 241 922 276 et

154 306 225 342 mater
257 295 314 339 filios
347 294 445 339 offerunt
476 293 589 349 fratribus,
621 293 683 356 quasi
715 310 794 340 eorum
825 295 923 340 nutritos

66 359 275 422 Fol.10¹·⁰expensis;
306 368 328 405 ct
354 358 490 422 assignantes
519 358 618 421 pullulos
645 357 759 415 fratribus,
786 358 847 405 ultra
876 376 922 405 non

154 435 260 488 apparent
287 424 310 471 in
337 422 394 472 loco.
428 425 592 472 Mansuescunt
616 424 671 487 pulli
696 440 748 470 cum
772 423 878 470 fratribus
900 435 922 470 et

153 507 240 536 eorum¹
251 488 354 535 manibus
371 489 492 535 insidentes
512 506 557 535 non
576 500 601 535 ut
620 490 726 551 hospites
745 490 784 535 sed
802 501 828 535 ut
850 491 923 535 accole

104 572 105 576 ¹
153 564 270 599 versantur
279 554 303 597 in
312 553 387 597 domo.
416 554 553 598 Secularium
560 554 678 598 hominum
688 553 800 599 declinant
808 564 922 614 aspectum

154 628 176 663 et
186 617 283 664 fratrum
293 626 384 662 tantum
395 633 417 662 se
428 617 562 677 profitentur
572 616 696 680 alumpnus.

201 681 312 727 Observat
332 681 374 726 hoc
393 690 483 727 sanctus
502 691 524 727 et
543 690 625 743 stupet,
643 681 769 743 fratresque
790 682 871 727 invitat
894 682 922 727 ad

153 747 280 809 gaudium:
315 745 403 804 Videte,
430 747 468 802 ait,
496 746 551 809 quid
578 746 657 791 fratres
684 746 755 791 nostri
782 746 922 806 pectusrubei

153 812 255 867 fecerint,
277 812 339 873 quasi
359 812 445 856 ratione
465 811 572 872 vigerent.
612 812 728 857 Dixerunt
750 811 826 856 enim:
855 810 921 870 Ecce,

153 875 240 933 fratres,
265 874 329 918 vobis
356 885 444 919 nostros
470 886 622 935 presentamus
649 876 750 930 natellos,
777 876 817 936 qui
844 878 922 921 vestris

154 941 234 985 nutriti
246 950 298 984 sunt
307 939 377 985 micis
411 939 531 1001 Disponite
540 940 568 986 de
576 939 620 985 illis
629 949 655 985 ut
663 938 718 985 libet
728 956 733 994 ;
752 949 774 985 et
783 938 811 985 ad
819 938 874 985 alios
881 956 922 985 nos

153 1004 209 1050 lares
220 1004 347 1049 transimus.
382 1004 546 1049 Mansuescunt
558 1004 634 1066 itaque
647 1020 674 1049 ex
688 1013 738 1050 toto
751 1020 802 1049 cum
815 1003 922 1050 fratribus

153 1079 176 1115 et
187 1068 321 1115 unanimiter
338 1068 429 1130 capiunt
447 1068 528 1116 cibum„
563 1069 605 1114 Sed
622 1068 715 1114 avaritia
730 1069 817 1130 rumpit
828 1084 921 1115 concor-

154 1134 220 1187 diam,
239 1134 294 1178 dum
313 1134 411 1178 minores
429 1135 572 1195 persequitur
591 1134 681 1179 maioris
699 1133 772 1180 elatio.
806 1135 922 1180 Saturatus

154 1213 250 1259 namque
267 1194 338 1240 maior
355 1212 397 1257 pro
410 1195 484 1252 libitu,
496 1197 593 1258 reliquos
609 1196 697 1258 repellit
714 1212 726 1241 a
743 1197 808 1242 cibo:
831 1198 921 1255 Videte,

154 1261 234 1325 inquid
250 1269 319 1323 pater,
335 1261 396 1323 quod
413 1261 449 1305 hic
467 1261 521 1306 facit
539 1277 634 1307 avarus:
658 1260 743 1307 Plenus
762 1261 809 1323 ipse
826 1278 851 1307 ac
868 1260 921 1308 facit

154 1326 262 1371 famelicis
272 1325 380 1370 fratribus
390 1326 484 1373 invidet.
519 1326 583 1371 Mala
593 1326 621 1371 ad
632 1326 675 1371 huc
686 1336 758 1372 morte
769 1325 890 1373 necabitur.

202 1389 303 1434 Verbum
322 1390 392 1434 sancti
411 1390 529 1435 confestim
551 1390 610 1434 ultio
631 1391 740 1452 sequitur.
783 1391 853 1451 Super
872 1408 922 1436 vas-

154 1454 230 1499 culum
246 1469 301 1516 aque
319 1452 416 1499 fratrum
433 1454 536 1500 turbator
554 1454 659 1511 ascendit,
670 1465 696 1499 ut
713 1452 781 1511 bibat,
793 1454 830 1517 qui
847 1453 921 1500 subito

154 1519 178 1563 in
191 1535 248 1581 aqua
264 1518 386 1563 suffocatus
403 1519 495 1574 interiit,
507 1534 547 1564 nec
563 1529 638 1580 gattus
654 1518 776 1576 invenitur,
789 1535 829 1564 nec
846 1518 922 1577 bestia,

155 1600 198 1646 que
217 1599 269 1629 ausa
287 1583 357 1630 fuerit
376 1584 446 1630 sancti
465 1583 581 1630 anathema
602 1582 738 1646 contingere.
772 1582 922 1629 Horrendum

155 1648 239 1692 malum
256 1648 347 1693 avaritia
363 1648 489 1705 hominum,
502 1649 591 1710 quando
607 1649 638 1691 sie
654 1649 781 1709 puniuntur
797 1649 820 1691 in
836 1649 921 1693 avibus.

154 1709 268 1756 Timenda
286 1721 319 1756 est
334 1721 357 1757 et
373 1722 501 1757 sanctorum
519 1712 635 1767 sententia,
652 1727 719 1774 quam
737 1722 798 1757 tanta
816 1711 923 1759 facilitate

155 1776 254 1823 vindicta
264 1776 414 1840 subsequitur.

40 1927 150 1971 [n-xxxvfl
194 1919 269 2013 qupa
280 1930 309 1960 ea
326 1930 372 1970 que
390 1920 419 1960 de
438 1920 507 1960 fratre
522 1919 635 1960 bernardo
653 1919 758 1970 predixit,
774 1921 850 1962 omnia
867 1924 922 1963 sunt

156 1983 221 2024 comp
270 2002 275 2014 .

203 2066 294 2158 filio
320 2094 419 2157 quodam
448 2104 549 2155 tempore
579 2094 607 2140 de
639 2094 708 2141 fratre
739 2094 856 2152 bernardo,
883 2096 922 2159 qui

155 2163 266 2209 secundus
282 2160 305 2203 in
324 2159 403 2204 ordine
421 2158 489 2202 frater
507 2160 617 2215 extiterat,
636 2160 765 2220 prophetice
784 2161 814 2203 sic
833 2161 922 2205 locutus

156 2237 204 2275 est:
228 2226 286 2271 Dico
303 2223 374 2280 vobis,
392 2223 454 2286 quod
471 2221 534 2268 fratri
551 2225 666 2270 Bernardo
683 2223 730 2270 dati
747 2235 799 2270 sunt
816 2225 843 2271 ad
861 2241 924 2269 exer-

156 2292 242 2348 citium,
254 2288 392 2336 subtilissimi
404 2288 510 2333 demones
520 2298 542 2333 et
553 2288 611 2334 inter
622 2289 677 2335 alios
690 2287 781 2351 spiritus
797 2289 922 2352 nequiores,

156 2373 255 2419 quorum
267 2354 317 2401 etsi
329 2368 416 2412 semper
427 2351 529 2414 invigilet
541 2353 649 2411 studium,
661 2363 687 2399 ut
698 2353 784 2399 stellam
800 2352 882 2400 faciant
895 2356 923 2401 de

156 2420 203 2465 celo
220 2433 329 2472 corruere,
346 2415 439 2461 alicuius
455 2425 529 2461 tamen
545 2418 588 2461 erit
603 2418 676 2462 exitus
692 2418 730 2462 rei.
766 2418 923 2463 Tribulabitur

156 2485 255 2549 quidem,
274 2478 433 2537 stimulabitur,
452 2479 579 2543 affligetur3
603 2480 642 2527 sed
663 2480 754 2526 tandem
773 2497 800 2526 ex
819 2481 923 2528 omnibus

156 2548 310 2610 triumphabit.
346 2546 378 2591 Et
389 2543 490 2591 addidit:
510 2546 573 2591 Circa
586 2556 682 2592 mortem
698 2546 745 2591 eius
762 2546 824 2592 omni
837 2556 922 2608 tempe-

156 2624 212 2660 state
219 2612 329 2668 submota,
338 2610 400 2655 omni
409 2611 557 2671 temptatione
566 2611 610 2656 iam
619 2612 685 2668 victa,
693 2610 749 2656 mira
755 2611 923 2674 tranquillitate,

157 2694 180 2723 ac
197 2692 250 2738 pace
267 2676 363 2731 fruetur,
380 2690 491 2736 cursuque
508 2685 648 2731 consumato,
662 2674 757 2718 feliciter
774 2675 878 2736 migrabit
896 2676 923 2720 ad

158 2742 281 2789 Christum.
321 2739 409 2784 Revera
429 2738 460 2783 sic
481 2737 565 2784 factum
586 2748 633 2784 est:
659 2738 770 2784 miraculis
795 2755 856 2784 mors
877 2739 924 2785 eius

157 2805 260 2851 inclaruit
276 2814 299 2849 et
315 2804 343 2848 ad
357 2812 474 2862 punctum,
486 2804 542 2849 sicut
554 2804 587 2849 vir
598 2804 633 2848 dei
646 2803 776 2865 predixerat,
788 2803 818 2848 sic
832 2803 922 2858 evenit3
