1919 3169
139 64 170 119 64
352 58 512 106 LEGENDA
529 58 690 106 GREGORH

139 156 178 202 sed
189 157 244 203 tolle
259 172 300 218 pro
316 156 390 217 pretio
406 155 540 200 mantellum
557 172 625 217 quem
642 165 710 217 porto
726 166 749 201 et
764 172 834 217 agnos
850 157 906 201 mihi

138 222 242 268 concede.
275 221 324 272 Qui
334 219 398 266 alacri
413 219 489 265 animo
504 219 621 282 agniculos
636 219 717 266 tribuit
733 230 756 266 et
772 221 905 267 mantellum

138 287 244 350 suscepit,
255 286 363 348 quoniam
374 283 447 330 multo
459 284 549 330 maioris
560 284 626 347 pretii
641 294 688 330 erat
698 284 824 343 mantellus,
836 302 906 349 quem

138 368 203 398 causa
213 351 303 413 frigoris
314 348 437 412 expellendi
449 360 539 396 sanctus
550 367 562 397 a
573 350 673 412 quodam
690 349 750 396 fideli
761 351 812 397 viro
823 362 906 399 mutuo

138 425 264 478 susceperat
284 430 310 459 ea
334 415 377 461 die.
420 415 528 461 Ceterum
550 425 645 471 sanctus,
667 414 727 476 apud
754 430 777 460 se
798 416 905 478 susceptis

137 480 251 544 agniculis,
263 479 319 543 quid
329 479 357 526 de
373 479 427 541 ipsis
438 478 520 527 faceret
537 480 645 527 sollicitus
661 478 774 541 cogitabat
789 489 811 528 et
827 480 904 528 habito

138 547 230 592 consilio
241 544 314 591 fratris
325 544 453 592 associantis
464 561 524 599 eum,
537 561 575 591 eos
585 545 635 591 viro
647 544 679 590 illi
687 545 702 577 ⁴³
712 544 812 591 reddidit
823 545 905 609 guber-

138 611 229 666 nandos,
243 610 387 671 precepitque
398 609 447 664 sibi,
459 626 487 654 ne
498 609 546 655 ullo
552 617 568 641 ⁴⁹
579 619 679 671 tempore
690 611 797 655 venderet
808 627 854 667 eos,
865 627 906 656 nec

137 674 221 721 malum
232 674 323 735 aliquod
334 674 365 718 eis
376 672 475 730 inferret,
483 672 522 718 sed
533 684 680 730 conservaret,
690 673 812 729 nutriret,⁵0
819 684 906 738 regeret

136 739 243 784 studiose.

47 935 128 975 [n-xxrr]
139 929 173 970 De
182 938 264 978 amore,
274 938 343 978 quem
352 929 454 1002 propter¹
465 930 605 987 creatorem,Z
614 928 647 968 in³
655 927 772 970 omnibus4
781 930 904 971 creaturis4

231 979 329 1021 habebat
336 982 356 1023 ;⁵
365 983 389 1022 et
411 979 563 1029 descriptione
572 979 692 1029 utriusque
701 981 813 1023 hominis-⁷

183 1059 321 1150 Itongum
332 1096 390 1132 esset
401 1086 468 1132 nimis
479 1096 501 1133 et
512 1084 650 1148 impossibile
661 1086 736 1132 omnia
747 1104 865 1134 numerare
879 1105 904 1134 ac

137 1155 273 1216 recolligere,
296 1167 340 1214 que
356 1150 469 1213 gloriosus
484 1160 546 1213 pater
562 1150 684 1197 franciscus
703 1149 756 1197 fecit
773 1162 796 1199 et
817 1152 903 1207 docuit,

137 1219 208 1264 donec
219 1218 243 1264 in
254 1232 317 1262 carne
328 1216 392 1261 vixit.
425 1216 485 1277 Quis
501 1215 561 1261 enim
579 1232 680 1278 unquam
698 1226 772 1278 posset
789 1233 903 1264 summum

137 1284 186 1328 eius
208 1282 313 1328 aflectum
335 1281 467 1339 exprimere,
490 1297 536 1341 quo
553 1279 576 1324 in
594 1280 708 1334 omnibus,
726 1298 770 1342 que
789 1281 825 1327 dei
843 1292 903 1337 sunt,

137 1344 267 1393 ferebatur?
320 1342 379 1404 Quis
413 1358 514 1389 enarrare
541 1341 652 1388 sufficeret
681 1343 830 1403 dulcedinem,
858 1361 903 1408 qua

136 1408 267 1458 fruebatur8
289 1407 444 1470 contemplans
468 1408 491 1454 in
518 1407 625 1454 creaturis
646 1407 768 1471 sapientam
790 1411 900 1466 creatoris,

136 1477 261 1539 potentiam
272 1484 295 1519 et
307 1472 431 1519 bonitatem
442 1473 506 1519 eius?
541 1473 634 1529 Revera,
646 1474 703 1519 miro
714 1483 781 1537 atque
793 1475 901 1522 ineffabili

136 1542 220 1604 gaudio
242 1556 270 1585 ex
291 1538 331 1583 hac
350 1538 528 1583 consideratione
549 1538 664 1599 sepissime
690 1540 826 1600 replebatur,
850 1558 901 1586 cum

137 1603 268 1667 respiciebat
280 1603 357 1657 solem,
367 1610 432 1646 cum⁹
442 1601 519 1647 lunam
531 1602 642 1659 cernebat,
652 1619 704 1648 cum
715 1602 789 1650 stellas
798 1614 820 1650 et
827 1605 902 1652 firma-

136 1679 239 1716 mentum
250 1665 387 1713 intuebatur.

185 1735 206 1779 0
218 1732 288 1794 pietas
300 1729 394 1793 simplex
405 1738 427 1775 et
438 1744 452 1774 o
463 1728 592 1790 simplicitas
603 1729 653 1791 pia!
687 1730 750 1777 Circa
766 1732 902 1779 vermiculos

137 1799 204 1845 etiam
212 1797 282 1844 nimio
289 1795 396 1857 flagrabat
403 1810 487 1853 amore,
494 1794 547 1856 quia
555 1794 639 1856 legerat
646 1794 675 1841 de
681 1795 791 1841 salvatore
802 1797 900 1845 dictum:

136 1864 188 1925 Ego
200 1877 251 1907 sum
261 1861 344 1905 vermis
356 1869 378 1903 et
390 1874 436 1901 non
447 1859 524 1902 homo.
557 1859 589 1902 Et
600 1859 683 1903 idcirco
694 1876 732 1904 eos
743 1861 861 1922 colligebat
873 1864 901 1908 de

136 1921 899 1986 viaintutorecondensloco,netranseuntiumvestigiistererentur.

137 1991 201 2052 Quid
211 1990 239 2037 de
250 1989 298 2035 aliis
309 1985 454 2035 inferioribus
464 1986 568 2032 creaturis
586 1987 667 2043 dicam,
679 2003 731 2034 cum
748 1997 771 2034 et
787 1989 865 2050 apibus
877 1991 899 2037 in

136 2057 217 2113 hieme,
226 2072 254 2099 ne
261 2052 351 2116 frigoris
362 2052 438 2113 algore
447 2050 573 2106 deficerent,
584 2051 636 2107 mel,
645 2052 691 2098 sive
700 2054 812 2114 optimum
822 2055 900 2101 vinum

136 2120 216 2167 faceret
227 2118 345 2164 exhiberi?
378 2117 486 2168 Quorum
493 2124 509 2141 ¹⁰
519 2116 637 2163 efficaciam
644 2125 659 2142 ¹²
670 2133 765 2179 operum
782 2129 805 2164 et
815 2120 900 2183 ingenii

136 2185 288 2230 excellentiam
296 2184 323 2227 ad
331 2181 418 2226 domini
425 2179 519 2241 gloriam
531 2180 611 2225 tanto*
622 2182 729 2241 preconio
738 2183 864 2239 extollebat,
875 2197 900 2230 ut

135 2248 196 2295 diem
208 2262 276 2295 unam
288 2245 422 2307 plerumque
429 2244 452 2289 in
461 2258 536 2289 earum
543 2254 565 2290 et
572 2252 587 2268 ²²
596 2254 719 2291 ceterarum
726 2253 741 2277 ¹³
750 2256 900 2294 creaturarum

135 2313 241 2361 laudibus
251 2319 398 2358 consumaret.

174 2431 190 2463 4⁸
199 2434 232 2470 Os.
241 2433 298 2468 omits.
325 2431 363 2466 Ox.
372 2428 409 2466 illo.
486 2431 502 2459 ‘¹9
511 2427 539 2465 Μ.
548 2427 585 2465 illo.
662 2432 678 2458 5⁰
688 2429 712 2468 L.
721 2430 755 2467 and
764 2429 795 2468 W.
805 2431 872 2471 addet.

175 2488 182 2507 ¹
192 2486 225 2522 Os.
234 2481 292 2524 adds
301 2491 408 2523 amorem.
493 2483 501 2500 ²
511 2480 543 2516 Os.
553 2480 668 2521 creatoris.
753 2485 760 2508 ³
771 2484 803 2519 Os.
812 2483 848 2523 ad.

174 2537 224 2574 405.
234 2545 314 2576 omnes
323 2536 447 2575 creaturas-
482 2532 490 2560 ⁵
500 2533 532 2569 Os.
542 2531 627 2574 habuit.
660 2530 668 2554 ⁶
678 2532 702 2570 L·
711 2533 746 2570 and
755 2535 787 2572 Os.
796 2534 842 2577 add
851 2535 886 2578 de.

174 2587 217 2626 aL.
226 2586 260 2625 and
269 2587 302 2623 Os.
312 2584 357 2628 add
366 2584 408 2626 sui.
452 2581 494 2621 ⁸L.
503 2582 595 2621 ferebatur.
621 2582 650 2622 M.
660 2584 762 2622 fervebatur.
803 2588 885 2626 ⁹Os.et.

175 2643 190 2664 ¹⁰
199 2638 227 2677 M.
237 2648 323 2689 quantum.
350 2636 384 2683 H,
395 2637 434 2681 Os,
444 2637 482 2673 Ox.
491 2635 525 2672 and
534 2634 565 2673 W.
575 2648 651 2685 quarum.
705 2641 719 2660 11
727 2637 751 2674 L.
761 2637 880 2677 efficienciam.

175 2693 187 2716 l
196 2692 339 2730 Cmmencement
353 2688 375 2727 of
387 2690 437 2726 verso
450 2686 472 2725 of
482 2687 567 2736 fragment
580 2688 602 2725 of
612 2696 652 2726 text
664 2701 687 2726 on
700 2701 751 2727 cover
765 2689 786 2727 of
797 2689 840 2729 MS.
855 2702 865 2740 3
869 2701 898 2741 51,

136 2746 198 2780 Assisi.

175 2799 190 2821 ¹²
200 2797 238 2837 Ox,
247 2795 304 2834 omits.
356 2795 371 2819 ¹³
381 2792 419 2829 Ox.
429 2789 519 2840 addeque.
