1919 3169
245 78 405 126 LEGENDA
422 78 582 125 GREGORII

244 269 403 301 CONTEMPTUS
419 269 584 299 VEREchDIE.

83 370 189 432 Cumque
211 368 332 430 perductus
353 376 410 412 esset
431 383 504 413 coram
527 367 641 430 episcopo,
666 385 706 415 nec
727 384 801 415 moras

35 435 120 496 patitur
132 450 171 477 nec
188 442 305 477 cunctatur
316 433 345 476 de
355 431 438 492 aliquo.
448 433 463 456 ¹⁸
497 433 549 477 lmo
561 448 601 475 nec
611 433 678 477 verba
691 442 800 494 expectat,

37 513 76 544 nec
87 497 146 555 facit,
158 496 197 543 sed
212 496 319 542 continuo
335 494 444 556 depositis
458 504 480 541 et
494 495 599 557 proiectis
612 495 719 542 omnibus
733 495 801 544 vesti-

36 562 123 617 mentis
145 561 243 608 restituit
254 576 278 606 ea
305 559 368 622 patri.
378 567 393 592 ¹⁹
431 559 525 623 Insuper
552 567 596 607 et²0
623 577 663 607 nec
687 559 801 608 femoralia

37 629 135 674 retinens
150 636 211 672 totus
228 642 302 671 coram
319 624 423 670 omnibus
438 625 573 673 denudatur.
607 625 732 688 Episcopus
748 643 802 673 vero

37 692 138 739 animum
150 690 218 752 ipsius
230 690 354 747 attendens
363 688 523 752 fervoremque
533 706 557 736 ac
573 691 720 737 constantiam
733 691 800 737 nimis

37 757 155 810 admirans,
167 755 270 813 protinus
281 754 406 799 exsurrexit
416 769 423 808 ;
439 762 462 799 et
479 754 536 799 inter
547 753 634 799 brachia
649 770 688 799 sua
701 754 715 780 ³¹³
726 756 799 814 ipsum

38 818 192 880 recolligens,²¹
204 815 279 878 pallio,
290 834 337 879 quo
349 816 442 861 indutus
453 827 507 874 erat,
519 816 618 862 contexit
628 835 688 863 eum.

86 881 198 929 Intellexit
219 892 294 944 aperte
315 880 419 928 divinum
441 897 487 927 esse
506 882 626 928 consilium
647 892 670 929 et
685 881 743 929 facta
759 881 802 929 viri

39 949 89 1006 Dei,
112 964 157 1009 que
173 946 336 1008 presentialiter
357 946 450 1002 viderat,
467 947 575 1009 cognovit
593 948 726 1009 mysterium
748 964 803 995 con-

39 1013 117 1059 tinere.
163 1011 242 1057 Factus
264 1021 297 1057 est
318 1020 436 1072 propterea
452 1010 557 1073 deinceps
578 1011 668 1058 adiutor
689 1012 755 1068 eius3
780 1021 802 1057 et

38 1077 119 1123 fovens
140 1075 214 1136 ipsum
236 1084 304 1136 atque
326 1073 463 1131 confortans
485 1075 623 1137 amplexatus
650 1085 684 1121 est
706 1092 758 1122 eum
779 1075 803 1121 in

39 1139 160 1187 visceribus
171 1139 275 1185 caritatis.

88 1205 146 1252 Ecce
173 1204 217 1250 iam
239 1203 314 1249 nudus
341 1219 394 1249 curn
421 1204 483 1250 nudo
509 1203 626 1259 luctatur3
651 1214 673 1251 et
696 1203 804 1267 depositis

40 1269 152 1325 omnibus,
164 1285 209 1331 que
219 1278 272 1314 sunt
283 1268 370 1326 mundi,
382 1267 452 1314 solius
465 1268 541 1314 divine
557 1268 642 1314 iustitie
658 1280 803 1317 memoratur.

40 1335 119 1378 Studet
130 1334 174 1376 iarn
185 1334 215 1376 sic
226 1332 341 1392 propriam
355 1342 515 1392 contempnere
527 1334 604 1389 vitam,
616 1349 706 1377 ornnem
715 1349 757 1393 pro
767 1333 805 1378 illa

40 1395 214 1443 sollicitudinem
226 1395 367 1456 deponendo,
379 1405 404 1441 ut
415 1395 457 1441 sibi
465 1395 557 1458 pauperi
569 1411 611 1456 pax
619 1405 676 1442 esset
687 1397 710 1442 in
718 1396 806 1443 obsessa

42 1461 94 1517 via3
111 1470 134 1505 et
150 1459 210 1506 solus
226 1460 298 1506 earnis
315 1459 385 1522 paries
401 1459 475 1521 ipsum
492 1478 504 1506 a
520 1460 596 1507 divina
612 1461 698 1507 visione
714 1460 805 1508 interim

40 1534 157 1588 separaret.

67 1706 170 1758 Qualiter
179 1717 193 1747 a
203 1705 328 1748 latronibus
338 1707 433 1756 captus¹
443 1706 558 1756 proiectus
567 1705 609 1748 fuit
619 1706 641 1747 in
651 1707 725 1749 nivem
734 1712 751 1755 3²
761 1710 784 1750 et
810 1701 891 1743 [nan]

259 1757 372 1808 quomodo
381 1757 473 1799 servivit
481 1757 592 1809 leprosis.3

87 1837 148 1927 Bam
171 1862 231 1906 enim
254 1877 307 1906 curn
330 1862 475 1906 semicintiis⁴
492 1861 624 1907 involutus⁵
641 1873 750 1926 pergeret,
767 1865 806 1926 qui

43 1926 158 1990 quondam
180 1926 332 1988 scarulaticisj„
346 1926 449 1973 utebatur
471 1937 493 1972 et
510 1943 550 1989 per
569 1927 707 1989 quamdam⁷
728 1928 806 1976 silvam

42 1992 119 2038 laudes
136 1992 229 2037 domino
246 1991 322 2053 lingua
338 1990 463 2053 francigena
478 1992 612 2049 decantaret,
627 1993 724 2038 latrones
741 2010 807 2055 super

43 2072 95 2102 eum
106 2054 196 2101 subito8
207 2056 327 2103 irruerunt.
361 2055 453 2107 Quibus
464 2054 526 2102 ferali
537 2056 613 2103 animo
623 2073 676 2103 eum
688 2058 737 2119 quis
749 2068 806 2104 esset

43 2118 239 2181 interrogantibus,
262 2119 401 2166 confidenter
422 2120 457 2165 vir
477 2120 522 2166 Dei
539 2120 604 2181 plena
620 2135 674 2167 voce
690 2122 806 2183 respondit

44 2183 134 2228 dicens:
151 2183 223 2228 Preco
233 2199 284 2228 sum
295 2183 370 2245 magni
382 2184 448 2246 regis,
459 2183 515 2245 quid
526 2183 553 2229 ad
564 2185 622 2229 vos?

91 2248 124 2293 At
139 2246 173 2293 illi
190 2248 340 2309 percutientes
355 2264 408 2295 eum
423 2248 447 2293 in
463 2247 555 2295 defosso
571 2247 621 2294 loco
634 2249 702 2310 pleno
719 2250 813 2314 magnis

46 2311 136 2357 nivibus
153 2313 282 2373 proicerunt
298 2314 412 2358 dicentes:
431 2313 495 2370 lace,⁹
512 2313 594 2359 rustice
610 2330 676 2374 preco
693 2315 737 2360 Dei
755 2317 807 2376 lpse

84 2434 160 2471 1819Μ.
171 2436 205 2472 and
215 2437 239 2473 L.
250 2449 368 2474 courunnrus
377 2449 493 2475 vuxucuvnrn.
593 2441 608 2460 ²⁰
622 2436 660 2476 Ox.
671 2440 728 2477 omits.

85 2486 96 2509 l*
105 2485 260 2527 Commencement
267 2490 288 2527 of
294 2490 362 2540 portion
372 2489 393 2527 of
399 2498 438 2527 text
446 2491 516 2537 missing
525 2489 570 2527 from
580 2488 653 2528 Oxford
662 2489 732 2529 Codex.

84 2542 99 2560 ²1
110 2538 137 2576 H.
147 2539 236 2588 colligens.

85 2593 91 2612 ¹
105 2588 132 2628 H.
142 2592 216 2634 omits.
418 2596 426 2614 ²
435 2591 463 2630 H.
474 2593 530 2635 nive.

83 2640 134 2701 {Os-
149 2645 246 2693 qualiter
263 2644 413 2688 alationibus
426 2648 508 2695 captus
522 2647 570 2689 estr
587 2648 610 2687 et
623 2646 646 2686 in
665 2647 738 2688 nivem
754 2659 806 2690 eum

37 2698 193 2741 proiecerunt.

84 2748 92 2773 4
101 2743 129 2790 H.
137 2747 247 2785 semicinctis.
362 2748 370 2775 5
379 2746 407 2785 Η.
413 2748 470 2784 omits.
599 2745 607 2770 ὓ
616 2746 644 2785 Η.
652 2747 760 2786 scarlaticius.

84 2793 231 2847 7W.quandam.
335 2797 342 2822 ⁸
356 2798 389 2837 Os,
400 2801 456 2836 omits.
573 2803 581 2827 9
591 2800 615 2838 L,
625 2800 654 2839 ibi.

420 2868 433 2900 B
