1919 3169
264 74 425 121 aroanna
443 72 597 134 numqua
786 86 813 131 41

47 171 166 228 inclinatur
188 181 210 217 et
236 171 314 233 accipit
338 185 464 226 nummum,
485 169 525 216 sed
546 168 651 216 divinum
673 184 718 213 non
739 168 817 214 evadit

48 235 157 281 iuditium
167 250 174 291 ¹,
191 236 265 297 perdit
276 233 389 295 externplo
400 233 522 296 loquelam,
531 232 621 279 frendet
632 233 745 288 dentibus,
753 232 816 294 loqui

49 314 94 344 non
112 298 218 361 prevalet.
262 299 296 344 Sic
315 313 373 359 pena
391 297 468 358 prodit
487 298 594 353 insanus;
619 296 650 341 sic
671 296 731 342 ultio
750 295 816 341 docet

49 363 118 425 patris
145 362 232 426 legibus
259 363 415 424 obtemperare
442 361 570 423 superbum.
618 360 722 408 Tandem
746 359 817 407 fetore

49 429 157 490 proiecto,
176 428 264 491 polluta
282 426 339 473 labia
361 426 423 490 aquis
445 426 568 490 penitentie
586 424 632 472 lota
652 426 772 473 solvuntur
793 425 892 484 inF01.39

48 494 152 541 laudern:
174 510 253 539 verum
275 492 420 554 proverbium
442 502 489 537 est:
513 491 609 553 Corrige
624 490 721 536 stultum
737 500 760 535 et
775 490 818 535 erit

49 573 138 605 amrcus.

94 652 210 737 Videas
223 683 342 748 aliquando
355 683 452 731 vicarius
466 683 535 729 sancti
547 682 623 740 frater,
634 693 712 746 petrus
724 683 876 740 cathanii[a-1J]

50 749 122 795 turbis
139 749 237 796 fratrum
254 749 378 795 forensium
396 758 494 794 sanctam
514 748 613 794 Mariam
631 749 658 795 de
677 748 820 809 portiuncula

50 812 197 876 frequentari,
208 829 249 858 nec
260 813 288 858 ad
299 812 466 875 providendum
477 812 500 856 in
512 812 637 857 necessariis
654 812 820 875 heleemosynas

51 877 188 932 habundare,
199 877 257 923 dixit
268 878 295 923 ad
307 886 409 922 sanctum
421 878 440 922 F
441 876 582 922 rancischum
592 893 598 922 :
616 877 670 922 kare
678 877 755 935 frater,
764 876 820 939 quid

51 941 137 1000 faciam,
148 942 204 988 dum
215 941 346 988 catervatim
357 940 459 1003 undique
470 940 635 987 confluentibus
648 941 763 998 fratribus,
774 957 820 986 non

52 1006 122 1051 habeo
142 1023 189 1068 quo
211 1006 345 1051 sufficienter
364 1006 510 1067 provideam?
546 1005 634 1051 Placeat
654 1022 695 1051 oro
711 1016 741 1061 te,
758 1005 820 1068 quod

52 1069 186 1116 intrantium
213 1070 353 1116 novitiorum
380 1086 415 1114 res
442 1069 516 1131 alique
542 1080 691 1126 reserventur,
713 1070 741 1116 ad
766 1085 821 1131 quas

52 1134 207 1196 expendendas
236 1143 350 1179 recurrant
380 1142 481 1193 tempore
511 1143 649 1193 opportuno.
693 1133 821 1193 Respondit

52 1207 156 1243 sanctus:
182 1197 249 1242 Absit
264 1197 305 1242 hec
323 1196 401 1258 pietas,
419 1196 487 1241 frater
501 1196 623 1252 karissime,
642 1206 668 1242 ut
682 1212 724 1259 pro
741 1195 822 1260 quovis

52 1261 144 1308 homine
163 1263 231 1324 impie
250 1272 328 1325 agatur
345 1262 369 1307 in
386 1262 493 1326 regulam.
533 1261 565 1306 Et
587 1261 639 1307 ille:
665 1261 730 1313 Quid
751 1261 821 1326 igitur

52 1327 147 1374 faciam?
190 1328 276 1386 Altare,
295 1328 381 1389 inquid,
405 1326 476 1388 spolia
497 1327 592 1389 virginis
609 1338 632 1372 et
653 1344 738 1373 vanum
759 1326 821 1373 aufer

54 1402 166 1449 ornatum,
188 1409 240 1437 cum
262 1392 326 1437 aliter
348 1389 500 1451 indigentibus
524 1407 568 1435 non
591 1391 676 1451 poteris
697 1391 821 1436 subvenire.

55 1455 126 1501 Crede
137 1455 193 1500 mihi
205 1472 212 1511 ;
227 1455 312 1516 gratius
319 1453 409 1499 habebit
418 1454 559 1517 evangelium
569 1455 608 1499 filii
617 1455 699 1502 servari
710 1470 821 1518 suumque

53 1519 144 1582 spoliari
156 1520 229 1576 altare,
241 1535 310 1581 quam
324 1518 391 1564 altare
402 1519 509 1564 vestitum
524 1519 641 1581 filiumque
658 1529 820 1581 contemptum.

54 1584 169 1631 Dominus
193 1584 268 1631 mittet
292 1584 332 1647 qui
355 1593 467 1638 ornatum,
489 1584 552 1645 quod
574 1583 639 1629 nobis
661 1583 820 1639 commodavit,

54 1659 164 1696 restituat.

100 1743 265 1823 &ranseunte
281 1773 402 1837 aliquando
414 1774 463 1821 viro
478 1774 514 1822 dei
530 1790 583 1822 cum
600 1774 658 1821 sotio
675 1790 713 1836 per
724 1775 886 1836 apuliamlE-HJ]

56 1856 127 1902 prope
155 1840 241 1896 barum,
261 1839 347 1886 invenit
371 1839 393 1884 in
420 1839 456 1886 via
481 1838 570 1885 bursam
596 1856 700 1901 magnam
727 1841 823 1887 denariis

57 1914 224 1961 tumescentem,
236 1920 279 1967 que
290 1903 362 1950 funda
372 1903 540 1965 negotiatorum
552 1904 661 1951 vocabulo
672 1915 821 1967 nuncupatur.

58 1970 169 2016 Monetur
188 1987 200 2016 a
217 1969 276 2016 sotio
294 1979 383 2015 sanctus
404 1979 427 2016 et
448 1968 557 2015 instanter
576 1969 696 2026 inducitur,
714 1981 740 2018 ut
756 1970 823 2017 bursa

57 2035 149 2078 tollatur
167 2050 179 2076 e
197 2044 256 2078 terra
274 2044 297 2077 et
315 2033 411 2093 pecunia
427 2032 560 2093 pauperibus
576 2044 696 2096 erogetur3
713 2034 822 2080 attollitur

57 2098 128 2160 pietas
159 2097 184 2142 in
216 2096 291 2160 egenis
315 2106 339 2141 et
366 2096 390 2141 in
417 2096 547 2159 erogatione
573 2097 642 2160 ipsius
671 2098 823 2145 misericordia

58 2161 234 2209 commendatur.
268 2162 365 2208 Recusat
382 2173 470 2209 sanctus
486 2162 510 2209 id
526 2162 617 2224 penitus
634 2180 656 2209 se
667 2162 781 2211 facturum
800 2174 823 2210 et

58 2239 212 2275 commentum
231 2226 327 2273 affirmat
343 2225 393 2271 fore
410 2225 516 2289 dyaboli:
540 2227 596 2273 Non
612 2227 669 2282 licet,
683 2228 771 2291 inquid,
783 2228 823 2286 fili,

58 2293 156 2337 alienum
174 2291 269 2346 auferre,
285 2290 367 2351 peccati
384 2305 447 2350 pena,
464 2307 511 2336 non
527 2291 600 2338 meriti
617 2292 688 2354 gloria
704 2302 737 2337 est
754 2293 824 2339 aliena

59 2356 149 2401 donare.
182 2355 299 2400 Recedunt
310 2353 407 2411 deloco,
418 2354 525 2398 festinant
535 2355 577 2401 iter
593 2356 700 2416 perficere
716 2359 807 2418 ceptum
817 2374 823 2413 ς

58 2420 97 2467 sed
109 2420 211 2466 nondum
222 2419 316 2483 quiescit
323 2417 399 2476 frater,
408 2434 476 2465 vacua
484 2419 566 2482 pietate
573 2419 669 2476 delusus,
678 2421 742 2467 addit
751 2421 823 2468 adhuc

59 2486 256 2547 prevaricationem
281 2499 383 2546 suggere.
438 2485 567 2546 Aequiescit
589 2497 677 2532 sanctus
702 2486 775 2533 redire
796 2488 823 2533 ad

59 2550 143 2605 locum,
155 2566 200 2595 non
212 2560 238 2595 ut
249 2548 324 2594 fratris
340 2546 431 2609 impleat
443 2559 530 2604 votum,
543 2551 581 2595 sed
597 2561 623 2595 ut
640 2550 704 2595 fatuo
721 2551 824 2597 divinum

59 2615 162 2659 ostendat
189 2613 330 2675 mysterium.
369 2612 475 2656 Advocat
502 2613 607 2657 iuvenem
634 2615 761 2675 quemdam,
785 2615 825 2677 qui

59 2693 127 2739 supra
142 2687 238 2739 puteum
255 2675 345 2723 sedebat
363 2675 386 2721 in
402 2675 445 2732 via,
458 2686 485 2722 ut
501 2677 524 2722 in
539 2692 577 2723 ore
594 2677 691 2724 duorum
703 2679 738 2727 vel
754 2679 825 2725 trium

60 2741 151 2789 testium
162 2740 283 2788 Trinitatis
294 2739 372 2788 clareat
382 2750 551 2789 sacramentum.
654 2793 656 2795 v

109 2806 212 2852 Reversis
229 2807 273 2852 iam
291 2804 362 2851 tribus
379 2804 406 2851 ad
424 2802 525 2860 fundam,
537 2823 585 2852 eam
602 2807 712 2853 tumidam
729 2808 824 2855 vident:
