1919 3169
211 74 410 123 TRACTATUS
429 74 606 125 SECUNDUS
760 89 789 136 93

28 177 151 226 multorum
172 175 267 230 vocatio,
290 190 413 234 paucorum
435 173 522 228 electio,
543 172 647 218 omnium
666 172 790 220 retributio,

29 244 161 302 Erumpunt
171 238 195 283 in
204 238 312 300 lacrymas
323 236 453 283 auditorum
467 238 532 284 corda
544 246 684 298 compuncta,
695 252 792 300 vereque

29 307 149 370 sapientem
165 313 300 351 venerantur
316 312 342 349 ut
358 311 468 350 sanctum.
500 304 604 359 Necesse,
615 302 646 348 ait
661 301 755 363 simplex
769 302 793 347 in

29 372 94 424 corde
110 386 159 424 suo,
178 379 255 414 totum
274 367 329 412 mihi
348 367 458 428 precipuit
477 369 563 429 sapiens
584 367 697 431 quidquid
715 365 793 422 facere,

30 437 65 482 vel
82 433 155 479 dicere
175 432 251 477 statui.
295 431 337 476 Sed
354 431 406 476 novi
424 432 479 492 quid
495 432 580 477 faciam.
614 431 664 477 Scio
682 431 836 493 quosdamFol.
847 444 884 487 34¹*

30 514 107 546 versus
124 497 152 542 de
169 495 275 557 psalmis;
294 510 370 557 geram
387 495 491 556 sapientis
510 513 603 553 morem,
620 504 741 558 postquam
758 494 794 539 ille

31 562 136 625 simplicis
160 576 246 606 morem
271 559 345 621 gessit.
386 560 486 606 Advenit
508 562 602 607 crastina
623 560 698 617 sessio,
721 560 794 622 surgit

32 627 131 689 simplex,
140 626 252 688 psalmum
263 624 370 686 proponit
381 625 403 670 in
414 625 511 672 themate
521 642 526 681 ;
544 627 622 673 divino
630 626 700 689 igitur
708 625 796 671 afflatus

32 693 112 754 spiritu
130 701 176 736 tam
196 688 314 744 ferventer,
334 689 452 744 subtiliter,
470 690 564 737 dulciter
583 708 610 736 ex
628 692 741 751 insperato
760 690 795 736 dei

32 758 92 804 dono
109 764 205 815 perorat,
217 763 244 799 ut
260 769 337 799 omnes
353 753 430 815 repleti
447 764 539 816 stupore
556 771 607 801 vere
623 755 715 801 dicant:
734 753 795 800 Cum

34 818 170 882 simplicibus
186 817 341 864 sermocinatio
358 818 400 865 dei.

79 885 143 930 Hinc
150 884 256 929 moralem
263 882 395 945 parabolam,
400 890 468 946 quam
475 884 506 929 sic
512 884 657 946 proponebat,
662 884 692 930 sic
700 900 798 946 expone-

35 951 71 996 bat
81 950 116 995 vir
126 949 178 995 dei:
196 948 292 1009 Religio,
303 948 391 1010 inquid,
408 957 484 993 nostra
498 959 560 994 cetus
576 949 706 1011 pregrandis
721 958 761 1004 est,
775 958 798 994 et

35 1014 97 1076 quasi
108 1012 207 1076 synodus
218 1010 331 1073 generalis,
344 1028 389 1074 que
400 1028 427 1057 ex
442 1012 503 1057 omni
520 1022 581 1073 parte
598 1013 678 1058 mundi
694 1012 736 1058 sub
753 1029 798 1058 una

35 1078 106 1122 forma
124 1077 218 1122 vivendi
234 1076 345 1123 convenit.
380 1077 406 1121 ln
423 1077 463 1122 hac
479 1077 585 1138 sapientes
602 1094 646 1140 que
662 1077 798 1138 simplicium

35 1153 93 1198 sunt,
104 1141 131 1188 ad
142 1158 211 1188 suum
222 1140 368 1188 commodum
379 1141 479 1201 trahunt,
489 1158 541 1189 cum
552 1142 630 1189 vident
641 1142 721 1190 idiotas
732 1142 799 1205 igneo

36 1209 112 1269 vigore
123 1206 209 1251 celestia
220 1223 312 1269 querere
324 1216 346 1251 et
357 1207 460 1252 indoctos
471 1224 510 1268 per
520 1208 635 1252 hominem
646 1224 685 1268 per
696 1207 800 1268 spiritum

37 1270 157 1332 spiritualia
171 1286 253 1332 sapere.
288 1271 314 1315 In
329 1271 369 1315 hac
384 1271 451 1315 etiam
466 1271 576 1331 simplices
592 1287 637 1333 que
653 1273 680 1318 ad
694 1272 802 1332 sapientes
871 1328 872 1331 Ἰ

37 1335 155 1398 pertinent,
177 1334 200 1379 in
221 1352 289 1380 suum
311 1333 412 1381 fructum
436 1345 579 1391 convertunt,
602 1353 653 1381 cum
675 1335 702 1381 ad
724 1336 801 1381 eadem
848 1377 849 1380 ,

37 1416 112 1446 secum
122 1399 251 1446 humiliatos
262 1399 340 1446 vident
356 1400 466 1461 preclaros
476 1400 544 1457 viros,
556 1400 595 1463 qui
608 1411 701 1461 possent
718 1400 802 1463 ubique

38 1465 61 1509 in
79 1465 154 1509 seculo
173 1464 248 1509 vivere
267 1464 366 1525 gloriosi.
406 1464 477 1519 Hinc,
496 1465 533 1520 ait,
550 1465 634 1510 relucet
653 1464 716 1510 beate
735 1465 802 1510 huius

38 1527 120 1571 familie
131 1528 286 1588 pulchritudo,
298 1528 362 1573 cuius
379 1526 525 1573 multiformis
541 1539 634 1573 ornatus
650 1528 804 1590 patrifamilias

39 1607 83 1637 non
95 1592 210 1638 modicum
221 1591 298 1654 placet.

229 1759 332 1811 Qualiter
344 1761 440 1800 sanctus
453 1759 502 1801 radi
515 1759 611 1801 volebat.
809 1775 898 1816 [n-cnv]

88 1844 205 1935 Quando
225 1869 344 1918 radebatur
359 1880 456 1927 sanctus,
473 1886 525 1933 sepe
540 1870 609 1917 rasori
626 1869 726 1918 dicebat:
745 1871 805 1918 Cave

42 1954 68 1983 ne
85 1938 139 1983 mihi
156 1953 260 1999 magnam
276 1952 380 1983 coronam
397 1935 479 1991 facias;
496 1935 549 1981 volo
564 1936 631 1994 enim,
647 1936 710 1998 quod
726 1935 805 1982 fratres

42 2002 84 2046 mei
97 2002 207 2062 simplices
219 2011 307 2062 partem
318 2000 411 2045 habeant
426 2001 449 2044 in
460 2000 530 2061 capite
541 2017 599 2045 meo.
631 2000 728 2045 Volebat
744 2001 805 2046 deni-

43 2081 86 2127 que
97 2065 227 2127 religionem
239 2064 374 2127 pauperibus
385 2074 407 2110 et
417 2062 545 2120 illitteratis,
556 2080 601 2108 non
612 2063 686 2109 solum
697 2064 806 2110 divitibus

43 2139 64 2174 et
80 2129 216 2192 sapientibus
232 2146 277 2175 esse
291 2145 441 2174 communem.
482 2128 552 2190 Apud
568 2128 643 2184 deum,
655 2128 743 2191 inquid,
760 2145 806 2174 non

43 2205 76 2240 est
94 2196 213 2257 acceptatio
232 2210 377 2257 personarum
399 2204 421 2239 et
442 2192 550 2255 generalis
571 2193 671 2238 minister
693 2193 807 2256 religionis

43 2259 137 2320 Spiritus
146 2261 239 2306 Sanctus
247 2277 304 2323 eque
313 2275 380 2320 super
388 2275 509 2321 pauperem
517 2268 538 2303 et
547 2258 670 2319 simplicem
681 2259 806 2321 requiescit.

45 2323 99 2369 Hoc
110 2342 161 2379 sane
171 2325 267 2371 verbum
278 2325 351 2370 voluit
364 2324 387 2368 in
403 2323 481 2384 regula
496 2339 586 2383 ponere,
597 2323 636 2369 sed
646 2323 740 2369 bullatio
751 2323 808 2369 facta

44 2386 155 2448 preclusit.

84 2516 187 2579 Qualiter
199 2517 289 2559 volebat
306 2526 403 2567 magnos
421 2516 515 2557 clericos
532 2515 650 2556 venientes
663 2516 693 2556 ad
706 2516 893 2560 ordinemus-CLV]

47 2577 192 2619 exproprlarl.

39 2685 40 2688 ’
91 2651 180 2734 Dixit
207 2684 334 2747 aliquando,
360 2698 469 2745 magnum
495 2681 599 2727 clericum
625 2682 692 2728 etiam
720 2683 810 2728 scientie

47 2749 215 2811 quodammodo
236 2749 347 2813 resignare
366 2748 453 2806 debere,
470 2763 523 2794 cum
544 2746 630 2792 veniret
651 2747 679 2793 ad
701 2747 810 2805 ordinem,

47 2824 73 2860 ut
84 2815 122 2862 tali
135 2815 291 2879 expropriatus
301 2813 438 2877 possessione
455 2813 543 2861 nudum
559 2829 582 2858 se
599 2810 690 2859 offerret
706 2812 812 2860 bracchiis
