1919 3169
127 133 169 190 138
309 130 510 177 TRACTATUS
526 130 699 177 SECUNDUS

172 225 211 272 Ad
223 225 332 271 Montem
343 224 493 287 Trapbanum
511 225 567 271 dum
578 242 620 288 pro
631 226 676 271 suis
688 225 786 290 negotiis
797 226 888 272 insimul

124 291 171 338 duo
177 291 295 349 accedunt,
305 290 360 336 alter
368 307 449 337 eorum
457 307 529 354 usque
536 291 565 337 ad
571 292 652 337 mortis
660 292 747 338 exitum
754 292 888 341 infirmatur.

124 356 164 403 Ad
176 357 240 403 cuius
254 356 360 402 solatium
377 356 458 403 medici
475 356 577 402 advocati
595 368 740 415 concurrunt,
752 358 792 404 sed
803 357 831 404 ad
842 357 891 405 eius

124 422 242 467 sanitatem
261 419 317 466 nihil
332 421 460 482 proficiunt.
493 421 569 466 Sotius
585 431 661 467 autem
678 421 797 467 incolumis
814 433 891 469 sancto

126 485 245 533 Franciseo
263 485 394 533 huiusmodi
413 495 467 533 vota
485 495 562 542 vovet,
582 495 614 543 ut,
633 486 652 532 si
671 502 724 548 eger
741 486 789 533 eius
805 485 891 533 meritis

127 551 232 613 suscipiat
253 551 378 610 sanitatem,
400 548 486 598 festum
512 550 582 613 ipsius
608 567 708 598 annuum
728 551 752 597 in
774 552 892 600 missarum

127 615 264 678 sollempniis
286 613 420 663 observaret.
465 615 559 662 Emissis
580 616 655 680 itaque
676 616 737 662 votis
755 617 778 663 in
798 617 892 664 domum

127 682 262 742 regrediens,
273 681 398 735 infirmum,
410 696 478 743 quem
495 681 542 727 sine
558 697 613 727 voce
624 692 647 727 et
659 698 725 728 sensu
736 681 858 744 reliquerat
869 694 891 729 et

128 744 231 791 debitum
247 743 402 790 dissolutionis
418 753 537 806 putaverat
553 744 597 790 iam
614 745 707 801 subisse,
718 745 810 806 pristine
826 746 893 793 saluti

127 810 210 873 reperit
221 810 359 856 restitutum.

175 876 237 921 Puer
255 873 348 938 quidam
366 874 395 920 de
412 874 502 920 civitate
519 874 627 933 Tuderti,
638 890 678 937 per
696 885 749 921 octo
765 876 812 922 dies
829 878 893 939 quasi

128 950 234 987 mortuus
251 940 275 986 in
291 939 351 985 lecto
369 940 450 996 iacens,
463 955 502 985 ore
518 938 610 1002 penitus
627 939 749 987 intercluso
766 951 789 987 et
806 941 893 988 lumine

128 1004 248 1051 oculorum
270 1002 368 1059 sublato,
390 1013 442 1049 cute
466 1003 552 1059 vultus,
575 1019 686 1051 manuum
708 1015 730 1051 et
751 1007 837 1065 pedum
864 1008 892 1052 ad

128 1070 224 1115 modurn
242 1068 285 1114 olle
303 1067 404 1113 totaliter
421 1069 546 1130 denigrata,
557 1067 585 1113 de
602 1086 642 1114 sua
659 1069 731 1114 salute
745 1069 772 1114 ab
788 1069 893 1117 omnibus

128 1135 265 1197 desperatus,
274 1133 302 1180 ad
311 1143 393 1179 votum
402 1133 480 1179 matris
488 1149 528 1179 sue
537 1132 634 1180 mirabili
642 1133 761 1181 velocitate
770 1134 893 1183 convaluit.

129 1200 186 1255 Qui,
206 1199 258 1245 licet
276 1196 403 1250 infantulus
420 1198 484 1260 loqui
503 1198 604 1254 nesciret,
622 1217 634 1244 a
652 1198 717 1245 beato
733 1216 756 1245 se
772 1199 893 1247 liberatum

129 1263 248 1309 Francisco
259 1272 334 1309 tamen
345 1262 491 1307 balbutiendo
502 1262 595 1308 dicebat.

178 1326 270 1375 Iuvenis
281 1325 382 1390 quidam,
394 1342 446 1370 curn
457 1325 481 1370 in
498 1326 596 1389 quodam
612 1326 663 1371 loco
679 1325 788 1372 altissimo
799 1344 895 1377 morare-

128 1401 174 1450 tur,
183 1409 210 1438 ex
221 1392 301 1439 eodem
312 1390 362 1437 loco
374 1405 485 1448 corruens,
497 1391 609 1454 loquelam
621 1402 643 1438 et
655 1392 734 1438 omnia.
740 1393 895 1441 membrorum

129 1457 200 1504 offitia
225 1456 331 1521 perdidit,
355 1455 427 1501 tribus
454 1471 546 1520 quoque
573 1455 653 1502 diebus
679 1474 725 1503 non
752 1459 895 1517 manducans,

129 1540 202 1586 neque
220 1522 310 1593 bibens&
323 1538 395 1593 neque
411 1520 497 1582 aliquid
513 1521 618 1594 sentiens,
635 1533 739 1569 mortuus
755 1523 893 1573 credebatur.

39 1586 208 1636 F01.56‘⁰Mater
229 1602 284 1634 vero
305 1602 383 1647 lpsrus⁷
406 1584 522 1630 nullorum
547 1585 688 1631 medicorum
708 1587 833 1650 requirens¹
846 1589 896 1634 suf-

129 1650 234 1716 fragium,
245 1667 258 1698 a
268 1651 333 1697 beato
345 1649 463 1696 Francisco
479 1650 528 1696 eius
544 1651 643 1713 postulat
660 1652 784 1699 sanitatem.
817 1653 849 1700 Et
865 1654 896 1701 sic

128 1729 184 1765 voto
205 1717 271 1772 facto,
290 1714 371 1763 vivum
390 1731 443 1760 eum
464 1715 573 1776 recipiens
594 1726 617 1761 et
638 1717 783 1775 incolumem,
805 1718 896 1765 laudare

130 1784 189 1845 cepit
205 1780 392 1843 omnipotentiam
409 1780 528 1827 Creatoris.

177 1847 237 1892 Puer
257 1859 321 1891 unus,
338 1844 366 1889 de
393 1843 481 1899 Aretio,
503 1844 633 1889 Gualterius
660 1846 759 1903 nomine,
781 1848 896 1893 continuis

128 1909 229 1958 febribus
239 1908 341 1955 laborans
357 1919 380 1954 et
396 1906 480 1972 duplici
497 1917 633 1970 apostemate
649 1909 770 1969 cruciatus,
781 1910 808 1956 ab
824 1913 896 1958 omni-

129 1976 172 2023 bus
180 1975 273 2023 medicis
282 1974 420 2036 desperatur.
445 1973 500 2035 Qui,
507 1984 564 2021 voto
575 1985 695 2037 parentum
706 1975 771 2022 beato
778 1977 896 2025 Francisco

129 2042 219 2099 exibita,
230 2040 350 2102 concupite
360 2038 480 2087 restitutus
491 2049 524 2086 est
534 2040 630 2086 sanitati.

86 2193 125 2239 [rx]
285 2193 287 2198 ¹
343 2182 378 2225 De
390 2181 503 2234 ydropicis
516 2185 540 2224 et
554 2182 683 2233 paraliticis.

174 2269 221 2355 In
237 2302 333 2349 Fanensi
349 2301 446 2356 civitate,
457 2300 551 2363 quidam
568 2301 679 2363 ydropisis
695 2302 777 2350 morbo
793 2305 898 2353 detentus

129 2382 170 2429 per
182 2369 273 2414 beatum
284 2365 430 2413 Franciscum
446 2364 474 2410 ab
490 2365 567 2410 eadem
584 2366 714 2412 infirmitate
730 2367 796 2429 plene
812 2372 896 2417 meruit

130 2432 228 2478 liberari.

180 2495 267 2543 Mulier
277 2493 377 2559 quedam
387 2491 416 2537 de
432 2491 522 2537 civitate
533 2490 665 2555 Eugubina,
675 2494 789 2555 paralitica
804 2496 828 2542 in
839 2496 898 2545 lecto

131 2562 211 2620 iacens,
222 2577 274 2608 curn
285 2575 328 2621 pro
339 2574 379 2604 sua
395 2555 526 2604 liberatione
542 2556 600 2604 beati
612 2557 724 2606 Francisci
736 2577 819 2608 nomen
829 2564 898 2611 tertio

131 2626 254 2683 invocaret,
265 2624 293 2674 ab
304 2622 433 2671 infirmitate
444 2639 484 2670 sua
495 2622 587 2671 dimissa
597 2633 631 2671 est
642 2633 664 2671 et
675 2636 757 2675 sanata.

178 2691 258 2737 Puella
278 2688 377 2752 quedam
394 2688 422 2733 de
439 2689 536 2748 Arpino,
552 2689 635 2735 Sorane
656 2690 766 2751 dyocesis,
782 2709 795 2737 a
816 2693 897 2740 morbo

130 2755 245 2818 paralitico
261 2754 292 2801 ita
307 2750 427 2798 tenebatur
443 2750 538 2808 obsessa,
550 2753 614 2815 quod
630 2752 740 2801 dissoluta
756 2755 780 2802 in
791 2756 898 2804 membris

130 2829 153 2866 et
163 2836 203 2882 per
214 2834 295 2866 nervos
306 2826 417 2872 contorta,
429 2816 580 2879 omnibusque
591 2818 696 2865 humanis
706 2820 793 2867 actibus
803 2823 897 2883 privata,

130 2885 206 2949 potius
224 2883 345 2933 videbatur
362 2881 436 2927 vexari
454 2897 467 2926 a
485 2881 591 2927 demonio
609 2897 677 2945 quarn
695 2883 795 2931 humano
814 2886 896 2950 spiritu
