1919 3169
337 95 515 143 MlRACULA
758 110 798 155 131

40 194 68 241 de
79 194 113 240 sui
123 193 255 242 humatione
265 193 354 241 solliciti
366 193 439 240 solum
450 192 558 239 existunt.
591 191 658 237 Pater
668 207 722 239 vero
732 191 803 254 ipsius

39 260 107 306 Ihesu
114 259 208 321 pedibus
219 260 300 306 obnixe
310 259 460 319 provolvitur,
469 268 494 303 ut
505 256 577 302 filiurn
586 273 652 301 suurn
663 256 756 302 unicum
764 273 803 316 per

39 323 108 368 sancti
125 323 236 369 Francisci
252 322 337 379 merita,
349 322 413 368 cuius
426 331 480 367 tunc
496 320 543 366 dies
557 318 649 366 celebris
664 318 802 379 imminebat,

38 387 80 433 sibi
98 388 191 433 reddere
212 388 351 451 dignaretur.
395 386 522 449 Ingeminat
543 400 625 449 preme,
642 393 712 431 vovet
734 384 803 431 offitia

38 454 126 515 pietatis
144 464 167 499 et
184 454 253 500 sancti
270 453 313 498 viri
332 468 381 498 ossa
398 468 420 498 se
439 451 555 513 promictit
574 450 689 497 celerrime
706 450 802 496 visitare.

38 519 125 564 Interea
141 533 189 564 sero
205 528 276 564 mater
292 517 397 572 occurrit,
410 515 484 564 rabida
501 516 567 563 nimis
584 526 702 563 mortuum
719 515 764 561 ruit
780 516 803 561 in

39 583 110 627 filium
127 592 149 626 et
166 581 246 643 lugens
259 582 306 641 ipsa
322 590 407 626 ceteros
421 589 498 627 movet
515 581 543 625 ad
558 579 653 625 luctum.
687 578 803 624 Continuo

38 661 94 707 puer
109 660 220 707 exurgens
234 644 364 707 plangentes
381 643 494 707 obiurgat,
507 652 530 688 et
544 644 615 690 sancti
630 642 741 690 Francisci
755 640 803 688 suf-

38 709 116 772 fragiis
131 710 178 756 vite
195 725 217 755 se
234 710 347 756 redditum
360 708 470 755 alletatur.
503 708 575 754 Porro
592 708 630 772 qui
647 708 803 755 confluxerant

38 773 147 831 homines,
158 790 224 819 voces
234 773 327 819 laudum
339 773 436 818 efferunt
449 774 473 821 in
483 773 582 830 excelsis,
594 773 633 835 qui
648 789 688 833 per
699 782 802 818 sanctum

39 852 105 883 suum
117 853 129 882 a
139 836 194 882 fune
205 836 290 881 funeris
301 845 418 882 mortuum
429 835 538 881 liberavit.

86 899 207 963 Quendam
223 901 291 946 alium
308 911 423 948 mortuum
439 899 463 946 in
474 899 608 946 Alamannia
624 900 756 956 suscitavit;
773 900 802 946 de

39 983 85 1030 quo
104 967 210 1013 dominus
227 982 283 1029 papa
300 967 429 1030 Gregorius,
448 976 550 1028 tempore
571 965 723 1012 translationis
743 965 802 1012 beati

39 1031 157 1089 Francisci,
171 1029 250 1077 fratres
263 1047 341 1078 omnes
355 1031 393 1095 qui
407 1031 434 1077 ad
451 1029 618 1078 translationem
636 1030 659 1076 in
678 1029 802 1091 capitulum

40 1106 197 1152 couvenerant,
221 1111 262 1156 per
286 1096 417 1156 apostolicas
445 1094 530 1141 litteras
558 1104 629 1140 certos
654 1094 752 1141 reddidit
780 1103 802 1139 et

38 1159 166 1219 gaudentes.
199 1159 304 1205 Miraculi
315 1159 382 1205 huius
393 1158 472 1204 seriem
479 1159 532 1221 quia
540 1156 650 1221 ignoravi,
660 1174 706 1203 non
717 1157 802 1219 scripsi,

39 1222 130 1269 credens
141 1222 217 1286 papale
225 1223 382 1270 testimonium
388 1224 461 1270 omnis
468 1223 595 1271 assertionis
603 1222 709 1270 excellere
719 1222 803 1269 instru-

40 1298 151 1335 mentum.
184 1289 226 1335 Sed
244 1289 288 1335 iam
308 1289 336 1336 ad
352 1289 451 1352 reliquos
467 1298 612 1346 transeamus,
629 1304 686 1350 quos
708 1286 735 1334 ab
755 1288 803 1349 ipsa

39 1350 102 1398 fauce
113 1351 193 1398 mortis
204 1353 287 1400 eduxit,
359 1352 361 1354 ’

122 1479 155 1522 De
169 1480 212 1522 biis
226 1491 285 1532 quos
297 1492 312 1522 a
325 1481 390 1523 fauce
403 1481 483 1523 mortis
496 1480 525 1523 ad
539 1480 608 1523 vitam
622 1480 719 1523 reduxit.
806 1476 864 1521 [an]

84 1557 188 1650 Rome
204 1592 258 1638 civis
274 1592 366 1656 quidam
381 1591 470 1647 nobilis,
482 1590 596 1639 Rodulfus
610 1591 709 1648 nomine,
721 1592 803 1638 turrim

40 1655 132 1701 habebat
142 1672 189 1701 non
200 1656 288 1702 modice
298 1655 424 1702 altitudinis
432 1666 455 1702 et
466 1655 489 1701 in
500 1655 557 1701 turri
568 1672 596 1701 ex
604 1672 667 1702 more
678 1657 803 1702 custodem.

40 1719 114 1766 Nocte
122 1720 219 1784 quadam
231 1722 254 1766 in
261 1721 389 1767 summitate
398 1721 466 1766 turris
475 1730 550 1767 custos
559 1720 671 1782 profunde
682 1720 804 1779 dormiens,

41 1801 91 1831 cum
107 1786 187 1832 iaceret
203 1801 269 1848 super
286 1796 371 1833 struem
387 1785 503 1849 lignorum
519 1785 542 1832 in
553 1785 600 1848 ipsa
616 1786 675 1832 muri
692 1786 804 1848 crepidine

40 1850 171 1909 positorum,
184 1850 258 1897 soluta
268 1867 321 1897 mox
332 1850 416 1897 troclea
426 1851 474 1897 sive
485 1850 555 1896 fracta
565 1851 678 1906 deorsum,
690 1866 741 1896 cum
751 1851 804 1912 ipsis

40 1913 105 1975 lignis
113 1914 158 1959 alto
167 1915 284 1976 precipitio
293 1913 427 1977 fulgoratus,
436 1915 459 1959 in
470 1924 555 1959 tectum
566 1914 641 1974 palatii
649 1915 734 1959 corruit
743 1925 765 1960 et
776 1915 804 1960 de

40 1975 89 2038 ipso
97 1977 179 2040 palatio
185 1995 252 2041 super
259 1990 347 2024 terram.
360 1978 429 2024 Gravi
436 1995 531 2041 sompno
539 1976 803 2035 totafamiliaexcitatur3

41 2052 63 2087 et
79 2043 204 2090 inimicitias
220 2045 352 2105 suspicatus,
364 2044 431 2090 milex
441 2044 521 2106 surgit,
539 2053 635 2090 armatus
651 2044 802 2106 progreditur.

42 2105 156 2154 Eductum
171 2125 247 2155 ensem
264 2125 331 2171 super
347 2108 462 2155 hominem
478 2119 617 2170 prostratum
631 2107 710 2164 vibrat,
726 2108 888 2157 volensFolsff

41 2183 156 2229 percutere
173 2174 331 2230 dormientem,
344 2189 412 2235 quem
429 2189 475 2218 non
491 2172 662 2234 recognoscebat
679 2173 804 2219 custodem.

41 2234 74 2279 At
88 2251 144 2281 uxor
155 2236 233 2282 militis
249 2253 332 2299 pavens
348 2253 376 2283 ne
387 2236 447 2283 forte
458 2235 527 2283 frater
543 2253 598 2283 suus
614 2247 678 2292 esset,
691 2253 742 2283 curn
759 2254 805 2300 quo

42 2298 76 2343 vir
93 2301 139 2346 eius
156 2301 310 2348 inimicabatur
326 2300 354 2347 ad
371 2311 476 2357 mortem,
488 2299 588 2364 proibuit
604 2318 632 2347 ne
643 2300 726 2361 feriret,
738 2318 805 2364 super

42 2374 178 2420 prostratum
186 2383 209 2411 se
218 2377 360 2427 prosternens
372 2376 395 2411 et
403 2367 439 2426 pia
447 2368 518 2411 tutela
529 2364 657 2411 defendens.
691 2366 806 2412 Mirabilis

43 2429 127 2486 soporis
134 2429 240 2475 absortio.
273 2430 399 2490 Nunquam
406 2429 433 2474 ad
442 2445 517 2475 casum
524 2429 602 2474 iterate
610 2428 679 2484 ruine,
688 2444 806 2493 nunquam

43 2489 69 2535 ad
81 2489 204 2539 clamosum
216 2494 334 2557 strepitum
343 2493 433 2557 evigilat
442 2493 561 2541 dormiens.
596 2491 702 2540 Pulsatus
713 2493 805 2541 tandem

43 2554 135 2611 sollicita
146 2575 215 2606 manu
226 2559 282 2621 vigil
295 2559 406 2614 efficitur3
424 2569 446 2605 et
458 2559 521 2622 quasi
533 2557 593 2606 dulci
607 2558 682 2620 quiete
696 2559 805 2621 privatuS,

43 2617 99 2665 dixit
117 2621 144 2666 ad
164 2623 284 2669 dominum
302 2639 383 2669 suum:
411 2624 463 2684 Que
482 2623 546 2669 vobis
565 2638 629 2667 causa
648 2633 674 2668 ut
693 2639 729 2668 me
746 2640 805 2669 nunc

38 2683 163 2754 'exturbatis
179 2704 192 2734 a
206 2688 317 2750 sompno?
336 2687 460 2750 Nunquam
477 2698 523 2735 tam
534 2686 631 2735 suaviter
646 2686 711 2735 iacui.
744 2688 804 2735 Nam

43 2758 100 2794 mter
116 2751 278 2813 brachiabeati
292 2753 404 2799 Francisci
422 2752 549 2799 dulcissime
565 2751 712 2798 dormiebam.
745 2754 805 2799 Cum

0 2822 1 2869 g
43 2825 97 2858 vero
108 2815 135 2861 de
147 2832 196 2863 casu
208 2817 300 2881 proprio
311 2817 444 2864 edoceretur
455 2817 481 2864 ab
493 2817 541 2863 aliis
551 2825 573 2862 et
582 2816 606 2864 in
614 2831 668 2878 ymo
676 2832 699 2862 se
710 2816 803 2873 videret,
