1919 3169
266 75 428 122 annuun
446 75 603 121 cuncouu
788 76 816 132 89

55 166 188 226 suggerebat
198 184 205 221 3
221 178 243 214 et
254 169 283 214 de
293 170 417 230 adimpleto
426 170 537 215 desiderio
549 169 709 215 benedicebant
720 169 818 213 universi

55 229 243 292 omnipotentiam
258 231 380 281 salvatoris.
415 233 577 281 Verumtamen
589 231 628 278 filii
638 229 817 277 lamentabantur

55 303 119 340 tanto
146 306 208 358 patre
235 297 307 345 orbati
335 309 358 344 et
383 299 446 361 pium
477 298 551 345 cordis
578 297 684 345 affectum
714 296 817 357 lacrymis

56 369 78 404 et
108 361 209 421 suspiriis
240 364 411 410 ostendebant*
459 364 502 410 Sed
534 362 671 424 temperabat
697 362 816 409 mestitiam

55 422 164 483 gaudium
183 425 311 471 inauditum
330 436 353 472 et
371 426 471 472 miraculi
490 427 576 472 novitas
593 441 671 472 eorum
690 435 776 471 mentes
793 426 817 469 in

56 496 172 549 stuporem
183 488 278 536 nimium
290 491 440 539 convertebat.
473 491 557 538 Versus
573 501 607 537 est
616 491 692 537 luctus
708 490 731 535 in
747 489 817 535 canti-

55 567 106 597 cum
117 562 140 598 et
150 554 248 615 ploratio
258 555 281 600 in
292 555 453 602 iubilationem.
658 592 660 594 ψ

103 616 228 679 Nunquam
245 619 305 665 enim
321 620 445 675 audierant,
463 636 503 666 nec
510 627 526 645 ¹⁰
541 621 641 682 legerant
664 619 687 663 in
703 617 818 679 scripturis

56 680 119 741 quod
130 680 201 727 oculis
212 684 382 743 monstrabatur,
394 685 457 747 quod
469 695 491 730 et
498 692 512 709 ¹¹
523 683 651 746 persuaderi
660 683 698 728 vix
709 683 818 744 potuisset

55 745 103 799 eis;
120 746 138 790 si
150 762 196 791 non
207 756 254 792 tam
265 749 365 794 evidenti
378 749 508 794 testimonio
524 748 679 810 probaretur.¹²
713 746 818 793 Resulta-

55 807 93 852 bat
104 808 127 852 in
135 817 150 840 ¹³
161 826 188 855 eo
195 819 210 840 ²³
220 826 298 858 revera
314 811 387 858 forma
393 821 408 843 ¹³
420 812 490 858 crucis
499 821 522 858 et
533 812 641 872 passionis
649 811 701 872 agni
708 810 818 855 immacu-

54 869 101 929 lati,
118 871 158 934 qui
175 871 231 920 lavit
250 874 342 921 crimina
359 875 448 933 mundi,
459 876 515 921 dum
532 875 595 938 quasi
607 883 706 920 recenter
723 891 736 918 e
753 889 817 919 cruce

55 935 171 998 depositus
182 938 304 999 videretur,
316 957 395 988 manus
403 950 419 973 ¹⁴
429 951 452 988 et
463 941 530 1003 pedes
541 940 608 987 clavis
619 938 720 985 confixos
734 937 818 984 habens

55 1011 77 1047 et
95 1001 199 1049 dextrum
216 1003 275 1051 latus
294 1006 357 1068 quasi
376 1006 451 1052 lancea
468 1005 635 1052 vulneratum.¹⁵
668 1003 817 1050 Intuebantur

55 1082 152 1127 namque
163 1083 251 1112 carnem
262 1069 329 1127 illius,
341 1086 386 1131 que
398 1072 460 1131 nigra
471 1070 543 1115 fuerat
559 1071 628 1130 prius,
639 1069 735 1113 candore
746 1068 817 1112 nimio

54 1129 188 1176 renitentem
210 1141 232 1177 et
250 1147 278 1176 ex
297 1134 332 1179 sui
354 1133 521 1195 pulchritudine
542 1132 606 1179 beate
613 1133 628 1158 ¹⁶
647 1131 817 1178 resurrectionis

54 1194 138 1256 premia
149 1195 300 1258 pollicentem.

102 1259 228 1306 Cernebant
246 1263 345 1324 denique
363 1263 454 1309 vultum
474 1264 522 1308 eius
542 1263 605 1324 quasi
623 1261 713 1306 vultum
736 1260 816 1322 angeli,

54 1324 116 1383 quasi
130 1325 241 1380 viveret,¹⁷
252 1342 299 1370 non
311 1327 392 1370 sicut1⁸
403 1337 508 1371 mortuus
522 1336 580 1371 esset
591 1336 614 1370 et
630 1334 702 1370 cetera
718 1323 818 1369 membra

54 1386 101 1432 eius
120 1402 225 1435 conversa
247 1389 270 1434 in
292 1389 465 1436 teneritudinem
484 1400 507 1436 et
529 1388 667 1436 habilitatem
689 1388 817 1434 innocentie

53 1448 152 1512 puerilis.
188 1452 243 1500 Non
267 1464 319 1501 sunt
340 1454 447 1501 contracti
470 1453 532 1501 nervi
554 1454 608 1511 eius,
628 1462 654 1499 ut
675 1461 816 1499 mortuorum

54 1515 134 1574 solent,
146 1534 192 1562 non
204 1518 307 1564 indurata
318 1520 382 1577 cutis,
394 1536 440 1564 non
457 1519 529 1582 rigida
545 1519 623 1565 effecta
640 1527 693 1563 sunt
709 1517 816 1574 membra,

54 1580 94 1625 sed
110 1581 154 1626 huc
170 1591 237 1644 atque
252 1584 305 1630 illuc
316 1585 426 1630 vertentia
443 1600 466 1630 se
479 1583 550 1629 veluti
567 1581 713 1645 ponebantur.
747 1582 816 1627 Cum-

53 1659 97 1704 que
106 1654 151 1690 tam
160 1647 216 1691 mira
226 1646 395 1707 pulchritudine
407 1648 493 1692 cunctis
502 1647 643 1693 cernentibus
652 1645 816 1707 resplenderet3

53 1716 76 1752 et
87 1723 138 1753 caro
149 1710 197 1755 eius
207 1710 324 1756 candidior
339 1722 397 1756 esset
413 1710 497 1767 effecta,
509 1727 596 1756 cernere
612 1709 713 1755 mirabile
730 1719 776 1755 erat
792 1709 816 1754 in

54 1772 130 1818 medio
144 1790 251 1820 manuum
267 1785 290 1820 et
301 1776 386 1838 pedum
397 1776 444 1821 eius
456 1793 501 1822 non
517 1776 633 1823 clavorum
644 1773 736 1837 quidem
748 1790 816 1835 punc-

53 1846 114 1882 turas
125 1839 164 1884 sed
176 1840 236 1900 ipsos
246 1840 321 1886 clavos
331 1857 359 1886 ex
374 1841 422 1886 eius
433 1857 498 1887 carne
514 1840 658 1902 compositos
669 1837 721 1885 ferri
731 1848 817 1885 retenta

54 1902 171 1961 nigredine
192 1920 216 1949 ac
238 1904 343 1949 dextrum
364 1904 422 1950 latus
448 1905 557 1966 sanguine
578 1904 720 1949 rubricatum.
761 1903 816 1947 Non

54 1963 192 2010 incutiebant
198 1965 314 2011 horrorem
325 1967 438 2013 mentibus
447 1967 583 2013 intuentium
592 1968 655 2030 signa
663 1966 771 2028 martyrii,
778 1966 817 2011 sed

53 2029 157 2074 decorem
168 2032 266 2076 multum
277 2032 420 2077 conferebant
431 2042 453 2077 et
464 2033 567 2096 gratiam,
578 2033 636 2076 sicut
647 2031 670 2076 in
687 2031 817 2092 pavimento

53 2093 104 2139 albo
124 2095 181 2158 nigri
200 2095 269 2158 lapilli
288 2096 367 2143 solent.
402 2096 558 2144 Accurrebant
579 2095 656 2143 fratres
674 2106 697 2142 et
716 2094 772 2151 filii;
794 2106 817 2141 et

53 2158 229 2206 collacrimantes
245 2161 430 2208 deosculabantur
443 2178 524 2208 manus
534 2173 557 2209 et
568 2162 636 2223 pedes
652 2160 683 2221 pii
699 2160 767 2221 patris
778 2176 816 2205 eos

53 2223 236 2287 derelinquentis,
256 2241 296 2271 nec
315 2243 361 2271 non
380 2236 403 2273 et
422 2226 527 2273 dextrum
546 2228 613 2284 latus,
630 2226 653 2272 in
672 2226 735 2270 cuius
751 2223 816 2287 plaga

54 2287 115 2332 illius
131 2290 239 2333 memoria
251 2289 343 2334 celebris
354 2291 466 2351 agebatur,
478 2292 518 2352 qui
535 2308 563 2336 ex
579 2307 606 2335 eo
622 2290 672 2334 loco
683 2289 816 2350 sanguinem

51 2359 74 2395 et
96 2367 175 2414 aquam
201 2352 281 2413 pariter
308 2352 412 2410 fundens,
434 2355 545 2399 mundum
572 2351 724 2399 reconciliavit
751 2352 815 2412 patri.

54 2416 184 2463 Maximum
201 2417 288 2463 donum
299 2418 340 2463 sibi
351 2418 450 2464 exhiberi
461 2419 564 2466 cernebat
572 2426 587 2451 ¹⁹
597 2417 672 2481 quivis
683 2417 711 2463 de
722 2416 815 2479 populo,

52 2482 70 2526 si
88 2481 246 2528 admittebatur
264 2498 309 2527 non
327 2482 401 2528 solum
419 2483 446 2529 ad
464 2482 699 2539 deosculandum,·sed
710 2481 776 2527 etiam
787 2482 814 2527 ad

25 2646 27 2648 ’
90 2637 102 2658 l
116 2637 144 2675 M.
154 2637 196 2674 ends
205 2638 252 2674 here.
280 2641 295 2659 ¹⁰
305 2640 337 2674 Os.
348 2637 380 2674 rel.
408 2643 422 2660 ¹1
432 2639 463 2676 W.
473 2641 530 2677 omits.
562 2644 577 2662 ¹²
586 2639 614 2678 H.
622 2651 673 2676 nono
682 2649 792 2675 CRUCtthus.

90 2692 111 2739 ¹3¹
119 2689 150 2726 W.
160 2690 217 2726 omits.
321 2694 336 2718 14
346 2691 378 2726 Os.
388 2691 446 2727 omits.
565 2693 580 2719 ¹5
589 2692 610 2728 L.
620 2691 730 2742 perforatum.

90 2740 104 2764 ¹⁶
119 2741 139 2778 L.
149 2741 183 2778 and
193 2742 230 2778 Ox.
240 2742 308 2778 habere.
423 2745 437 2770 ¹⁷
448 2745 480 2780 Ost
490 2743 562 2781 videret.
667 2740 682 2766 ¹⁸
692 2743 724 2780 Os.
734 2743 787 2792 quasi.

90 2796 105 2822 Ι9
114 2792 148 2839 H„
159 2793 180 2830 L.
190 2793 224 2829 and
234 2794 272 2830 Ox.
282 2793 368 2830 credebat.
