1919 3169
301 47 462 94 LEGENDA
478 48 632 108 ANTIQUA
820 52 845 94 81

83 163 136 194 vero
147 157 201 192 tunc
211 145 319 207 temporis
335 145 361 190 ad
379 144 546 205 suscipiendum
562 145 666 190 ordinem
682 145 792 200 venerint,
803 147 849 191 sola

81 211 174 272 spiritus
184 211 253 255 sancti
267 209 396 270 operatione
413 209 523 253 ducentur
534 218 557 254 11
569 207 653 253 nullam
664 208 687 253 in
698 208 730 254 eis
740 209 849 254 maculam

82 290 132 321 caro
143 284 166 319 et
176 274 265 337 sanguis
274 272 393 335 impinget,
404 283 515 336 eruntque
525 289 578 320 vere
588 291 601 319 a
611 273 705 319 domino
716 272 834 319 benedicti.

130 371 315 460 Gonsolabatur
326 412 400 448 autem
411 402 537 463 plurimum
548 402 572 448 in
580 403 622 448 visr
615 401 657 448 itta
658 401 745 448 ionibus
754 402 907 460 domini,VJl·1

82 469 163 530 quibus
174 468 311 514 reddebatur
321 483 412 512 securus
423 466 538 528 religionis
549 482 588 511 sue
598 466 745 512 fundamenta
762 482 848 537 semper

82 532 212 576 inconcussa
228 545 323 584 manere,
337 530 371 574 cui
389 529 456 575 etiarn
473 528 670 591 promictebatur
665 545 688 574 1n
706 530 849 590 pereuntium

83 612 177 642 numero
192 594 318 642 indubitata
335 592 467 641 substitutio
484 592 539 640 elect
530 603 612 643 t.orum
647 594 759 641 Cumr
723 595 759 640 111
761 611 783 640 m
801 604 850 641 tur-

83 662 172 707 baretur
179 661 243 706 malis
250 659 356 721 exemplis
364 670 386 705 et
395 676 418 705 se
426 659 522 705 orationi
531 660 599 704 semel
608 659 719 705 conferret
726 659 850 717 turbatum,
893 663 894 666 ’

82 725 139 770 hanc
155 725 290 770 invectivam
306 724 430 784 reportavit
450 724 589 770 adomino:
612 724 659 769 Cur
680 734 707 769 tu
729 725 850 770 homuntio

83 788 240 835 conturbaris?
267 789 304 833 An
313 803 355 849 ego
364 799 386 833 te
397 802 463 849 super
474 787 605 849 religionem
616 804 689 833 meam
697 788 728 833 sic
739 798 850 850 pastorem

83 852 197 910 constitui,
227 863 253 899 ut
283 869 319 898 me
352 851 496 915 principalem
526 852 608 898 nescias
634 869 680 898 esse
707 854 850 915 patronum?

83 918 215 964 Hominum
237 917 360 979 simplicem
379 918 407 963 ad
427 919 469 963 hoc
491 928 513 963 te
535 917 649 992 constitui,
669 927 695 962 ut
717 934 760 981 que
782 917 805 963 in
827 929 849 964 te

83 983 156 1029 fecero
167 983 245 1028 ceteris
256 983 370 1037 imitanda,
382 993 504 1054 sequantur
517 983 557 1043 qui
569 999 632 1044 sequi
625 982 764 1028 ’.1111111111
799 984 851 1045 Ego

83 1046 169 1101 vocavi,
176 1047 268 1091 servabo
279 1056 302 1090 et
311 1061 398 1106 pascam
409 1056 432 1090 et
443 1046 466 1090 in
477 1045 571 1090 aliorum
582 1046 727 1106 reparandam
739 1046 850 1091 excidium

83 1108 137 1155 alios
148 1108 290 1173 subrogabo
285 1119 322 1167 ita,
333 1120 358 1156 ut
369 1110 460 1156 sinatus
471 1126 517 1156 non
528 1108 603 1167 fuerit,
612 1108 704 1156 11111111Ι
700 1126 774 1172 ipsum
784 1111 849 1157 nasci.

83 1175 138 1221 Non
155 1191 209 1238 ergo
220 1175 321 1231 turberis,
335 1175 373 1221 sed
385 1185 447 1221 tuam
465 1191 555 1237 operare
573 1148 673 1232 salutern,
685 1176 792 1238 quoniam
809 1177 850 1222 etsi

83 1240 111 1286 ad
122 1257 242 1286 numerum
257 1240 327 1286 trium
344 1240 424 1302 religio
440 1239 534 1295 venerit,
548 1241 679 1285 inconcussa
696 1257 783 1302 semper
800 1256 851 1286 meo

83 1320 177 1349 munere
201 1305 364 1366 permanebit
393 1305 430 1349 Ex
450 1314 505 1348 tunc
526 1305 646 1349 maximam
667 1304 851 1376 imperfectorum

83 1368 172 1414 turbam
184 1384 250 1413 111111
261 1369 330 1414 sancti
341 1368 426 1413 virtute
437 1383 537 1428 superari
531 1367 643 1425 dicebat,
655 1368 707 1430 quia
723 1368 785 1414 radio
796 1367 851 1413 lucis

83 1433 150 1479 unius
161 1433 278 1479 innumere
288 1432 379 1479 tenebre
392 1431 446 1478 delit
437 1441 532 1479 tescunt.
590 1456 594 1462 τ

311 1576 396 1619 Contra
405 1577 484 1626 otium,
494 1577 517 1617 et
526 1575 614 1617 otoisos

132 1657 189 1748 ἃς
200 1707 246 1755 quo
257 1691 292 1738 vir
302 1691 344 1737 iste
355 1691 420 1754 cepit,
432 1691 519 1738 caducis
530 1691 625 1750 abiectis
636 1692 729 1739 domino
737 1693 887 1751 cohererent]

84 1759 122 1805 vix
143 1758 280 1820 particulum
300 1757 407 1818 temporis
429 1773 522 1804 vacuam
544 1756 604 1803 abire
622 1758 729 1818 permisit.
763 1760 850 1805 Revera

84 1840 135 1869 curn
147 1824 170 1868 in
181 1822 289 1868 thesauris
306 1822 391 1868 domini
405 1822 487 1867 multas
504 1823 548 1868 iarn
564 1821 677 1868 intulisset
693 1822 767 1885 copias
783 1825 850 1869 meri-

84 1899 168 1942 torum,
196 1901 283 1947 semper
310 1902 391 1942 novuS,
418 1901 504 1946 semper
531 1886 559 1931 ad
592 1886 716 1947 spiritualia
747 1889 851 1933 exercitia

85 1950 218 2014 promptior.
246 1950 300 1996 Non
312 1949 395 2012 aliquid
408 1949 461 1995 boni
473 1966 536 2013 agere
547 1950 617 2012 gratie
627 1950 723 1996 ducebat
734 1951 894 2007 offensam‚Fol.
904 1955 928 2004 76

85 2034 130 2062 non
150 2031 237 2077 semper
256 2016 375 2077 procedere
394 2016 533 2062 retrocedere
548 2014 668 2079 judicabat.
711 2017 770 2062 Cum
789 2018 849 2063 enirn

85 2081 153 2127 semel
169 2080 229 2141 apud
246 2095 307 2125 senas
327 2080 350 2124 in
369 2079 423 2124 cella
439 2090 545 2135 maneret,
560 2081 648 2125 vocavit
665 2080 693 2125 ad
712 2096 734 2125 se
753 2083 850 2143 quadam

86 2155 151 2191 nocte
168 2144 238 2189 sotios
255 2144 392 2189 dormientes
409 2143 498 2190 dicens:
517 2145 605 2205 Rogavi
623 2144 747 2217 dominum,
762 2144 850 2200 fratres,

85 2218 111 2253 ut
129 2207 184 2253 mihi
202 2206 318 2253 ostendere
335 2207 474 2270 dignaretur,
492 2208 582 2270 quando
602 2225 678 2253 servus
695 2208 742 2252 eius
759 2226 809 2255 sum
828 2221 852 2255 et

86 2272 177 2336 quando
199 2287 245 2317 non
267 2287 350 2317 servus
383 2271 443 2317 Nam
465 2272 554 2332 vellem,
576 2272 662 2336 inquid,
685 2272 760 2329 nichil,
783 2291 850 2337 quam

86 2355 163 2383 servus
172 2338 266 2382 existere
277 2353 336 2381 suus.
370 2337 420 2399 lpse
430 2354 485 2384 vero
502 2337 673 2400 benignissimus
690 2338 752 2384 dorni
745 2355 795 2385 11111
813 2356 851 2386 111

86 2403 142 2448 mihi
161 2418 221 2448 nunc
240 2402 370 2464 dignatione
388 2403 520 2463 respondit:
547 2403 642 2450 Servum
661 2418 736 2448 meum
755 2413 810 2449 tunc
830 2415 851 2451 11

87 2482 195 2528 cognosce
214 2466 328 2520 veraciter,
347 2480 398 2509 curn
417 2477 493 2511 sancta
512 2467 602 2527 cogitas,
622 2466 727 2527 loqueris,
747 2469 851 2528 operaris.

86 2530 141 2576 Ideo
157 2530 235 2577 vocavi
254 2546 301 2586 vos,
312 2528 399 2585 fratres,
411 2531 517 2592 quoniam
536 2547 610 2577 coram
627 2529 691 2577 vobis
709 2533 852 2581 verecundari

87 2596 148 2651 volo,
160 2595 177 2640 si
189 2596 280 2657 quando
291 2595 372 2640 horum
382 2594 453 2641 trium
465 2595 553 2642 nullum
564 2597 664 2643 effecero.

135 2690 225 2779 ⁸Hlio
242 2729 344 2781 ternpore
360 2719 420 2781 apud
438 2731 536 2766 sanctam
554 2721 651 2766 Mariam
668 2720 696 2766 de
712 2723 909 2783 portiunculam-j]

88 2784 229 2831 considerans
250 2786 319 2830 horno
341 2784 385 2840 dei,
402 2785 465 2846 quod
486 2785 575 2831 lucrum
597 2785 705 2832 orationis
726 2802 765 2848 per
782 2787 854 2833 verba

466 2866 478 2895 r
