1919 3169
144 47 188 78 100
355 30 516 77 LEGENDA
533 30 692 76 GREGORII

142 126 215 175 datur.
250 126 328 172 Sermo
344 125 392 171 eius
411 125 455 171 tale
472 125 542 172 sumit
548 131 564 157 ⁴⁹
580 124 713 172 exordium:
749 125 822 178 Quasi
843 125 906 173 stella

142 191 252 240 matutina
263 191 287 238 in
298 191 373 238 medio
385 189 466 237 nebule
480 200 502 237 et
513 191 576 255 quasi
588 191 642 237 luna
653 190 719 253 plena
730 190 754 237 in
765 191 845 238 diebus
861 191 907 237 suis

142 269 166 304 et
176 258 240 321 quasi
251 257 285 302 sol
295 256 416 318 refulgens,
429 256 460 301 sic
472 256 514 303 iste
524 256 608 303 effulsit
620 257 643 301 in
654 255 740 318 templo
751 257 793 304 dei.

191 320 324 384 Completur
345 321 421 383 itaque
443 337 517 367 sermo
538 320 617 379 fidelis,
640 331 663 367 et
689 322 752 367 omni
779 321 907 385 acceptione

143 389 245 449 dignus;
267 396 289 429 et
308 401 368 430 unus
386 401 413 429 ex
433 386 608 431 subdiaconibus
628 385 715 429 domini
735 402 798 446 pape,
815 387 907 431 nomine

143 451 280 506 octavianus,
297 447 403 496 miracula
421 450 490 496 sancti
512 465 586 497 coram
606 448 712 497 omnibus
729 465 784 497 voce
800 448 907 497 altissima

143 517 205 580 legit,
213 515 320 563 dominus
327 514 442 570 rainerius,
448 514 556 562 diaconus
565 514 689 573 cardinalis,
695 515 814 578 perspicaci
821 514 908 577 pollens

143 582 242 643 ingenio,
254 580 335 640 pietate
346 596 370 624 ac
387 579 488 625 moribus
499 580 571 626 clarus
582 597 606 625 ea
618 581 685 625 sacris
696 580 792 641 loquelis
806 579 909 642 lacrymis

144 644 248 707 perfusus
256 652 272 675 ⁵⁰
282 643 390 689 edisserit.
396 651 411 675 ⁵¹

191 706 313 769 Tripudiat
329 716 404 769 pastor
420 706 512 753 ecclesie
528 723 553 751 ac
568 707 596 753 de
607 707 693 752 intimis
707 706 831 753 visceribus
842 707 909 770 longa

144 773 238 835 suspiria
250 771 338 817 trahens
354 770 462 817 salutares
473 772 586 834 singultus
604 772 745 834 ingeminans
760 772 908 833 lacrymarum

143 837 229 884 rivulos
240 837 323 882 educit.
356 836 432 882 Ceteri
449 852 542 898 quoque
555 835 633 897 prelati
644 836 735 883 ecclesie
745 836 909 900 lachrymarum

144 902 255 966 profluvia
274 912 401 964 spargunt3
422 910 445 946 et
464 901 518 948 sacri
535 911 628 947 ornatus
647 918 727 949 eorum
734 909 748 933 ⁵²
768 902 910 949 exuberantia

144 970 275 1013 irrorantur.
308 966 384 1011 Plorat
395 966 493 1027 denique
504 975 598 1010 cunctus
608 967 720 1026 populus;
737 976 760 1012 et
770 966 910 1013 desiderabili

145 1029 695 1093 expectationesuspensusvehementerfatigatur.
721 1030 808 1076 Clamat
816 1032 910 1091 proinde

144 1112 200 1144 voce
216 1094 310 1142 altisona
327 1109 383 1156 papa
399 1093 477 1140 beatus
493 1103 516 1140 et
535 1095 646 1155 protensis
663 1093 767 1141 manibus
783 1095 810 1141 ad
830 1095 910 1153 celum,

145 1161 221 1224 inquit
231 1167 259 1207 :⁵³
291 1158 329 1205 Ad
346 1157 436 1206 laudem
453 1168 476 1204 et
492 1158 587 1222 gloriam
605 1160 768 1222 omnipotentis
784 1160 828 1218 dei,
842 1161 911 1223 patris

146 1237 168 1272 et
189 1225 229 1272 filii
248 1234 271 1271 et
291 1224 384 1286 spiritus
405 1224 474 1269 sancti
496 1234 519 1269 et
540 1223 659 1286 gloriose⁵⁴
681 1224 777 1287 virginis
798 1227 866 1272 marie
888 1236 911 1271 et

146 1291 263 1335 beatorum
285 1287 439 1348 apostolorum
461 1289 518 1348 petri
546 1298 568 1332 et
595 1287 675 1348 pauli;
703 1299 724 1333 et
751 1290 779 1334 ad
801 1291 910 1335 honorem

146 1354 243 1418 gloriose
252 1361 267 1385 ⁵⁵
279 1353 370 1399 ecclesie
386 1368 477 1398 romane
496 1351 647 1398 beatissimum
667 1362 753 1414 patrem
769 1351 911 1412 franciscum,

146 1436 213 1482 quem
231 1418 337 1464 dominus
356 1415 490 1479 glorificavit
507 1418 530 1462 in
548 1416 606 1473 celis,
618 1426 747 1462 venerantes
763 1418 787 1463 in
801 1419 872 1476 terris,
884 1419 912 1465 de

146 1483 241 1530 consilio
267 1481 364 1528 fratrum
391 1491 521 1527 nostrorum
549 1491 572 1527 et
598 1480 694 1528 aliorum
724 1482 860 1544 prelatorum
887 1484 911 1529 in

147 1548 248 1612 catalogo
265 1558 394 1593 sanctorum
410 1547 550 1593 decrevimus
566 1546 721 1593 adnotandum
736 1559 758 1594 et
769 1547 852 1595 festum
864 1549 912 1595 eius

148 1615 171 1660 in
183 1614 221 1661 die
231 1611 306 1659 obitus
317 1612 352 1657 sui
363 1609 475 1657 celebrari.

195 1678 234 1722 Ad
246 1678 302 1721 hanc
319 1692 412 1737 quoque
422 1690 502 1720 vocem
521 1686 629 1735 ceperunt
648 1677 766 1722 reverendi
783 1677 912 1723 Cardinales

147 1758 199 1788 cum
216 1740 310 1787 domino
328 1755 391 1801 papa,
408 1738 444 1784 Te
462 1738 531 1785 deum
548 1737 664 1786 laudamus
682 1740 725 1786 alta
744 1757 799 1786 voce
818 1751 911 1789 cantare.

147 1805 270 1853 Attollitur
281 1804 376 1867 proinde
387 1804 470 1849 clamor
481 1801 617 1865 populorum
629 1804 755 1851 multorum
771 1804 912 1853 laudantium

148 1873 216 1918 deum
225 1889 231 1929 ;
243 1880 265 1917 et
273 1870 392 1915 immensas
399 1878 488 1915 resonat
494 1878 551 1914 terra
560 1885 633 1926 voces,
639 1869 736 1932 repletur
745 1869 913 1918 iubilationibus

148 1954 184 1983 aer
195 1947 218 1981 et
229 1935 295 1981 tellus
306 1934 408 1994 lacrymis
420 1933 554 1978 madidatur.
588 1934 715 1979 Cantantur
726 1936 811 1982 cantica
822 1953 880 1982 nova
892 1947 914 1982 et

149 2002 172 2046 in
189 1999 285 2045 melodia
301 1998 393 2060 spiritus
410 1997 505 2042 iubilant
521 1998 578 2041 servi
595 1997 639 2055 dei,
650 1999 774 2044 audiuntur
788 1998 819 2044 ibi
830 2016 914 2063 organa

149 2064 256 2112 melliflua
264 2073 287 2109 et
293 2063 390 2109 carmina
399 2061 522 2124 spiritualia
528 2061 650 2108 modulatis
659 2062 752 2110 vocibus
759 2064 913 2112 decantantur.

149 2131 183 2177 lbi
195 2128 342 2177 suavissimus
353 2127 410 2174 odor
426 2126 520 2189 respirat
531 2136 553 2173 et
565 2126 684 2175 iucundior
701 2128 799 2177 melodia
810 2130 915 2177 omnium

149 2212 244 2241 movens
254 2193 347 2239 affectus
359 2192 451 2237 resultat
462 2191 552 2237 ibidem.

198 2259 287 2305 Emicat
298 2257 335 2303 illa
352 2256 416 2313 dies3
431 2266 454 2301 et
471 2255 660 2318 splendidioribus
672 2256 738 2303 radiis
752 2258 872 2318 coloratur,
884 2259 914 2306 ibi

150 2326 248 2372 virentes
257 2323 367 2368 olivarum
376 2321 432 2366 rami
441 2330 463 2366 et
471 2320 608 2383 reliquarum
617 2320 722 2367 arborum
734 2338 797 2369 come
808 2334 915 2382 recentes,

149 2389 180 2435 ibi
191 2388 286 2433 festivus
297 2396 389 2431 ornatus
404 2385 501 2430 lucidius
514 2386 671 2431 incandescens
682 2396 775 2433 cunctos
790 2399 883 2435 exornat
893 2400 916 2435 et

150 2455 210 2517 pacis
221 2451 349 2498 benedictio
365 2450 547 2496 convenientium
558 2450 648 2497 letificat
664 2461 758 2498 mentes,
791 2454 916 2501 Descendit

150 2518 248 2578 denique
270 2516 299 2561 de
327 2514 383 2562 solio
410 2515 497 2560 excelso
523 2514 577 2560 felix
599 2531 654 2575 papa
675 2517 812 2577 gregorius3
833 2528 856 2564 et
877 2536 916 2580 per

190 2666 206 2693 49
216 2663 255 2701 Ox.
265 2662 342 2710 sumpsit.
420 2662 435 2689 5⁰
446 2659 466 2697 L.
476 2659 554 2709 perfusis.
628 2662 643 2689 51
654 2660 674 2699 L.
684 2661 719 2699 aud
728 2662 766 2701 Ox.
776 2662 865 2702 edisserat.

192 2718 207 2743 ⁵²
217 2717 255 2752 Ox.
265 2726 329 2750 earum.
541 2713 557 2741 ⁵3
567 2715 599 2750 Os.
610 2725 755 2751 ceuourznrrour
765 2727 864 2754 nxonururu.

191 2771 206 2797 54
217 2769 249 2805 Os.
260 2766 387 2813 gloriosissime.
439 2766 455 2792 55
466 2765 486 2803 L.
496 2775 559 2802 sancte.
588 2766 691 2803 Onomirs,
