1919 3169
124 101 165 145 108
306 96 511 144 TRACTATUS
528 96 705 145 SECUNDUS

29 244 68 281 Fol.
78 250 117 295 40ยนโฐ
285 240 399 291 Incipiunt
412 239 521 282 miracula
534 239 594 283 beati
608 240 729 284 Francisci.

72 378 117 420 [0]]
250 356 317 409 Quorl
330 359 395 399 ortus
408 356 524 408 religionis
537 368 578 399 sue
592 356 700 400 mirabilis
713 357 760 400 suit.

167 419 214 500 In
222 450 296 509 primo
307 449 440 492 narrationis
451 449 537 502 ordine,
544 466 591 509 quo
601 450 733 493 sanctissimi
741 450 809 509 patris
820 452 891 496 nostri

120 513 232 558 Francisci
251 511 358 558 miracula
376 511 493 558 scribenda
510 514 655 574 suscepimus,
673 511 729 558 illud
747 523 798 560 ante
815 514 892 560 omnia

119 577 243 641 sollempne
264 576 397 623 miraculum
419 577 559 624 decrevimus
582 587 696 634 annotare,
718 594 764 640 quo
791 579 891 626 mundus

119 643 263 699 ammonitus,
275 659 322 704 quo
338 643 453 699 excitatus,
464 660 511 705 quo
523 642 623 689 territus.
657 642 712 688 Hoc
723 643 834 705 siquidem
845 643 891 690 fuit

119 717 182 753 ortus
199 706 321 771 religionis,
334 705 460 752 fecunditas
477 706 565 763 sterilis,
577 717 655 768 partus
665 706 800 754 multimode
809 709 889 771 gentis.

119 772 239 834 Cogitabat
260 781 359 816 veterem
380 772 492 817 mundum
514 772 623 816 vitiorum
645 771 785 817 scrabredine
803 772 891 818 sordes-

120 846 214 894 centem,
232 835 259 881 ab
276 833 405 897 apostolicis
422 843 538 897 torpentes
555 835 655 897 vestigiis
672 835 769 892 ordines,
781 846 891 899 nocteque

119 912 262 962 peccatorum
274 899 297 945 in
308 917 350 945 suo
362 915 428 944 cursu
439 900 540 945 medium
550 900 593 945 iter
604 910 691 962 agente,
700 899 814 946 silentium
825 900 890 947 sacris

119 966 241 1028 disciplinis
258 965 397 1025 impositum,
417 981 469 1010 cum
487 981 536 1010 ecce
553 975 645 1025 repente
661 965 684 1011 in
699 975 782 1011 terram
793 966 890 1028 prosiliit

119 1047 193 1075 novus
209 1031 285 1087 homo,
297 1029 418 1091 subitoque
429 1045 489 1072 novo
500 1030 599 1073 exercitu
609 1040 736 1090 apparente,
747 1030 827 1075 mirate
837 1040 891 1076 sunt

119 1104 198 1156 gentes
215 1110 227 1140 a
246 1092 315 1156 signis
333 1092 455 1155 apostolice
473 1092 587 1139 novitatis.
630 1093 690 1139 Mox
705 1093 728 1138 in
746 1094 818 1139 lucem
838 1111 890 1156 pro-

119 1160 210 1205 ducitur
225 1158 312 1221 sepulta
327 1157 442 1221 quondam
459 1155 566 1218 perfectio
582 1156 680 1203 Ecclesie
693 1157 814 1220 primitive,
827 1160 891 1206 cuius

118 1224 207 1287 legebat
233 1223 332 1270 mundus
359 1222 470 1285 magnalia
496 1238 537 1268 nec
563 1222 655 1268 videbat
677 1223 785 1285 exempla.
828 1224 889 1271 Cum

119 1290 214 1350 proinde
225 1305 271 1333 non
282 1288 386 1333 dieantur
397 1286 464 1348 primi
475 1286 599 1343 novissimi,
607 1304 659 1333 eum
670 1288 714 1333 iam
723 1288 790 1334 corda
798 1299 890 1349 patrum

119 1353 143 1398 in
162 1353 220 1399 filios
239 1362 262 1398 et
280 1351 379 1397 filiorum
397 1351 422 1395 in
438 1361 510 1411 patres
527 1349 658 1396 mirabiliter
673 1352 718 1396 sint
735 1369 848 1410 conversa,
862 1370 890 1398 an

120 1416 299 1479 contempnenda
320 1416 419 1462 duorum
440 1415 547 1461 ordinum
574 1425 620 1460 tam
647 1414 738 1461 celebris
762 1426 785 1462 et
806 1416 891 1463 famosa

120 1484 202 1545 legatio
213 1499 253 1528 nec
265 1481 357 1527 alicuius
369 1480 470 1543 magistri
481 1480 509 1525 de
520 1481 624 1542 proximo
635 1481 738 1527 eventuri
747 1482 890 1544 presagium?

120 1548 158 1592 Ab
175 1546 330 1609 apostolorum
348 1557 451 1607 tempore
469 1561 584 1607 nunquam
603 1555 649 1590 tam
660 1546 760 1608 insignis,
772 1563 890 1610 nunquam

120 1621 166 1657 tam
182 1610 289 1656 mirabilis
305 1610 401 1654 monitio
418 1609 505 1653 mundi.
547 1609 654 1653 Miranda
671 1610 752 1655 deinde
765 1610 891 1657 fecunditas

120 1672 208 1722 sterilis.
241 1673 332 1730 Sterilis,
349 1674 448 1736 inquam,
466 1681 489 1717 et
505 1672 562 1718 sicca
577 1674 712 1734 paupercula
724 1673 766 1720 ista
779 1673 891 1737 religio,a

121 1758 165 1805 qua
175 1740 255 1804 procul
266 1738 328 1785 abest
338 1737 411 1784 omnis
422 1737 544 1784 humiditas
555 1746 704 1785 terrenorum.
737 1739 822 1786 Sterilis
830 1756 890 1796 sane,

121 1823 165 1870 que
182 1822 222 1852 nec
239 1805 312 1861 metit,
328 1820 368 1850 nec
384 1805 407 1849 in
424 1804 504 1849 horrea
518 1813 647 1866 congregat,
659 1820 699 1850 nec
709 1815 855 1867 pregnantem
866 1806 890 1851 in

121 1872 158 1915 via
174 1871 269 1916 Domini
286 1885 362 1929 peram
379 1878 462 1928 portat.
495 1867 526 1913 Et
543 1877 618 1913 tamen
632 1878 709 1914 contra
720 1885 782 1930 spem
793 1870 817 1915 in
828 1886 890 1931 spem

122 1934 218 1981 credidit
234 1942 324 1979 sanctus
340 1932 382 1977 iste
398 1941 425 1976 ut
441 1930 504 1976 heres
520 1941 576 1976 esset
591 1931 679 1986 mundi,
691 1948 737 1977 non
748 1933 891 1979 considerans

121 2011 202 2062 corpus
218 2008 320 2045 sanctum
337 2007 468 2043 emortuum
486 2012 526 2042 nec
542 1997 640 2042 sterilem
657 1995 749 2044 vulvam
767 1998 824 2053 Sare,
835 1998 891 2061 quin

121 2065 198 2111 divina
208 2063 308 2126 potentia
318 2072 409 2125 gentem
420 2078 448 2107 ex
458 2078 483 2107 ea
491 2061 593 2124 gigneret
602 2060 755 2108 Hebreorum.
784 2063 837 2115 Que
845 2079 890 2109 non

121 2128 211 2175 refectis
223 2127 322 2184 cellariis,
333 2143 379 2172 non
390 2124 562 2171 exuberantibus
572 2126 677 2187 apotecis,
688 2143 734 2172 non
746 2128 892 2188 possessioni-

122 2192 164 2239 bus
179 2192 317 2257 gubernatur
327 2189 476 2251 amplissimis,
487 2191 526 2235 sed
536 2190 614 2234 eadem
624 2201 756 2251 paupertate
767 2207 812 2252 qua
822 2192 891 2254 digna

122 2258 223 2305 redditur
240 2257 295 2314 celo,
313 2252 443 2300 mirabiliter
459 2253 559 2299 nutritur
575 2254 598 2299 in
611 2253 706 2300 mundo.
739 2256 761 2300 O
773 2255 891 2301 infirmum

123 2324 168 2371 Dei
184 2322 266 2369 fortius
277 2319 414 2376 hominibus
426 2320 487 2383 quod
499 2329 522 2366 et
533 2318 591 2366 cruci
603 2330 679 2366 nostre
690 2317 784 2383 gloriam
796 2320 891 2384 applicat

122 2399 145 2434 et
177 2386 301 2450 paupertati
334 2385 420 2446 copiam
455 2384 616 2430 subministrat.
660 2385 768 2431 Vidimus
794 2386 891 2451 denique

122 2453 211 2499 vineam
237 2452 303 2497 istam
335 2449 466 2494 brevissimo
499 2458 601 2509 tempore
636 2449 758 2505 dilatatam,
790 2467 803 2494 a
836 2452 892 2496 mari

123 2534 195 2581 usque
207 2518 235 2564 ad
250 2532 310 2562 mare
325 2513 486 2577 propaginosos
499 2512 602 2575 palmites
616 2513 746 2562 extendisse.
780 2513 892 2579 Undique

123 2597 256 2629 concurrere
285 2588 370 2642 gentes,
392 2577 484 2639 profuse
509 2588 562 2623 sunt
587 2589 661 2623 turme
685 2588 708 2624 et
733 2579 761 2624 ad
783 2579 892 2627 mirabilis

123 2647 190 2693 huius
200 2643 279 2705 templi
295 2652 430 2690 structuram
447 2642 557 2704 egregiam
574 2642 637 2704 quasi
654 2641 730 2689 subito
745 2642 793 2689 vivi
807 2644 892 2706 lapides

123 2711 222 2757 adunati.
255 2708 304 2753 Nec
320 2706 390 2751 modo
408 2706 578 2766 multiplicatam
597 2707 621 2750 in
640 2705 691 2750 filiis
709 2706 772 2752 brevi
791 2718 892 2769 tempore

123 2774 241 2833 cernimus,
259 2772 299 2817 sed
320 2769 467 2826 clarificatam,
486 2770 542 2816 dum
558 2769 642 2816 multos
659 2770 703 2816 iam
720 2786 748 2815 ex
766 2770 816 2828 hiis,
834 2788 892 2834 quos

123 2841 209 2905 genuit,
220 2837 321 2900 martyrii
337 2835 433 2899 palmam
451 2834 581 2881 noverimus
597 2845 708 2882 assecutos
724 2845 746 2882 et
762 2852 804 2898 pro
821 2837 892 2884 totius
