1919 3169
143 65 171 111 68
353 69 514 116 LEGENDA
531 69 691 116 GREGORII

141 164 220 212 cedere
232 174 262 222 3¹⁵
278 176 301 213 et
317 183 362 229 que
378 165 417 212 tibi
435 166 492 224 dico,
509 182 601 228 prepara
617 166 743 227 diligenter.
776 164 836 210 Volo
847 164 907 209 enim

142 227 202 274 illius
213 231 276 291 pueri
287 231 417 276 memoriam
429 245 502 291 agere,
514 230 553 292 qui
570 231 594 275 in
610 230 722 275 bethleem
740 240 805 275 natus
816 240 850 274 est
862 246 869 284 ;
885 237 909 273 et

142 291 282 341 infantilium
302 294 461 340 necessitatum
483 294 532 339 eius
553 292 704 350 incommoda,
723 292 864 356 quomodo¹⁶
884 292 907 336 in

144 359 246 422 presepio
263 359 406 417 reclinatus,¹⁷
428 359 546 421 quomodo
563 357 722 405 astantebove
740 367 808 420 atque
815 358 830 383 ’Β
846 356 907 405 asino

145 438 212 485 supra
222 423 300 471 fenum
312 425 399 486 positus
410 425 492 481 extitit,
504 434 629 486 utcumque
642 423 756 487 corporeis
769 422 840 471 oculis
856 437 908 484 per-

144 488 227 536 videre.
260 489 331 550 Quod
355 490 447 536 audiens
469 490 503 536 vir
525 490 599 536 bonus
620 499 687 552 atque
708 487 787 546 fidelis,
810 488 908 534 cucurrit

144 552 209 597 citius
226 564 247 599 et
265 554 340 597 omnia
359 554 382 598 in
400 554 501 615 predicto
518 555 577 609 loco,
590 569 635 615 que
651 554 845 609 sanctusdixerat‚
859 568 908 612 pre-

144 617 236 676 paravit.
270 618 469 679 Appropinquavit
485 626 561 663 autem
572 617 621 662 dies
631 618 710 675 letitie,
721 626 811 678 tempus
822 616 908 661 exulta-

144 680 213 727 tionis
234 680 332 728 advenit.
365 681 397 728 Et
405 688 421 713 ¹⁹
443 681 493 729 de¹⁹
515 681 618 743 pluribus
639 681 694 728 locis
716 681 811 728 vocati²⁰
832 688 909 727 sunt²⁰

144 743 230 793 fratres.
270 746 327 805 Viri,
349 757 371 792 et
393 745 499 793 mulieres
520 757 579 792 terre
605 745 667 793 illius
693 747 817 793 secundum
844 761 909 807 posse

143 825 210 854 suum
229 809 380 855 exultantibus
398 811 477 855 animis
495 827 570 855 cereos
596 821 619 856 et
641 809 699 856 faces
721 817 858 871 preparant²¹
881 811 909 856 ad

139 872 313 922 illuminandam
336 883 433 930 noctem,
451 890 495 936 que
517 872 645 919 scintillanti
667 874 740 919 sidere
761 874 808 919 dies
830 888 909 919 omnes

144 936 279 985 illuminavit
293 948 316 984 et
333 954 411 984 annos.
452 939 522 984 Venit
540 938 638 1000 denique
657 949 744 985 sanctus
761 939 797 985 dei
803 947 819 964 ²²
836 949 859 986 et
875 940 908 984 in-

144 1003 258 1049 veniens²³
275 1003 349 1049 omnia
360 1013 481 1065 preparata,
493 1002 551 1050 vidit
560 1013 582 1048 et
598 1003 689 1066 gavisus
701 1013 739 1051 est.
773 1002 805 1049 Et
816 1003 909 1066 quidem

144 1079 273 1130 preparatur
299 1067 434 1130 presepium,
459 1077 591 1130 apportatur
616 1066 703 1125 fenum,
725 1067 766 1114 bos
788 1078 810 1115 et
837 1069 910 1115 asinus

143 1133 292 1181 adducuntur.
327 1133 461 1178 Honoratur
473 1132 502 1178 ibi
514 1133 649 1194 simplicitas,
661 1132 772 1179 exaltatur
783 1145 911 1196 paupertas,

144 1198 258 1244 humilitas
268 1198 458 1254 commendatum
474 1207 496 1242 et
507 1197 569 1259 quasi
588 1214 646 1244 nova
662 1196 773 1244 bethleem
791 1198 819 1244 de
835 1199 911 1262 grecio

144 1261 202 1308 facta
213 1273 254 1309 est.

195 1327 338 1373 llluminatur
350 1343 395 1373 nox
407 1337 433 1373 ut
444 1327 505 1382 dies;
517 1336 539 1372 et
552 1325 681 1372 hominibus
693 1337 761 1389 atque
777 1328 911 1374 animalibus

144 1390 246 1439 delitiosa
264 1391 358 1438 exstitit.
402 1390 534 1438 Adveniunt
555 1390 634 1453 populi
657 1399 680 1435 et
701 1392 729 1436 ad
752 1408 838 1439 novum
861 1408 911 1455 my-

143 1457 237 1502 sterium
249 1457 314 1502 novis
330 1455 417 1519 gaudiis
432 1456 566 1500 adletantur.
600 1456 709 1499 Personat
725 1455 787 1518 sylva
804 1473 869 1501 voces
881 1466 912 1513 3²⁴

145 1530 167 1567 et
178 1520 325 1567 iubilantibus
336 1536 403 1583 rupes
410 1528 425 1552 ²⁵
437 1521 579 1581 respondent.
613 1519 710 1566 Cautant
720 1519 807 1579 fratres,
817 1521 911 1569 domino

144 1584 222 1632 laudes
233 1585 319 1632 debitas
330 1584 483 1647 persolventes
493 1601 500 1640 3
517 1594 538 1630 et
548 1595 596 1630 tota
613 1601 658 1629 nox
669 1583 798 1632 iubilatione
810 1586 911 1633 resultat.

146 1652 193 1695 Stat
214 1661 306 1696 sanctus
328 1650 364 1695 dei
386 1665 461 1693 coram
479 1650 580 1709 presepio
599 1649 699 1708 suspiriis
721 1651 808 1710 plenus,
831 1652 911 1711 pietate

144 1713 254 1759 contritus
262 1714 278 1739 ²⁶
303 1723 326 1758 et
353 1711 448 1758 mirabili
475 1712 559 1773 gaudio
586 1711 722 1773 superfusus.
765 1714 912 1761 Celebrantur

144 1779 263 1824 missarum
274 1777 381 1824 solemnia
392 1793 458 1839 super
476 1793 585 1838 presepe3
601 1786 623 1822 et
640 1794 699 1823 nova
715 1775 799 1824 fruitur
813 1779 912 1825 consola-

144 1844 206 1889 tione
217 1844 324 1890 sacerdos

193 1905 911 1969 induitursanctusdeileviticisornamentis,quia²⁷levitaerat;

145 1983 168 2019 et
184 1990 240 2021 voce
246 1973 262 1997 ²⁸
273 1988 354 2018 sonora
365 1981 467 2017 sanctum
485 1969 626 2033 evangelium
638 1981 717 2017 cantat.
752 1972 783 2019 Et
794 1974 888 2035 quidem
896 1982 912 2007 ²⁹

146 2054 190 2083 vox
201 2040 257 2091 eius
269 2053 314 2082 vox
325 2036 453 2091 vehemens,
462 2051 507 2079 vox
518 2035 597 2091 dulcis,
606 2051 651 2081 vox
662 2036 719 2081 clara
731 2052 820 2098 voxque
831 2054 911 2084 sonora

145 2110 239 2147 cunctos
249 2100 348 2146 invitans
358 2099 387 2145 ad
397 2098 482 2161 premia
494 2113 588 2144 summa.
623 2099 725 2145 Predicat
734 2100 815 2147 deinde
826 2103 912 2163 populo

146 2166 313 2220 circumstanti3
334 2174 357 2210 et
379 2164 408 2209 de
430 2162 545 2209 nativitate
565 2163 670 2225 pauperis
686 2164 745 2226 regis
761 2175 783 2210 et
800 2164 912 2212 bethleem

146 2230 239 2292 parvula
250 2230 339 2275 civitate
350 2227 458 2274 melliflua
467 2234 576 2275 eructat.³⁰
614 2228 670 2289 Sepe
681 2244 773 2291 quoque
784 2246 836 2276 cum
845 2231 914 2278 vellet

146 2296 255 2342 christum
264 2295 335 2340 iesum
348 2293 471 2349 nominare,
482 2308 558 2338 amore
569 2292 664 2355 flagrans
672 2293 742 2339 nimio
753 2310 805 2340 eum
817 2312 911 2357 puerum

146 2356 913 2419 debethleemnuncupabat;etmorebalantisovisbethleemdicens,

147 2441 173 2469 os
184 2441 252 2469 suum
264 2439 326 2480 voce,
338 2423 377 2467 sed
388 2421 460 2482 magis
471 2420 531 2466 dulci
542 2420 660 2467 affectione
671 2431 746 2468 totum
758 2423 871 2484 implebat.

187 2544 201 2570 ¹5
211 2544 243 2579 Os.
253 2540 346 2590 predicere.
426 2536 440 2561 1⁶
450 2540 483 2575 Os.
492 2539 579 2588 quoniam.
657 2540 672 2565 17
683 2540 706 2574 L.
716 2540 750 2575 and
759 2541 797 2577 Ox.
807 2542 842 2578 add
850 2552 874 2579 et.

187 2593 202 2617 13
212 2595 236 2631 L.
246 2593 279 2630 and
289 2594 326 2630 Ox.
336 2601 359 2629 et.
400 2594 414 2618 ¹⁹
424 2591 448 2628 L.
459 2590 496 2626 Exi
524 2592 556 2627 Os.
566 2591 617 2627 omits
626 2590 655 2627 dc.
694 2593 710 2611 ²⁰
720 2591 744 2628 L.
754 2593 811 2629 vocari
820 2593 868 2632 fecit.

186 2651 201 2670 ²1
211 2649 244 2684 Os.
254 2646 358 2696 preparabat.
462 2646 477 2664 ²²
487 2644 525 2680 Oxi
535 2644 593 2679 omits.
695 2645 711 2670 ²3
721 2643 747 2681 H.
756 2644 826 2683 invenit.

186 2704 202 2729 24
212 2699 239 2736 H.
248 2699 282 2734 and
292 2700 330 2735 Ox.
340 2697 416 2734 vocibus.
443 2694 547 2744 ²⁵H.ripa.
574 2693 757 2734 ²⁶Bol.constrictus.
784 2699 886 2749 ²70s.qui.

186 2749 203 2772 ²⁸
212 2753 250 2787 Ox.
260 2761 302 2786 vox.
345 2752 361 2775 ²9
371 2748 394 2783 E.
404 2748 461 2782 omits.
488 2746 515 2782 H.
525 2748 570 2795 quia.
598 2747 617 2782 P.
627 2749 678 2782 omits
688 2748 713 2782 Et
722 2747 790 2795 quidem
800 2763 836 2786 vox
846 2753 886 2787 eius.

188 2806 203 2830 3⁰
213 2803 245 2839 Os,
255 2810 316 2837 ructat.
