1919 3169
125 49 155 96 74
336 38 497 88 LEGENDA
514 39 674 86 GREGORII

125 143 148 178 et
164 133 247 180 devote
262 134 381 196 inceperat,
398 135 454 197 quid
471 135 513 181 sibi
530 146 588 182 esset
604 136 741 197 oportunius
748 143 763 160 ²²
780 150 852 196 agere,
864 134 887 177 in

124 196 197 260 prima
223 197 274 244 libri
301 198 416 261 apertione
449 198 542 246 indicari
550 207 566 232 ²³
592 198 722 262 suppliciter
749 196 888 260 precabatur.

125 263 257 311 Sanctorum
284 264 368 327 quippe
395 274 417 310 et
444 263 660 327 perfectissimorum
683 264 785 311 virorum
809 262 889 325 spiritu

126 328 257 386 ducebatur,
269 329 308 389 qui
324 330 361 389 pia
372 328 494 376 devotione
511 331 535 376 in
551 330 662 377 desiderio
679 328 800 376 sanctitatis
816 327 890 373 simile

125 392 212 454 aliquid
227 392 306 437 fecisse
325 393 439 454 leguntur.
473 395 571 456 Surgens
591 409 683 456 quoque
702 391 729 439 ab
747 392 848 439 oratione
865 391 889 436 in

125 455 207 516 spiritu
228 454 362 501 humilitatis
380 456 503 518 animoque
522 458 618 503 contrito
637 472 661 503 ac
680 457 797 518 signaculo
815 464 890 500 sancte

126 519 196 565 crucis
216 536 239 566 se
258 518 363 565 muniens
382 520 411 567 de
429 519 492 567 altari
511 520 596 567 librum
616 521 699 583 accepit
720 536 819 582 eumque
838 519 890 564 cum

126 585 250 631 reverentia
268 593 291 629 et
307 584 388 631 timore
406 586 517 648 aperuit.²⁴
558 586 651 633 Factum
669 596 702 633 est
720 590 821 640 autem,²⁵
838 600 889 629 cum

126 648 246 711 aperuisset
261 647 354 706 librum,
365 651 463 696 occurrit
479 651 520 696 sibi
535 651 609 713 primo
626 651 698 713 passio
714 649 802 695 domini
819 649 890 694 nostri

126 714 174 760 iesu
191 713 266 760 christi
278 724 300 761 et
310 715 334 761 id
346 715 428 773 solum,
441 716 503 778 quod
519 715 687 763 tribulationem
703 732 756 761 eum
773 729 890 777 passurum

126 778 279 823 denuntiabat.
313 779 357 823 Sed
374 796 402 824 ne
419 780 461 824 hoc
473 795 524 825 casu
536 781 635 825 evenisse
641 781 657 804 ²⁶
668 780 739 841 possit
749 778 890 839 aliquatenus

126 840 239 903 suspicari,
255 841 288 886 bis
308 851 330 887 et
346 852 380 888 ter
396 842 479 888 librum
487 851 502 876 ²⁷
519 844 608 905 aperuit
624 852 647 889 et
663 844 731 901 idern,
743 843 779 888 vel
786 843 802 870 ²²
818 839 891 887 simile

124 905 234 968 scriptum
245 906 339 954 invenit.

176 970 289 1017 intellexit
305 981 360 1018 tunc
376 972 412 1018 vir
429 971 511 1033 spiritu
527 972 563 1018 dei
580 973 668 1034 plenus,
679 972 743 1035 quod
758 987 797 1034 per
809 970 891 1016 multas

126 1034 290 1091 tribulationes,
307 1052 346 1098 per
368 1036 451 1082 multas
470 1036 583 1099 angustias
601 1046 625 1082 et
643 1053 683 1099 per
703 1036 785 1082 multas
806 1050 893 1098 pugnas

125 1110 239 1161 oporteret
248 1115 301 1144 eum
308 1101 390 1144 intrare
397 1102 420 1145 in
429 1116 523 1161 regnum
531 1101 574 1145 dei.
607 1101 649 1145 Sed
661 1117 706 1146 non
717 1100 821 1145 turbatur
828 1099 892 1144 miles

124 1162 261 1210 fortissimus
278 1174 370 1226 propter
386 1165 514 1228 ingruentia
528 1163 593 1224 bella,
605 1181 645 1211 nec
661 1165 736 1212 animo
747 1162 831 1211 decidit
841 1179 892 1224 pre-

125 1227 221 1274 liaturus
228 1228 314 1274 domini
325 1227 394 1292 prelia
400 1230 424 1275 in
435 1230 511 1275 castris
522 1228 590 1276 huius
600 1228 694 1286 seculi,²⁹
720 1229 776 1274 Non
784 1228 870 1275 veritus
876 1235 892 1259 ³⁰

124 1302 158 1338 est
174 1292 318 1339 succumbere
335 1294 401 1351 hosti,
413 1295 452 1356 qui
469 1310 514 1340 non
531 1295 622 1340 cedebat
638 1296 705 1340 etiam
721 1294 771 1350 sibi,
783 1309 835 1339 cum
851 1293 892 1338 diu

126 1373 191 1417 supra
223 1358 318 1402 modum
348 1358 497 1403 humanarum
526 1358 611 1404 virium
640 1357 768 1403 laborasset.
806 1358 892 1401 Revera

125 1419 305 1466 ferventissimus
316 1430 380 1475 erat;
396 1432 419 1467 et
425 1430 440 1454 ³¹
457 1422 475 1466 si
492 1423 607 1467 retroactis
621 1421 701 1467 seculis
714 1421 800 1466 socium
815 1419 893 1466 habuit

125 1485 250 1546 proposito,
262 1501 329 1532 nemo
342 1495 416 1532 tamen
428 1503 455 1532 eo
462 1493 477 1517 ³²
494 1485 597 1548 superior
608 1485 714 1531 inventus
728 1494 761 1532 est
772 1482 891 1531 desiderio.

173 1549 234 1597 Nam
245 1559 268 1595 et
276 1550 348 1597 levius
358 1549 457 1611 perfecta
468 1551 561 1613 operari,
569 1566 637 1614 quam
648 1549 727 1607 dicere,
737 1549 892 1613 cognoscebat,

126 1629 214 1676 semper
225 1630 271 1660 non
282 1614 364 1672 verbiS,
375 1631 420 1677 que
431 1614 516 1661 bonum
528 1632 574 1661 non
581 1623 596 1648 ³³
607 1613 701 1673 faciunt,
712 1614 750 1660 sed
762 1614 891 1669 ostendunt,

125 1677 164 1723 sed
186 1678 266 1724 sanctis
288 1678 395 1739 operibus
416 1679 492 1724 efficax
510 1679 611 1725 studium
633 1688 656 1723 et
677 1694 767 1740 operam
789 1678 892 1739 prebens.

126 1740 235 1789 Manebat
251 1741 345 1803 proinde
361 1741 508 1788 inconcussus
514 1749 530 1774 ³²
546 1751 569 1787 et
586 1743 661 1797 letus3
675 1751 698 1787 et
713 1741 755 1787 sibi
772 1751 795 1787 et
811 1742 854 1787 deo
869 1742 893 1786 in

124 1806 191 1853 corde
212 1821 254 1852 suo
273 1805 344 1853 letitie
360 1807 445 1852 cantica
467 1806 604 1853 decantabat.
648 1807 790 1868 Propterea³⁵
814 1806 893 1852 maiori

125 1869 260 1917 revelatione
282 1870 365 1934 dignus
386 1870 476 1917 habitus
503 1871 561 1927 est,³6
588 1871 627 1935 qui
650 1870 703 1916 sic³⁷
725 1870 753 1916 de
775 1870 893 1916 minimo³²

125 1936 235 1982 exultavit
262 1945 285 1981 et
311 1937 358 1981 in³⁹
386 1936 499 1982 modico³⁹
530 1936 602 1982 fidelis
632 1936 778 1982 constituitur
805 1944 894 1996 supert

127 1999 206 2047 multa.

62 2126 125 2168 [lt-111]
135 2121 169 2165 De
177 2122 264 2165 visione
273 2122 371 2165 hominis
380 2122 510 2174 ymaginem
519 2124 634 2175 seraphim
643 2122 758 2165 crucifixi1
769 2122 889 2166 habentis.²

166 2195 301 2285 Eaciente
311 2221 361 2284 ipso
377 2237 464 2268 moram
481 2221 505 2269 in
524 2221 677 2278 heremitorio,
689 2221 752 2284 quod
772 2239 784 2267 a
801 2221 858 2280 loco,
870 2222 893 2268 in

155 2338 170 2357 ²²
184 2334 212 2374 M.
222 2335 333 2385 opportuniis.
360 2334 513 2384 W.opporci1nus.
545 2337 560 2361 ²³
575 2335 599 2373 L.
613 2334 695 2373 indicare.
722 2337 737 2362 ²²
751 2333 782 2371 W.
796 2335 868 2384 accepit.

155 2388 171 2415 ²⁵
184 2386 211 2425 H.
221 2387 278 2425 omits.
330 2385 346 2409 ²⁶
360 2384 388 2424 M.
398 2387 471 2424 evenire.
524 2389 539 2415 ²⁷
553 2386 580 2425 H.
590 2386 647 2424 omits.
699 2384 715 2408 ²⁸
729 2383 757 2422 H.
766 2386 823 2423 omits.

154 2442 171 2468 ²9
184 2437 256 2478 H.and
264 2436 413 2477 W.ronr1ruuo.
494 2441 510 2467 ³²
523 2437 555 2477 W.
564 2439 623 2476 virtus.
704 2440 718 2465 ³¹
733 2435 761 2476 H.
770 2438 828 2475 omits.

155 2493 170 2519 3²
185 2492 210 2528 H.
220 2491 254 2528 and
263 2492 301 2528 Ox.
311 2491 360 2527 omit.
438 2492 454 2517 33
469 2491 501 2528 Os.
511 2491 569 2527 omits.
647 2493 663 2519 ³4
677 2489 705 2527 M.
715 2488 786 2527 infusus.

155 2544 171 2571 35
185 2541 306 2581 M.Preteria.
358 2539 373 2570 ³⁶
388 2543 412 2579 L.
422 2541 456 2578 and
466 2543 504 2579 Ox.
514 2542 549 2578 add
558 2551 581 2579 ut.
633 2544 649 2570 37
664 2542 688 2579 L.
697 2540 736 2577 sibi.
764 2543 802 2579 Ox.
811 2542 868 2579 omits.

155 2593 171 2622 ³⁸
185 2594 212 2633 H.
221 2595 297 2632 minima.
325 2593 353 2632 M.
359 2594 430 2631 minima
438 2606 493 2631 erases
502 2607 541 2630 mua
550 2593 613 2632 added.
641 2592 680 2631 Ox.
690 2593 771 2631 minimis.

155 2649 171 2675 ³⁹
184 2645 212 2684 H.
220 2646 320 2683 immodico.
423 2648 439 2675 40
453 2646 478 2682 L.
487 2658 543 2695 supra.

156 2696 206 2734 ¹M.
222 2697 297 2738 omits.

156 2751 164 2770 ²
178 2746 206 2786 Μ.
215 2746 275 2791 adds
285 2746 326 2788 “in
336 2746 505 2788 similitudinem
515 2746 636 2796 quemdam
646 2745 766 2788 crucifixi.¹'
