1919 3169
335 124 511 171 MIRACULA
756 129 796 175 161

37 220 132 283 laquens
142 229 165 263 et
176 220 287 264 horrenda
293 221 434 281 pretendens.
461 222 565 266 Tandem
573 237 627 266 mox
638 233 664 267 ut
673 224 800 285 sepulcrum

38 285 95 332 beati
106 283 175 346 patris
186 299 255 330 manu
266 284 360 347 contigit
371 295 394 331 et
404 286 474 331 sancti
485 286 553 349 patris
567 286 676 332 virtutem
688 288 800 336 humiliter

37 350 156 406 invocavit,
165 368 177 396 a
188 348 322 397 demonibus
330 368 382 398 eum
393 351 512 399 crudeliter
521 352 700 415 discerpentibus
708 354 800 401 mirifice

37 417 142 463 liberatus
153 414 205 461 fuit.

85 479 180 526 Mulieri
199 479 287 525 cuidam
307 480 335 526 de
354 481 443 526 civitate
462 482 541 527 Narnii
560 481 692 529 demonium
711 482 800 529 habenti

38 544 136 608 precepit
148 544 170 588 in
182 543 282 604 sompnis
293 554 319 590 ut
330 545 402 590 crucis
413 562 435 590 se
446 544 561 607 signaculo
573 547 719 609 consignaret.
747 545 801 597 Que

38 625 88 656 cum
101 619 176 654 mente
187 609 273 670 perdita
284 625 306 653 se
317 610 405 673 signare
416 610 504 672 penitus
518 611 638 673 ignoraret,
650 611 728 658 beatus
738 622 800 674 pater

37 676 57 722 ei
79 675 169 737 signum
191 674 262 719 crucis
284 674 395 737 impressit
414 684 437 720 et
456 685 560 721 cunctam
582 676 609 721 ab
629 695 654 723 ea
675 676 800 739 passionem

37 739 177 802 dyabolicam
193 738 307 799 effugavit.

85 804 111 847 ln
132 802 248 847 Maritima
267 802 348 847 mulier
367 802 471 864 quedam,
489 804 569 848 mentis
588 804 744 850 alienationem
761 820 801 866 per

37 866 219 931 quinquennium
231 882 300 928 passa,
311 866 363 914 visu
374 877 397 913 et
407 866 487 914 auditu
498 868 585 930 privata
595 878 634 915 est.
663 868 800 917 Indumenta

37 931 156 979 dilaniabat
172 931 283 987 dentibus,
296 932 353 995 ignis
370 942 392 977 et
406 949 463 994 aque
479 932 605 994 periculum
616 950 662 979 non
673 934 767 981 timebat
777 945 800 981 et

37 998 113 1043 caduci
125 996 198 1041 morbi
209 996 236 1040 ad
248 1012 364 1041 summum
381 997 504 1041 incurrerat
519 997 649 1043 horribilem
666 1000 798 1060 passionem.

37 1061 111 1107 Nocte
133 1060 229 1123 quadam
253 1075 304 1105 cum
327 1060 456 1122 disponeret
482 1059 523 1105 sibi
550 1060 627 1107 divina
648 1063 800 1110 misericordia

37 1126 142 1183 misereri,
165 1140 261 1187 sompno
283 1125 389 1187 arripitur
410 1124 506 1170 salutari.
539 1125 604 1171 Vidit
625 1127 686 1173 enim
708 1127 800 1175 beatum

37 1191 191 1237 Fransciscum
203 1205 269 1252 super
279 1190 362 1236 solium
378 1190 454 1236 sedere
470 1189 655 1252 pulcherrimum,
668 1202 799 1257 antequem

36 1266 146 1316 prostrata
157 1255 274 1299 sanitatem
283 1255 413 1316 suppliciter
421 1254 544 1316 expetebat.
579 1254 621 1299 lllo
629 1273 683 1301 vero
695 1259 799 1303 nondum

35 1320 123 1365 favente
134 1318 242 1381 precibus,
257 1318 330 1364 firmat
341 1318 421 1365 mulier
432 1329 521 1375 votum,
530 1319 666 1379 promictens
677 1337 718 1383 pro
730 1322 799 1384 ipsius

35 1402 110 1431 amore
126 1382 262 1447 petentibus,
274 1383 346 1429 donec
363 1382 460 1441 haberet,
472 1382 636 1446 eleemosynam
651 1402 697 1431 non
710 1382 798 1452 negare.

35 1451 89 1496 Ilico
100 1459 293 1510 sanctuspactum
308 1450 449 1511 recognovit,
461 1450 522 1511 quod
536 1450 590 1494 olim
601 1465 653 1496 cum
665 1452 715 1497 Deo
727 1453 798 1499 simile

35 1514 130 1569 fecerat;
158 1523 180 1558 et
202 1513 292 1574 signans
313 1528 361 1558 eam
383 1512 456 1558 crucis
478 1512 601 1573 signaculo,
624 1514 734 1576 integram
756 1516 798 1561 sibi

35 1577 134 1624 restituit
150 1576 273 1622 sanitatem.
662 1600 664 1603 >

81 1642 160 1688 Puella
181 1640 360 1704 quedam‘apud
382 1640 498 1696 Nursiam‚
520 1639 611 1701 langore
632 1641 672 1688 diu
699 1660 797 1704 pervasa,

34 1707 125 1753 tandem
136 1706 243 1752 demonio
253 1715 332 1752 vexata
342 1704 450 1751 innotuit.
484 1704 544 1750 Nam
556 1721 607 1767 sepe
617 1706 714 1753 stridens
725 1708 798 1755 denti-

36 1771 77 1816 bus
88 1773 182 1832 seipsam
194 1770 333 1825 dilacerabat,
346 1786 385 1814 nec
396 1769 512 1830 precipitia
522 1770 606 1824 vitans,
618 1786 658 1815 nec
669 1772 798 1819 discrimina

35 1851 123 1896 pavens.
168 1835 248 1896 Sicque
275 1833 365 1896 loquela
392 1832 480 1894 perdita
500 1842 523 1878 et
545 1832 699 1881 membrorum
721 1837 797 1882 offitiis

35 1900 148 1957 destituta,
160 1898 228 1945 nichil
245 1897 353 1945 rationale
366 1896 519 1960 pretendebat.
553 1897 657 1944 Parentes
668 1900 724 1957 eius,
734 1900 797 1948 here-

34 1965 113 2012 ditaria
140 1963 270 2011 confusione
304 1963 393 2019 obsessi,
422 1963 513 2025 ligatam
547 1962 570 2007 in
603 1964 697 2025 grabato
730 1982 797 2028 super

34 2029 159 2074 iumentum
176 2028 288 2073 Assisium
306 2027 444 2073 detulerunt.
478 2027 584 2087 Cumque
600 2027 623 2070 in
640 2029 676 2074 die
693 2029 797 2075 Circum.

34 2092 121 2139 cisionis
149 2091 262 2139 dominice
295 2107 369 2137 coram
403 2088 465 2135 altari
498 2090 567 2136 sancti
594 2090 713 2151 Francisci,
740 2093 796 2141 dum

34 2160 152 2205 missarum
179 2167 300 2219 agerentur
328 2156 458 2217 solempnia,
482 2156 580 2217 proiecta
606 2156 692 2213 iaceret,
720 2160 796 2206 subito

34 2224 107 2268 nescio
118 2223 181 2284 quod
192 2222 295 2273 evomuit
306 2221 458 2266 maledictum.
493 2219 608 2264 Continuo
619 2236 686 2282 super
697 2222 797 2283 plantam

34 2302 56 2331 se
77 2287 172 2350 erigens,
195 2286 263 2337 altare
285 2285 355 2330 sancti
383 2283 494 2329 Francisci
521 2283 648 2329 deosculata
669 2295 703 2331 est
725 2297 748 2332 et
770 2286 797 2333 ab

34 2352 95 2397 omni
117 2351 197 2410 morbo
218 2351 317 2413 plenarie
338 2348 439 2406 liberata,
458 2348 481 2393 in
500 2348 556 2393 hanc
577 2364 654 2395 vocem
676 2352 796 2415 prorupit:

33 2416 134 2463 Laudare
151 2418 228 2463 Deum
245 2424 268 2460 et
283 2424 386 2461 sanctum
403 2414 457 2459 eius.
681 2464 682 2467 Ἰ

80 2482 165 2529 Caduci
176 2480 248 2528 morbi
260 2497 305 2526 non
314 2480 388 2526 minus
395 2477 507 2524 horrendo
514 2493 581 2540 quam
590 2478 688 2526 dolendo
696 2482 796 2528 cruciatu

33 2547 149 2592 cuiusdam
156 2546 238 2591 nobilis
245 2543 435 2590 filiustenebatur.
457 2543 504 2586 Ore
511 2541 634 2602 spumabat,
641 2545 700 2589 truci
707 2557 796 2605 aspectu
801 2562 839 2599 Fol.
848 2561 888 2608 67'0

33 2620 112 2657 cuncta
120 2609 230 2669 cernebat,
238 2604 795 2670 et.membr0rumabusunescioquiddyabolicum
860 2629 862 2632 ⁴

33 2677 149 2737 expuebat.
183 2674 314 2722 Clamabant
332 2682 434 2735 parentes
452 2672 479 2717 ad
497 2681 598 2717 sanctum
615 2672 666 2730 Dei,
681 2686 796 2735 poscentes

32 2742 158 2788 remedium
174 2751 198 2785 et
211 2740 320 2786 miserum
337 2738 409 2782 filium
425 2735 519 2797 pedibus
530 2735 578 2780 eius
589 2734 706 2783 affectibus
717 2738 796 2784 offere-

32 2802 89 2852 bant.
118 2805 232 2866 Apparuit
240 2804 310 2865 igitur
319 2800 440 2847 dormienti
447 2799 514 2845 matri
523 2809 588 2844 nocte
598 2801 695 2860 quadam
706 2803 796 2863 pietatis

32 2868 129 2925 amicus;
145 2880 169 2915 et
180 2869 210 2914 ait
222 2867 250 2914 ad
261 2884 310 2914 eam
322 2884 327 2912 :
346 2865 404 2911 Ecce
416 2880 476 2910 nunc
484 2862 536 2910 veni
546 2863 629 2909 salvare
637 2865 711 2911 filium
720 2876 795 2913 tuum.

409 2946 422 2975 r
