1919 3169
259 40 417 87 Laesum
434 40 592 101 anatona
777 54 805 102 33

39 135 127 200 inquid,
141 145 210 199 pater,
229 136 284 201 quid
300 136 336 181 hic
350 136 406 191 ,facit
424 154 518 183 avarus:
542 136 626 182 Plenus
643 137 689 200 ipse
705 154 730 182 ac
747 147 808 182 satur

39 200 147 247 famelicis
158 200 266 248 fratribus
277 202 364 249 invidet
375 219 381 259 ;
398 201 456 248 mala
466 202 494 248 ad
505 202 548 248 huc
559 211 631 248 morte
643 201 764 248 necabitur.

87 265 189 313 Verbum
207 266 277 313 sancti
297 265 416 312 confestim
438 266 497 313 ultio
516 266 625 331 sequitur.
668 267 739 330 Super
757 283 808 312 vas-

40 330 117 375 culum
130 349 185 393 aque
203 332 300 377 fratrum
317 331 421 376 turbator
438 332 544 388 ascendit,
556 341 582 376 ut
599 331 666 388 bibat,
678 332 716 393 qui
732 331 807 377 subito

40 393 63 438 in
74 410 131 456 aqua
147 394 270 441 suffocatus
286 394 379 451 interiit,
391 410 431 439 nec
447 405 523 457 gattus
539 394 661 453 invenitur,
673 411 714 439 nec
730 393 806 453 bestia,

40 473 83 522 que
102 475 154 505 ausa
172 458 241 506 fuerit
261 459 332 506 sancti
351 459 467 506 anathema
485 459 622 523 contingere.
655 458 806 506 Horrendum

40 525 124 569 malum
143 525 235 571 avaritia
253 524 379 582 hominum,
399 525 489 587 quando
510 526 542 570 sie
560 525 654 586 punitur
676 525 699 569 in
720 525 806 571 avibus.

40 588 153 634 Timenda
169 599 240 635 estet
256 598 384 635 sanctorum
403 588 519 645 sententia,
536 605 603 652 quam
621 598 683 635 tanta
700 587 807 635 facilitate

40 653 139 699 vindicta
149 654 300 716 subsequitur.

87 778 177 870 „Hlio
203 810 302 874 quodam
328 821 430 873 tempore
460 810 488 857 de
520 810 588 858 fratre
620 812 740 869 Bernardo,
768 812 894 876 quin-xva]

41 875 151 921 secundus
167 875 190 920 in
207 876 286 922 ordine
304 874 373 921 frater
392 877 502 934 extiterat,
521 877 650 937 prophetice
668 878 699 923 sic
717 877 807 924 locutus

41 949 90 985 est:
113 939 172 985 Dico
189 939 260 997 vobis,
278 940 340 1002 quod
355 938 418 986 fratri
436 941 550 987 Bernardo
567 941 614 987 dati
631 951 683 987 sunt
700 942 728 988 ad
745 957 808 986 exer-

41 1003 128 1060 citium,
140 1002 278 1049 subtilissimi
289 1004 397 1050 demones
407 1014 429 1051 et
440 1005 498 1050 inter
509 1005 564 1051 alios
575 1004 666 1066 spiritus
682 1005 807 1067 nequiores,

42 1083 141 1132 quorum
153 1076 175 1113 et
186 1067 203 1112 si
215 1083 303 1130 semper
314 1067 416 1131 invigilet
427 1068 536 1127 studium,
547 1078 573 1115 ut
585 1069 671 1115 stellam
687 1068 769 1115 faciant
780 1070 808 1116 de

42 1132 89 1179 celo
111 1148 221 1192 corruere,
243 1133 299 1180 alius
321 1144 394 1180 tamen
416 1133 459 1180 erit
479 1135 552 1181 exitus
573 1135 611 1181 rei.
651 1133 808 1182 Tribulabitur

42 1197 142 1261 quidem,
161 1197 319 1256 stimulabitur,
339 1199 467 1261 affligetur3
490 1199 529 1245 sed
551 1199 642 1245 tandem
661 1217 688 1245 ex
704 1199 808 1246 omnibus

43 1261 207 1322 triumphabit3
225 1272 247 1307 et
265 1261 366 1308 addidit:
386 1263 449 1308 Circa
465 1272 562 1308 mortem
577 1263 624 1308 eius
642 1263 704 1309 omni
723 1273 807 1326 tempeu

42 1337 98 1373 state
107 1324 218 1385 submota,
226 1327 287 1373 omni
298 1338 401 1389 tempore
411 1327 456 1373 iam
464 1327 569 1386 iucunda,
577 1327 634 1374 mira
640 1328 808 1392 tranquillitate,

42 1408 67 1437 ac
83 1407 136 1452 pace
153 1390 250 1449 fruetur,
267 1409 378 1454 cursuque
396 1402 536 1450 consumato,
547 1392 642 1439 feliciter
659 1393 764 1456 migrabit
781 1394 808 1440 ad

44 1456 168 1502 Christum.
208 1457 295 1503 Revera
315 1457 347 1502 sic
368 1455 452 1503 factum
474 1467 521 1503 est:
547 1457 659 1503 miraculis
680 1474 741 1504 mors
762 1459 810 1504 eius

43 1519 147 1566 inclaruit
163 1530 186 1566 et
203 1521 231 1567 ad
244 1531 362 1582 punctum,
371 1521 428 1568 sicut
439 1521 473 1568 vir
484 1522 520 1568 dei
532 1522 664 1584 predixerat,
675 1523 706 1568 sic
717 1523 791 1570 evenit
801 1539 808 1579 ;

43 1585 103 1631 unde
125 1595 147 1631 et
167 1585 247 1631 fratres
268 1586 292 1631 in
314 1586 361 1631 eius
383 1595 456 1632 morte
477 1586 598 1633 dixerunt:
621 1587 679 1633 Vere
699 1604 745 1633 non
764 1587 809 1634 fuit

43 1649 155 1710 cognitus,
177 1651 234 1695 dum
256 1650 349 1706 viveret,
371 1650 440 1696 frater
461 1651 509 1698 iste.
551 1652 593 1696 Sed
615 1652 681 1696 huius
702 1653 809 1697 Bernardi

43 1712 121 1760 laudes
137 1712 185 1760 aliis
202 1714 322 1762 narrandas
338 1712 490 1777 relinquimus,

57 1891 59 1894 ’
92 1844 179 1930 Dum
192 1884 292 1921 maneret
302 1885 390 1921 sanctus
401 1874 424 1920 in
439 1884 517 1922 monte
527 1875 627 1923 Alverne
642 1876 696 1923 cella
712 1876 906 1931 reclusus[n-xan]

45 1958 104 1988 unus
118 1941 146 1987 de
163 1939 234 1995 sotiis,
250 1956 332 2001 magno
348 1939 467 1995 desiderio,
482 1940 584 2002 cupiebat
598 1940 679 1986 habere
693 1942 721 1987 de
735 1942 809 1988 verbis

44 2006 131 2051 domini
145 2002 287 2048 memorabile
297 2003 407 2065 scriptum
418 2019 487 2048 manu
497 2004 566 2049 sancti
584 2005 695 2049 Francisci
712 2004 808 2052 breviter
813 2013 851 2050 Fol.
860 2023 881 2060 32

44 2078 183 2115 annotatum.
215 2068 313 2112 Gravem
321 2067 389 2123 enim,
397 2067 754 2131 quavexabatur,tenptationem,
762 2086 808 2115 non

44 2135 115 2181 carnis
125 2133 164 2180 sed
174 2132 273 2194 spiritua,
284 2132 387 2179 credebat
397 2150 424 2179 ex
440 2134 483 2179 hoc
499 2133 599 2192 evadere,
609 2133 646 2182 vel
662 2144 721 2180 certe
737 2135 809 2183 levius

44 2199 107 2248 ferre.
141 2197 192 2244 Tali
212 2197 322 2244 desiderio
337 2198 453 2260 languens,
470 2199 564 2260 pavebat
581 2214 629 2244 rem
648 2199 733 2261 aperire
751 2201 808 2262 patri

44 2264 183 2310 sanctissimo
193 2278 199 2317 3
215 2263 253 2307 sed
265 2263 301 2307 cui
312 2263 381 2307 homo
393 2279 438 2307 non
449 2263 512 2320 dixit,
525 2263 615 2324 spiritus
625 2263 738 2310 revelavit.

93 2326 197 2390 Quadam
207 2325 268 2371 enim
279 2326 315 2371 die
325 2335 391 2371 vocat
400 2341 452 2370 eum
463 2326 541 2372 beatus
557 2327 706 2383 Francischus,
718 2328 807 2374 dicens:

45 2395 115 2441 Porta
125 2392 181 2439 mihi
193 2401 276 2438 cartam
287 2400 309 2438 et
319 2400 476 2449 atramentum,
488 2392 594 2456 quoniam
611 2393 677 2439 verba
688 2393 774 2440 domini
787 2404 809 2441 et

44 2459 121 2506 laudes
131 2458 180 2503 eius
190 2456 284 2503 scribere
295 2457 355 2512 volo,
367 2472 411 2518 que
428 2457 550 2503 meditatus
566 2474 616 2503 sum
632 2458 655 2503 in
671 2458 739 2505 corde
750 2475 808 2506 meo.

45 2522 126 2569 Allatis
143 2522 246 2583 protinus
262 2537 305 2583 que
321 2519 420 2581 petierat,
439 2521 523 2576 scribit,
539 2537 607 2567 manu
623 2523 721 2584 propria,
732 2522 810 2569 laudes

45 2587 81 2633 dei
103 2597 125 2633 et
147 2584 215 2632 verba
236 2601 280 2648 que
298 2585 371 2632 voluit
390 2593 413 2629 et
428 2584 510 2631 ultimo
529 2584 707 2632 benedictionem
726 2586 809 2646 fratris,

45 2651 135 2697 dicens:
169 2649 253 2711 Accipe
275 2649 316 2695 tibi
340 2648 446 2695 cartulam
468 2650 533 2695 istam
556 2659 578 2696 et
600 2666 669 2714 usque
696 2651 724 2697 ad
749 2652 809 2698 diem

45 2715 125 2762 mortis
135 2723 174 2761 tue
191 2713 301 2761 custodias
311 2713 438 2777 diligenter.
472 2714 575 2777 Fugatur
590 2716 666 2761 statim
683 2715 757 2762 omnis
773 2717 810 2763 illa

44 2780 155 2845 tenptatio
167 2794 173 2835 ;
189 2789 291 2826 servatur
301 2780 374 2825 littera
384 2788 407 2824 et
417 2778 440 2823 in
451 2789 566 2840 posterum
579 2781 679 2826 miranda
690 2781 769 2828 effecit.

420 2858 433 2889 e
