1919 3169
74 73 104 122 54
258 56 458 106 TRACTATUS
478 55 653 104 SECUNDUS

72 154 167 211 dicebat,
181 171 226 201 non
243 170 282 217 per
298 153 404 198 millesios
419 155 507 215 evagari
524 163 637 199 tractatus.
670 155 755 199 Verum
771 155 839 200 habe-

72 219 110 266 bat
132 219 307 285 phylosophum,
329 218 367 282 qui
391 217 502 263 desiderio
526 218 572 264 vite
595 227 671 263 eterne
694 218 763 264 nichil
785 236 839 283 pro-

72 287 138 348 priet.
184 285 302 332 Asserebat
328 294 403 329 autem
430 284 520 331 scientia
547 284 581 329 sui
608 283 636 330 ad
662 283 777 330 scientiam
802 285 838 331 dei

73 350 139 400 facile
158 361 321 414 perventurum
341 365 399 406 eum,
420 348 459 412 qui
477 348 587 411 scripture
606 349 722 395 intendens
740 349 836 407 humilis,

2 421 119 470 ·1.19¹⁰non
130 425 321 478 presumptuosus,
332 413 460 476 inquireret.
490 414 608 459 Enodabat
619 413 747 476 frequenter
758 415 837 460 verbo-

73 490 139 526 tenus
155 479 222 525 duhia
238 478 381 542 questionum
397 486 420 523 et
439 478 548 540 imperitis
566 478 640 524 verbis
658 478 798 524 intellectum
816 490 838 525 et

73 545 180 592 virtutem
191 544 315 590 luculenter
326 541 450 605 promebat.

8 688 68 731 xx1v]
113 680 147 722 De
160 679 229 721 verbo
243 678 381 731 prophetico,
391 678 452 729 quod
465 678 494 721 ad
506 689 585 730 preces
598 679 688 721 cuidam
702 680 778 723 fratris
790 692 839 732 pre·

73 732 181 775 dicatoris
194 732 308 781 exposuit.

120 810 254 892 manente
268 837 318 898 ipso
334 835 393 897 apud
410 850 479 893 senas,
492 836 588 899 contigit
605 837 658 883 illuc
672 838 748 883 venire
762 856 841 903 quem-

73 904 125 950 dam
142 904 169 950 de
186 902 263 949 ordine
276 901 449 963 predicatorum,
461 902 537 947 virum
554 902 645 964 quidem
661 903 799 965 spiritualem
819 916 841 952 et

73 986 132 1015 sacre
148 968 261 1030 theologie
277 967 401 1012 doctorem.
435 966 535 1012 Visitato
547 967 618 1030 igitur
634 967 698 1014 beato
715 969 840 1028 Francisco,

73 1035 120 1094 ipse
137 1034 219 1094 pariter
235 1043 258 1077 et
276 1041 364 1076 sanctus
382 1030 421 1075 diu
439 1031 466 1075 de
484 1031 558 1076 verbis
575 1031 610 1076 dei
629 1033 757 1078 dulcissima
774 1035 841 1080 colla-

73 1098 135 1144 tione
146 1095 260 1143 fruuntur.
294 1093 445 1157 Interrogavit
456 1104 530 1140 autem
541 1110 594 1140 eum
608 1095 681 1142 dictus
697 1097 802 1161 magister
813 1099 841 1147 de

74 1162 114 1208 illo
130 1161 246 1208 ezechielis
263 1159 347 1205 verbo:
372 1160 393 1204 Si
416 1176 462 1205 non
483 1160 649 1206 annuntiaveris
670 1162 741 1225 impio
762 1164 841 1225 impie-

73 1238 143 1274 tatem
164 1243 235 1282 suam,
253 1224 350 1271 animam
371 1223 418 1269 eius
437 1224 465 1270 de
486 1241 554 1270 manu
575 1234 614 1271 tua
634 1227 759 1290 requiram;
784 1228 841 1275 dixit

73 1292 148 1337 enim:
167 1290 264 1345 Multos,
276 1288 334 1334 bone
350 1298 420 1348 pater,
431 1288 478 1349 ipse
495 1305 628 1350 congnosco,
639 1307 697 1352 quos
709 1292 779 1338 sciens
795 1309 841 1339 esse

74 1356 98 1402 in
106 1365 197 1417 peccato
205 1352 301 1407 mortali,
309 1369 355 1398 non
365 1368 452 1414 semper
460 1353 480 1397 ei
489 1353 627 1414 impietatem
638 1371 701 1400 suam
712 1357 840 1402 annunctio.

75 1419 195 1483 Numquid
214 1419 242 1466 de
261 1434 329 1463 manu
348 1433 397 1463 mea
414 1416 493 1464 talium
512 1417 584 1463 anirne
604 1419 764 1482 requirentur?
797 1422 840 1468 Cui

74 1502 126 1532 cum
148 1485 225 1530 beatus
248 1483 393 1529 Francischus
414 1482 514 1544 ydiotam
538 1483 625 1529 sederet
648 1495 671 1531 et
695 1485 746 1532 ideo
771 1488 841 1550 magis

73 1550 200 1596 docendum
208 1548 235 1594 ab
244 1565 277 1603 eo,
287 1563 354 1609 quarn
365 1562 432 1608 supra
441 1548 550 1609 scripture
558 1550 691 1596 sententiam
698 1551 839 1612 respondere,

73 1615 153 1661 adiecit
177 1612 267 1660 humilis
288 1611 325 1658 ille
353 1611 473 1674 magister:
502 1612 586 1668 Frater,
607 1613 659 1661 licet
680 1613 707 1660 ab
728 1614 840 1679 aliquibus

72 1677 208 1741 sapientibus
236 1675 298 1722 verbi
325 1676 393 1720 huius
420 1676 581 1736 expositionem
608 1678 722 1733 audierim,
745 1679 840 1725 libenter

72 1754 147 1790 tamen
165 1758 232 1806 super
250 1741 292 1786 hoc
311 1750 377 1785 tuum
395 1740 516 1801 reciperem
537 1741 682 1790 intellectum.
726 1742 791 1790 Dixit
812 1744 840 1790 ad

72 1824 125 1855 eum
147 1808 224 1854 beatus
245 1804 408 1853 Francischus:
434 1805 455 1850 Si
479 1804 574 1852 verbum
598 1806 753 1854 universaliter
774 1808 841 1856 debet

72 1872 175 1934 intelligi,
187 1871 261 1917 taliter
277 1885 320 1932 ego
336 1868 425 1931 accipio
444 1870 507 1932 quod
523 1886 601 1915 servus
617 1871 652 1916 dei
669 1872 699 1917 sic
715 1872 781 1919 debet
794 1873 841 1919 vita

72 1947 95 1983 et
105 1937 222 1982 sanctitate
233 1936 256 1980 in
273 1951 295 1977 se
311 1934 395 1987 ardere,
407 1944 433 1978 ut
450 1935 498 1978 luce
516 1935 612 1996 exempli
623 1946 645 1980 et
656 1937 733 1997 lingua
747 1953 841 1984 conver-

72 2000 164 2047 sationis
170 2015 248 2046 omnes
256 1998 337 2059 impios
345 1997 505 2059 reprehendun
522 2000 559 2056 sic,
567 1999 590 2045 in
597 2016 672 2062 quam,
678 2001 783 2062 splendor
794 2002 840 2049 vite

72 2065 121 2132 ejus
136 2075 159 2112 et
175 2064 232 2111 odor
248 2063 306 2110 fame
323 2062 392 2124 ipsius
410 2062 514 2108 omnibus
530 2064 683 2111 annunctiabit
700 2066 839 2129 iniquitatem

72 2143 209 2194 temporum.
238 2128 369 2176 Plurimum
385 2128 459 2192 itaque
476 2129 510 2174 vir
525 2128 561 2174 ille
573 2129 709 2187 hedificatus,
721 2131 839 2179 abscedens

5 2217 22 2220 ·
73 2197 130 2244 dixit
141 2195 203 2241 sotiis
214 2193 272 2240 beati
284 2192 411 2238 Francisci:
429 2194 516 2238 Fratres
527 2194 578 2250 mei,
588 2195 701 2257 theologia
711 2197 753 2243 viri
765 2198 838 2256 huius,

1 2280 26 2295 ν
73 2260 171 2324 puritate
190 2255 378 2319 contemplatione
397 2255 490 2301 subnixa
509 2266 542 2302 est
559 2258 632 2320 aquila
648 2259 744 2324 polens,
764 2270 839 2307 nostra

73 2340 129 2375 vero
139 2324 229 2371 scientia
240 2331 318 2369 ventre
329 2320 430 2383 graditur
441 2337 508 2383 super
519 2331 607 2371 terram.

4 2467 71 2508 ων]
107 2462 141 2503 De
155 2460 205 2512 hiis,
219 2470 269 2511 que,
283 2457 438 2508 interrogatus
451 2457 577 2508 aquodam
591 2457 698 2501 cardinali
712 2460 807 2510 aperuit.

119 2535 210 2627 ⁸Hlio
225 2575 327 2625 tempore
343 2576 396 2606 cum
412 2569 469 2606 esset
486 2561 509 2607 in
526 2561 580 2607 urbe
596 2562 619 2609 in
636 2564 705 2610 domo
722 2566 839 2614 cuiusdam

73 2632 196 2689 cardinalis,
210 2631 238 2677 de
251 2626 350 2675 obscuris
363 2625 518 2689 interrogatus,
531 2627 671 2674 sermonibus
686 2629 717 2677 ita
727 2631 840 2693 profunda

73 2698 169 2763 ponebat
196 2696 219 2742 in
245 2695 326 2750 lucem,
346 2702 373 2738 ut
394 2700 482 2752 putares
502 2691 577 2754 ipsum
599 2709 685 2756 semper
707 2695 840 2746 inhabitasse

73 2764 208 2824 scripturas;
227 2760 329 2820 dixitque
344 2757 372 2803 ad
388 2772 440 2801 eum
456 2757 561 2804 dominus
577 2758 707 2807 cardinalis:
725 2762 778 2825 Ego
794 2780 839 2810 non
