1919 3169
332 113 510 165 MIRACULA
756 129 798 177 133

37 219 126 284 patitur,
148 218 226 273 celeste
249 216 381 278 suffragium
402 215 557 276 deprecatur:'
578 213 655 258 Sancte
677 213 800 274 Francisce,

38 283 118 346 inquid
140 283 195 340 dum
215 282 303 337 labitur,
326 281 407 326 adiuva
428 295 471 325 me.
505 277 582 325 Ceteri
602 277 646 323 huc
665 287 688 324 et
707 279 760 325 illuc
778 296 800 326 se

38 357 157 402 vertentes,
176 347 232 392 dum
248 361 304 407 puer
315 344 371 390 alius
387 359 433 388 non
449 352 569 404 comparet,
583 341 687 398 clamore,
705 342 800 389 circuitu

39 424 61 459 et
83 412 179 457 lacrimis
201 409 351 473 requirebant.
384 407 487 453 Tandem
506 408 533 453 ad
552 423 577 453 os
597 406 660 469 putei
679 408 802 466 venientes,

39 477 157 524 herbarum
180 475 276 537 vestigio
297 490 320 519 se
342 482 396 518 tunc
423 473 558 535 erigentium
580 482 719 535 cognoscunt
742 472 803 519 intro

40 557 135 605 puerum
157 539 205 585 fore
226 540 321 600 lapsum.
356 538 611 598 Festinantgementes
639 536 667 583 ad
694 536 803 598 burgum,

40 613 155 652 assumunt
176 602 294 648 hominurn
316 600 413 657 turbam,
433 600 528 646 redeunt
549 600 577 646 ad
596 600 699 646 omnium
719 601 803 647 iudicio

41 672 189 731 desperatum.
222 666 358 712 Demietitur
379 682 438 711 unus
456 681 496 728 per
515 662 590 711 funem
611 666 633 711 in
650 676 763 728 puteum3
781 676 804 713 et

40 752 89 783 ecce
106 749 202 796 puerum
221 732 311 793 respicit
327 746 435 793 aquarum
452 731 569 790 superficie
586 732 726 789 residentem,
746 733 803 778 nihil

41 814 128 863 passum
150 797 238 859 penitus
259 795 356 841 lesionis.
388 795 509 841 Extractus
531 810 584 841 vero
605 796 633 842 de
652 806 721 858 puteo
740 813 803 859 puer,

42 863 98 910 dixit
110 862 215 906 omnibus
227 862 264 923 qui
279 869 442 905 convenerant:
461 859 559 919 Quando
569 859 645 905 subito
657 861 733 917 cecidi,
746 861 804 907 beati

42 926 151 974 Francisci
167 924 317 986 patrocinium
334 922 452 980 invocavi3
469 924 507 985 qui
525 923 638 969 corruenti
655 924 710 970 mihi
728 927 803 972 statim

41 990 202 1056 presentialiter
213 989 279 1035 affuit
289 999 311 1034 et
327 1003 418 1033 manum
430 987 547 1050 porrigens
558 987 637 1043 leniter
648 990 802 1052 apprehendit,

42 1073 81 1106 nec
100 1071 202 1117 unquam
221 1053 328 1111 deseruit,
347 1053 418 1100 donec
438 1068 482 1098 una
503 1053 618 1100 vobiscum
635 1054 663 1100 de
679 1065 748 1114 puteo
767 1073 803 1102 me

42 1120 127 1167 eduxit.

90 1183 208 1231 Cessatum
229 1191 276 1227 erat
303 1199 315 1228 a
337 1198 388 1228 cura
409 1179 526 1227 cuiusdam
553 1180 626 1244 puelle
649 1183 676 1229 de
701 1184 802 1242 Ancona,

42 1249 100 1296 letali
122 1248 250 1311 egritudine
276 1247 375 1309 fatigate.
417 1247 555 1309 lamiamque
587 1248 614 1293 ad
642 1249 690 1294 eius
723 1250 804 1295 transi-

43 1325 92 1361 tum
125 1329 227 1375 quaeque
259 1311 352 1358 funerea
383 1310 523 1372 parabantur,
568 1311 641 1357 Adest
672 1312 692 1357 ei
725 1311 803 1359 beatus

43 1376 173 1423 Franciscus
206 1377 249 1421 iam
279 1376 303 1420 in
336 1374 418 1421 ultimo
453 1375 533 1435 spiritu
568 1375 697 1431 constitute,
727 1377 803 1423 dicens

43 1443 77 1489 ei:
107 1440 210 1498 Confide‚
233 1439 284 1497 filia,
307 1439 359 1503 quia
385 1439 429 1486 mei
451 1439 521 1502 gratia
547 1456 570 1486 es
593 1441 683 1501 penitus
704 1443 802 1491 liberata.

45 1508 75 1553 Et
103 1507 158 1552 hanc
185 1521 252 1569 quam
280 1504 322 1550 tibi
350 1505 445 1551 restituo
473 1504 589 1550 sanitatem
614 1507 697 1551 nemini
722 1507 804 1554 dixeris

44 1588 113 1633 nsque
129 1587 185 1617 sero.
219 1571 280 1617 Cum
295 1587 343 1615 sero
358 1570 444 1614 factum
458 1579 522 1626 esset,
533 1570 603 1615 erexit
616 1587 638 1614 se
649 1570 723 1616 subito
738 1588 805 1633 super

43 1635 133 1689 lectum,
155 1634 297 1696 stupentibus
319 1642 341 1678 et
360 1632 499 1696 fugientibus
518 1633 558 1695 qui
579 1632 686 1680 astabant.
720 1636 805 1683 Crede-

44 1700 96 1746 bant
115 1699 236 1761 expirantis
256 1714 337 1761 corpus
358 1699 462 1743 invasisse
481 1698 612 1744 demonium
634 1708 663 1754 et,
688 1701 805 1748 recedente

44 1765 88 1811 iam
107 1764 186 1821 anima,
206 1781 300 1826 pravum
322 1763 424 1810 accedere
445 1779 600 1810 successorem.
634 1765 712 1812 Audet
734 1778 804 1813 mater
818 1773 904 1822 Fot53v⁰

45 1844 157 1874 accurrere
179 1829 288 1889 propius;
316 1837 338 1872 et
360 1838 437 1882 contra
459 1828 597 1883 demonium,
620 1828 681 1889 quod
705 1832 804 1890 putabat,
847 1870 849 1874 .

45 1892 209 1938 coniurationes
225 1891 382 1953 multiplicans,
396 1890 476 1937 nititur
492 1907 540 1937 eam
552 1892 575 1936 in
591 1891 675 1938 lectulo
690 1894 804 1941 reclinare.

47 1957 91 2006 Cui
102 1956 161 2005 filia:
180 1957 222 2013 Ne,
236 1974 313 2021 queso,
325 1967 403 2014 mater,
413 1967 479 2019 putes
490 1972 536 2003 esse
547 1957 685 2014 demonium,
697 1962 804 2022 quoniam

46 2022 100 2068 hora
116 2023 182 2068 tertia
198 2023 276 2068 beatus
293 2023 422 2067 Franciscus
439 2039 474 2067 me
491 2021 517 2068 ab
534 2023 596 2067 omni
612 2023 692 2068 morbo
711 2026 805 2085 sanavit,

47 2087 169 2148 precipiens
191 2087 246 2132 mihi
266 2096 291 2132 ut
311 2087 367 2132 nulli
386 2087 428 2132 hoc
450 2087 545 2132 dicerem
568 2104 637 2148 usque
657 2089 734 2134 modo.
767 2090 805 2135 Fit

47 2166 128 2196 nomen
147 2152 259 2198 Francisci
276 2167 339 2196 causa
354 2150 464 2212 stupende
479 2150 556 2209 letitie,
573 2150 663 2213 quibus
675 2152 805 2200 demonium

47 2214 119 2262 fuerat
137 2232 201 2264 causa
219 2215 287 2280 fuge¹>
315 2216 410 2280 Cogunt
428 2216 476 2279 ipsa
492 2216 546 2262 hora
564 2215 660 2278 puellam
678 2217 706 2265 de
725 2219 807 2282 gallina

48 2282 168 2329 comedere.
204 2282 247 2329 Sed
266 2298 362 2328 renuens
380 2281 424 2338 illa,
441 2281 492 2346 quia
509 2282 579 2328 maior
597 2292 643 2328 erat
659 2291 702 2342 xta,
721 2285 808 2348 respuit

49 2348 181 2393 manducare
192 2366 196 2393 :
215 2347 301 2403 Nolite,
311 2347 398 2409 inquid,
405 2348 489 2393 timere.
523 2347 606 2392 Nonne
617 2348 697 2393 videtis
705 2360 808 2397 sanctum

50 2409 191 2457 Franciscum
213 2410 261 2457 alba
282 2411 403 2458 indutum?
431 2410 489 2457 Ecce
508 2411 598 2457 mandat
616 2411 671 2456 mihi
690 2422 716 2458 ut
735 2430 810 2460 carnes

50 2490 95 2520 non
113 2475 236 2533 comedam,
253 2475 305 2540 quia
323 2484 363 2522 xca
374 2486 414 2532 est,
432 2486 454 2522 et
471 2474 586 2522 funeream
602 2477 701 2523 tunicam
720 2481 809 2526 mulieri

49 2539 95 2597 tali,
114 2557 158 2604 que
178 2542 240 2588 sedet
259 2542 282 2587 in
303 2557 394 2598 carcere,
411 2541 505 2603 precipit
522 2540 610 2589 exiberi.
644 2541 726 2589 Videte
743 2561 809 2601 nunc,

50 2602 123 2651 videte
134 2617 156 2651 et
167 2606 258 2667 aspicite
269 2605 415 2653 recedentem.

38 2716 40 2718 .
97 2670 167 2731 Apud
181 2670 317 2731 Neptunum
335 2680 380 2716 tres
391 2670 498 2715 mulieres
514 2679 576 2714 erant
587 2669 610 2714 in
627 2669 703 2726 domo,
716 2688 810 2734 quarum

50 2745 94 2776 una
105 2733 186 2781 devota
197 2734 304 2781 fratribus
318 2734 400 2781 nostris
412 2744 434 2779 et
450 2744 525 2780 sancto
536 2733 654 2780 Francisco
667 2734 811 2783 devotissima

50 2807 103 2845 erat.
124 2800 212 2848 'Vento
234 2817 339 2849 concussa
360 2801 441 2848 domus
463 2799 586 2859 subruitur,
613 2801 667 2847 duas
695 2802 811 2865 opprimit,

0 2904 1 2916 2
51 2860 163 2925 interficit,
182 2865 267 2931 sepelit.
301 2867 373 2914 Adest
394 2866 497 2930 protinus
515 2866 579 2912 tacite
598 2866 714 2914 invocatus
735 2867 811 2918 beatus
