1919 3169
254 101 457 149 TRACTATUS
474 101 646 147 SECUNDUS
799 118 828 164 99

65 196 166 244 dicebat:
191 198 246 245 Non
268 199 367 254 credatu,
386 198 503 255 karissimi,
523 197 586 260 quod
608 213 643 242 eas
664 196 762 259 perfecte
783 216 829 244 non

64 261 162 325 diligam.
195 264 217 310 Si
228 264 287 309 enim
299 264 383 308 crimen
394 272 449 307 esset
464 280 499 307 eas
517 263 540 307 in
558 261 642 307 christo
659 261 743 318 fovere,
754 279 828 309 nonne

64 328 135 374 maius
154 328 233 375 fuisset
252 346 287 374 eas
306 329 389 374 christo
408 328 522 374 iunxisse?
565 327 597 374 Et
616 327 709 389 quidem
728 344 773 373 non
792 346 828 376 eas

63 407 151 436 vocasse
162 393 224 437 nulla
234 393 313 437 fuisset
324 392 404 436 iniuria
414 407 420 444 ;
438 408 483 436 non
497 408 574 436 curare
589 402 677 436 vocatas
694 409 783 436 summa
795 404 828 438 est

62 455 209 502 inclementia.
243 456 284 502 Sed
304 456 433 518 exemplum
451 456 480 502 do
498 454 569 512 vobis
587 466 614 502 ut
633 455 827 518 quemadmodum

59 521 182 582 ego-facio,
194 524 224 567 ita
241 533 263 566 et
280 538 321 567 vos
338 521 429 565 faciatis.
462 521 530 577 Nolo,
543 522 605 583 quod
623 521 702 583 aliquis
719 521 748 567 ad
765 521 828 568 visit-

61 586 145 631 andum
156 603 191 632 eas
203 596 352 648 spontaneum
363 601 386 629 se
397 583 476 631 offerat
486 601 491 641 3
509 584 547 631 sed
562 586 652 641 invitos,
664 595 691 632 ut
702 585 826 648 plurimum

61 652 181 694 renitentes
191 651 258 695 iubeo
273 651 371 711 ipsarum
384 651 479 695 servitiis
496 651 605 711 deputari,
617 650 742 711 spirituales
760 652 827 697 dum-

61 722 121 759 taxat
132 715 199 769 viros,
210 714 278 774 digna
289 723 311 758 et
322 713 417 774 longena
428 714 596 759 conversatione
606 714 719 776 probatos.

60 864 217 956 Μόὲὲιὸιέιέῑῗέο
242 864 386 915 reprehendit
415 865 558 915 quodamque
584 864 680 907 libenter
705 866 769 908 ibant
795 867 926 918 adm-ccxv]

165 928 175 955 1'
199 946 203 957 .

106 991 189 1079 Qum
200 1025 260 1069 enim
270 1023 338 1069 semel
349 1023 441 1085 quidam
451 1022 526 1081 frater,
538 1025 577 1086 qui
588 1024 643 1071 duas
655 1025 678 1070 in
688 1027 824 1073 monasterio

59 1091 158 1153 quodam
182 1089 237 1135 filias
261 1087 358 1150 perfecte
385 1088 558 1135 conversationis
585 1088 684 1145 habebat,
708 1091 823 1152 quoddam

57 1155 221 1217 pauperculum
230 1155 392 1199 munusculum
403 1170 430 1198 ex
440 1163 502 1213 parte
514 1155 583 1199 sancti
594 1154 688 1200 libenter
696 1156 724 1201 ad
735 1156 822 1203 dictum

57 1218 133 1263 locum
142 1235 164 1262 se
173 1218 263 1262 deberet
270 1217 406 1271 delaturum,
412 1218 534 1276 increpavit
542 1232 594 1262 eum
601 1228 689 1263 sanctus
696 1220 820 1277 durissime,

58 1282 124 1328 verba
146 1299 192 1329 non
213 1281 283 1327 modo
307 1279 424 1326 referenda
445 1280 565 1337 inculcans,
588 1280 663 1344 sicque
689 1297 729 1344 per
753 1282 821 1330 alium

56 1358 203 1403 recusantem,
226 1346 263 1393 sed
286 1361 331 1391 non
356 1344 489 1391 obstinatius
515 1346 678 1407 persistentem,
700 1350 821 1396 transmisit

56 1413 165 1457 exenium.
211 1411 277 1456 Alius
299 1409 367 1455 frater
389 1410 412 1454 in
434 1426 499 1471 yeme
524 1426 587 1456 causa
615 1412 772 1472 compassionis
793 1414 821 1460 ad

56 1476 216 1520 monasterium
235 1472 349 1535 quoddam
369 1473 465 1528 accessit,
484 1473 522 1517 sed
542 1472 681 1519 voluntatem
703 1476 772 1520 sancti
791 1477 821 1522 sic

55 1540 164 1585 efficacem
175 1540 203 1584 de
220 1554 266 1583 non
281 1536 356 1583 eundo
368 1537 467 1583 nescivit.
501 1536 626 1599 Postquam
643 1536 727 1585 factum
744 1550 821 1587 sancto

56 1604 155 1650 innotuit
177 1620 216 1665 per
243 1602 309 1663 plura
338 1601 439 1647 milliaria
460 1603 483 1646 in
505 1603 602 1647 maximo
627 1604 713 1650 nivium
736 1603 820 1667 frigore

55 1668 120 1713 illum
138 1669 226 1713 nudum
244 1683 335 1728 pergere
352 1666 411 1711 fecit.

69 1820 103 1861 De
116 1820 274 1871 predicatione,
289 1829 357 1868 quam
370 1817 444 1869 magis
458 1816 569 1869 exemplo,
583 1829 651 1869 quam
665 1818 733 1862 verbo
747 1819 805 1864 fecit.
823 1802 926 1895 [F‘ssfffl]

98 1896 253 1989 ‘Erequenti
265 1926 426 1987 supplicatione
439 1925 512 1986 vicarij
525 1937 613 1972 sanctus
629 1937 692 1987 pater
709 1930 818 1990 pulsatus,

54 2010 105 2040 cum
123 1992 183 2056 apud
200 2000 302 2036 sanctum
320 1990 457 2034 Damianum
476 1988 557 2034 faceret
576 2005 669 2045 moram,
686 2001 712 2036 ut
732 1991 819 2038 filiabus

52 2068 187 2120 proponeret
198 2056 294 2104 verbum
305 2055 347 2112 dei,
355 2055 424 2115 ipsius
436 2055 526 2100 tandem
533 2056 637 2100 instantia
645 2056 754 2115 devictus,
765 2074 819 2103 con-

53 2125 123 2169 cessit.
157 2121 305 2183 Congregatis
318 2129 393 2165 autem
407 2118 540 2165 dominabus
557 2136 583 2164 ex
597 2136 666 2177 more,
679 2132 706 2166 ut
723 2122 818 2168 verbum

53 2187 88 2232 dei
100 2189 210 2239 audirent,
222 2186 260 2230 sed
272 2199 317 2227 non
331 2183 405 2227 minus
421 2193 447 2227 ut
464 2194 549 2244 patrem
565 2184 673 2239 uiderent,
684 2185 762 2230 levatis
773 2187 818 2247 ipse

53 2251 75 2295 in
92 2251 165 2297 celum
182 2249 258 2304 oculis,
271 2247 310 2294 ubi
326 2263 365 2292 cor
379 2263 467 2308 semper
479 2245 579 2302 habebat,
591 2248 618 2292 ad
636 2248 745 2294 christum
760 2251 818 2312 cepit

54 2331 123 2361 orare.
156 2316 259 2361 Cinerem
270 2312 363 2373 proinde
378 2310 418 2356 sibi
436 2311 516 2357 deferri
534 2311 601 2367 iubet,
615 2312 642 2357 de
660 2329 707 2375 quo
723 2314 780 2359 circa
794 2331 817 2359 se

53 2380 76 2424 in
100 2381 229 2443 pavimento
256 2376 365 2422 circulum
387 2374 446 2431 fecit,
468 2376 580 2438 reliquum
607 2392 674 2438 super
698 2379 816 2440 proprium

53 2455 119 2505 caput
136 2446 260 2504 imponens.
294 2440 469 2499 Expectantibus
487 2440 529 2484 illis
546 2441 636 2485 beatum
654 2452 741 2500 patrem
758 2444 816 2489 intra

53 2507 165 2554 cinereum
174 2506 282 2553 circulum
291 2520 343 2550 cum
351 2503 439 2549 silentio
447 2504 608 2564 persistentem,
617 2513 696 2565 stupor
705 2506 728 2550 in
739 2523 815 2552 earum

53 2572 158 2620 cordibus
174 2589 219 2618 non
234 2585 316 2633 parvus
327 2567 436 2614 oboritur.
470 2568 545 2631 Surgit
555 2568 629 2615 subito
640 2579 729 2617 sanctus
740 2581 762 2618 et
773 2571 815 2617 illis
830 2597 831 2600 =

52 2640 161 2693 attonitis,
181 2635 296 2683 Misereris
314 2633 370 2679 deus
390 2650 460 2689 meus,
480 2635 557 2679 recitat
578 2651 619 2695 pro
641 2651 750 2693 sermone,
768 2653 814 2698 quo

23 2722 25 2724 ·
52 2701 123 2758 finito,
135 2701 233 2749 celeriter
244 2699 303 2746 foras
314 2697 433 2760 egreditur.
468 2698 548 2745 Huius
559 2698 643 2745 virtute
659 2700 735 2765 alludij
753 2711 815 2748 tanta

52 2764 145 2813 fuerunt
167 2766 251 2810 famule
273 2763 316 2808 Dei
339 2763 484 2807 contrictione
506 2763 597 2822 replete,
619 2773 645 2808 ut
671 2765 812 2810 lacrimarum

50 2830 170 2878 educentes
193 2827 304 2892 profluvia
327 2826 364 2873 vix
387 2843 399 2871 a
426 2825 468 2872 sui
485 2826 583 2873 vindicta
606 2842 694 2874 manus
712 2829 813 2894 proprias
