<?xml version="1.0" encoding="UTF-8"?>
<!DOCTYPE html PUBLIC "-//W3C//DTD XHTML 1.0 Transitional//EN"
    "http://www.w3.org/TR/xhtml1/DTD/xhtml1-transitional.dtd">
<html xmlns="http://www.w3.org/1999/xhtml" xml:lang="en" lang="en">
 <head>
  <title>
</title>
<meta http-equiv="Content-Type" content="text/html;charset=utf-8" />
  <meta name='ocr-system' content='tesseract 3.04.00' />
  <meta name='ocr-capabilities' content='ocr_page ocr_carea ocr_par ocr_line ocrx_word'/>
</head>
<body>
  <div class='ocr_page' id='page_1' title='image "./MN5146ucmf_4_0080.png"; bbox 0 0 1919 3169; ppageno 0'>
   <div class='ocr_carea' id='block_1_1' title="bbox 152 75 703 125">
    <p class='ocr_par' dir='ltr' id='par_1_1' title="bbox 152 75 703 125">
     <span class='ocr_line' id='line_1_1' title="bbox 152 75 703 125; baseline -0.002 -1"><span class='ocrx_word' id='word_1_1' title='bbox 152 81 180 125; x_wconf 83' lang='lat'><strong>28</strong></span> <span class='ocrx_word' id='word_1_2' title='bbox 364 75 525 124; x_wconf 87' lang='lat' dir='ltr'>LEGENDA</span> <span class='ocrx_word' id='word_1_3' title='bbox 542 76 703 124; x_wconf 89' lang='lat' dir='ltr'><strong>GREGORH</strong></span> 
     </span>
    </p>
   </div>
   <div class='ocr_carea' id='block_1_2' title="bbox 151 170 919 2165">
    <p class='ocr_par' dir='ltr' id='par_1_2' title="bbox 151 170 916 350">
     <span class='ocr_line' id='line_1_2' title="bbox 151 170 915 234; baseline -0.003 -15"><span class='ocrx_word' id='word_1_4' title='bbox 151 172 194 219; x_wconf 91' lang='lat' dir='ltr'><strong>deo</strong></span> <span class='ocrx_word' id='word_1_5' title='bbox 205 172 287 234; x_wconf 88' lang='lat' dir='ltr'><strong>pariter</strong></span> <span class='ocrx_word' id='word_1_6' title='bbox 298 172 469 217; x_wconf 87' lang='lat' dir='ltr'><strong>convenirent.¹⁵</strong></span> <span class='ocrx_word' id='word_1_7' title='bbox 503 170 696 219; x_wconf 88' lang='lat' dir='ltr'><strong>Convenientibus</strong></span> <span class='ocrx_word' id='word_1_8' title='bbox 707 187 761 218; x_wconf 92' lang='lat' dir='ltr'><strong>vero</strong></span> <span class='ocrx_word' id='word_1_9' title='bbox 770 171 785 197; x_wconf 83' lang='lat'><strong>¹⁶</strong></span> <span class='ocrx_word' id='word_1_10' title='bbox 796 172 819 217; x_wconf 92' lang='lat' dir='ltr'><strong>in</strong></span> <span class='ocrx_word' id='word_1_11' title='bbox 836 187 915 228; x_wconf 87' lang='lat' dir='ltr'><strong>unum,</strong></span> 
     </span>
     <span class='ocr_line' id='line_1_3' title="bbox 152 235 916 301; baseline 0 -17"><span class='ocrx_word' id='word_1_12' title='bbox 152 236 181 284; x_wconf 87' lang='lat' dir='ltr'><strong>de</strong></span> <span class='ocrx_word' id='word_1_13' title='bbox 192 237 278 284; x_wconf 84' lang='lat' dir='ltr'>visione</span> <span class='ocrx_word' id='word_1_14' title='bbox 289 235 320 298; x_wconf 91' lang='lat' dir='ltr'><strong>pii</strong></span> <span class='ocrx_word' id='word_1_15' title='bbox 332 236 427 299; x_wconf 88' lang='lat' dir='ltr'><strong>pastoris</strong></span> <span class='ocrx_word' id='word_1_16' title='bbox 437 251 518 300; x_wconf 86' lang='lat' dir='ltr'><strong>magna</strong></span> <span class='ocrx_word' id='word_1_17' title='bbox 524 237 605 301; x_wconf 84' lang='lat' dir='ltr'><strong>gaudia</strong></span> <span class='ocrx_word' id='word_1_18' title='bbox 616 235 728 283; x_wconf 91' lang='lat' dir='ltr'><strong>celebrant</strong></span> <span class='ocrx_word' id='word_1_19' title='bbox 738 255 744 294; x_wconf 94' lang='grc'><strong>;</strong></span> <span class='ocrx_word' id='word_1_20' title='bbox 761 246 783 283; x_wconf 92' lang='lat' dir='ltr'><strong>et</strong></span> <span class='ocrx_word' id='word_1_21' title='bbox 794 254 817 284; x_wconf 92' lang='lat' dir='ltr'><strong>se</strong></span> <span class='ocrx_word' id='word_1_22' title='bbox 828 236 859 283; x_wconf 92' lang='lat' dir='ltr'><strong>sic</strong></span> <span class='ocrx_word' id='word_1_23' title='bbox 869 253 916 284; x_wconf 91' lang='lat' dir='ltr'><strong>uno</strong></span> 
     </span>
     <span class='ocr_line' id='line_1_4' title="bbox 151 300 560 350; baseline 0 -2"><span class='ocrx_word' id='word_1_24' title='bbox 151 302 282 350; x_wconf 89' lang='lat' dir='ltr'><strong>convenisse</strong></span> <span class='ocrx_word' id='word_1_25' title='bbox 292 300 403 348; x_wconf 87' lang='lat' dir='ltr'><strong>desiderio</strong></span> <span class='ocrx_word' id='word_1_26' title='bbox 414 301 560 349; x_wconf 85' lang='lat' dir='ltr'><strong>admirantur.</strong></span> 
     </span>
    </p>

    <p class='ocr_par' dir='ltr' id='par_1_3' title="bbox 151 365 919 1073">
     <span class='ocr_line' id='line_1_5' title="bbox 200 365 917 429; baseline -0.003 -15"><span class='ocrx_word' id='word_1_27' title='bbox 200 366 310 414; x_wconf 84' lang='lat' dir='ltr'><strong>Referunt</strong></span> <span class='ocrx_word' id='word_1_28' title='bbox 320 366 402 413; x_wconf 89' lang='lat' dir='ltr'><strong>deinde</strong></span> <span class='ocrx_word' id='word_1_29' title='bbox 415 365 481 423; x_wconf 88' lang='lat' dir='ltr'><strong>bona,</strong></span> <span class='ocrx_word' id='word_1_30' title='bbox 492 383 538 429; x_wconf 92' lang='lat' dir='ltr'><strong>que</strong></span> <span class='ocrx_word' id='word_1_31' title='bbox 554 366 677 413; x_wconf 84' lang='lat' dir='ltr'>misericors</span> <span class='ocrx_word' id='word_1_32' title='bbox 693 366 801 413; x_wconf 89' lang='lat' dir='ltr'><strong>dominus</strong></span> <span class='ocrx_word' id='word_1_33' title='bbox 812 365 894 413; x_wconf 83' lang='lat' dir='ltr'><strong>fecerat</strong></span> <span class='ocrx_word' id='word_1_34' title='bbox 902 374 917 399; x_wconf 83' lang='lat'><strong>¹⁷</strong></span> 
     </span>
     <span class='ocr_line' id='line_1_6' title="bbox 152 430 917 494; baseline 0 -17"><span class='ocrx_word' id='word_1_35' title='bbox 152 431 200 487; x_wconf 82' lang='lat' dir='ltr'><strong>eis3</strong></span> <span class='ocrx_word' id='word_1_36' title='bbox 222 441 244 477; x_wconf 89' lang='lat' dir='ltr'><strong>et</strong></span> <span class='ocrx_word' id='word_1_37' title='bbox 265 432 283 476; x_wconf 87' lang='lat' dir='ltr'><strong>si</strong></span> <span class='ocrx_word' id='word_1_38' title='bbox 311 431 450 492; x_wconf 82' lang='lat' dir='ltr'><strong>negligentes</strong></span> <span class='ocrx_word' id='word_1_39' title='bbox 471 442 494 476; x_wconf 90' lang='lat' dir='ltr'><strong>et</strong></span> <span class='ocrx_word' id='word_1_40' title='bbox 515 432 596 494; x_wconf 82' lang='lat' dir='ltr'><strong>ingrati</strong></span> <span class='ocrx_word' id='word_1_41' title='bbox 618 431 758 492; x_wconf 89' lang='lat' dir='ltr'><strong>aliquatenus</strong></span> <span class='ocrx_word' id='word_1_42' title='bbox 785 430 917 488; x_wconf 88' lang='lat' dir='ltr'><strong>extitissent,</strong></span> 
     </span>
     <span class='ocr_line' id='line_1_7' title="bbox 152 493 917 557; baseline -0.003 -16"><span class='ocrx_word' id='word_1_43' title='bbox 152 495 312 542; x_wconf 84' lang='lat' dir='ltr'><strong>correctionem</strong></span> <span class='ocrx_word' id='word_1_44' title='bbox 328 504 351 539; x_wconf 89' lang='lat' dir='ltr'><strong>et</strong></span> <span class='ocrx_word' id='word_1_45' title='bbox 367 493 507 554; x_wconf 84' lang='lat' dir='ltr'><strong>disciplinam</strong></span> <span class='ocrx_word' id='word_1_46' title='bbox 519 512 531 541; x_wconf 90' lang='lat' dir='ltr'><strong>a</strong></span> <span class='ocrx_word' id='word_1_47' title='bbox 542 505 618 541; x_wconf 90' lang='lat' dir='ltr'><strong>sancto</strong></span> <span class='ocrx_word' id='word_1_48' title='bbox 629 504 691 556; x_wconf 87' lang='lat' dir='ltr'><strong>patre</strong></span> <span class='ocrx_word' id='word_1_49' title='bbox 703 493 819 540; x_wconf 85' lang='lat' dir='ltr'><strong>humiliter</strong></span> <span class='ocrx_word' id='word_1_50' title='bbox 836 504 917 557; x_wconf 91' lang='lat' dir='ltr'><strong>petunt</strong></span> 
     </span>
     <span class='ocr_line' id='line_1_8' title="bbox 152 558 917 623; baseline 0 -18"><span class='ocrx_word' id='word_1_51' title='bbox 152 570 175 606; x_wconf 88' lang='lat' dir='ltr'><strong>et</strong></span> <span class='ocrx_word' id='word_1_52' title='bbox 196 558 314 623; x_wconf 86' lang='lat' dir='ltr'><strong>diligenter</strong></span> <span class='ocrx_word' id='word_1_53' title='bbox 335 558 485 620; x_wconf 79' lang='lat' dir='ltr'><strong>suscipiunt.¹⁸</strong></span> <span class='ocrx_word' id='word_1_54' title='bbox 523 559 557 605; x_wconf 87' lang='lat' dir='ltr'><strong>Sic</strong></span> <span class='ocrx_word' id='word_1_55' title='bbox 579 560 639 606; x_wconf 92' lang='lat' dir='ltr'><strong>enim</strong></span> <span class='ocrx_word' id='word_1_56' title='bbox 662 569 825 606; x_wconf 91' lang='lat' dir='ltr'><strong>consueverant</strong></span> <span class='ocrx_word' id='word_1_57' title='bbox 846 559 917 606; x_wconf 89' lang='lat' dir='ltr'><strong>facere</strong></span> 
     </span>
     <span class='ocr_line' id='line_1_9' title="bbox 153 623 917 687; baseline -0.003 -16"><span class='ocrx_word' id='word_1_58' title='bbox 153 640 247 687; x_wconf 86' lang='lat' dir='ltr'><strong>semper,</strong></span> <span class='ocrx_word' id='word_1_59' title='bbox 258 627 310 671; x_wconf 84' lang='lat' dir='ltr'><strong>curn</strong></span> <span class='ocrx_word' id='word_1_60' title='bbox 320 624 440 670; x_wconf 88' lang='lat' dir='ltr'><strong>veniebant</strong></span> <span class='ocrx_word' id='word_1_61' title='bbox 451 624 479 670; x_wconf 91' lang='lat' dir='ltr'><strong>ad</strong></span> <span class='ocrx_word' id='word_1_62' title='bbox 490 641 550 681; x_wconf 87' lang='lat' dir='ltr'><strong>eum,</strong></span> <span class='ocrx_word' id='word_1_63' title='bbox 563 642 603 672; x_wconf 90' lang='lat' dir='ltr'><strong>nec</strong></span> <span class='ocrx_word' id='word_1_64' title='bbox 614 623 641 671; x_wconf 91' lang='lat' dir='ltr'><strong>ab</strong></span> <span class='ocrx_word' id='word_1_65' title='bbox 652 624 702 686; x_wconf 88' lang='lat' dir='ltr'><strong>ipso</strong></span> <span class='ocrx_word' id='word_1_66' title='bbox 709 633 725 657; x_wconf 81' lang='lat'><strong>¹⁹</strong></span> <span class='ocrx_word' id='word_1_67' title='bbox 735 625 895 686; x_wconf 81' lang='lat' dir='ltr'><strong>cogitationem</strong></span> <span class='ocrx_word' id='word_1_68' title='bbox 901 633 917 650; x_wconf 80' lang='lat'><strong>²⁰</strong></span> 
     </span>
     <span class='ocr_line' id='line_1_10' title="bbox 152 687 916 749; baseline -0.004 -13"><span class='ocrx_word' id='word_1_69' title='bbox 152 690 277 745; x_wconf 83' lang='lat' dir='ltr'><strong>minimam,</strong></span> <span class='ocrx_word' id='word_1_70' title='bbox 295 687 331 733; x_wconf 90' lang='lat' dir='ltr'><strong>vel</strong></span> <span class='ocrx_word' id='word_1_71' title='bbox 347 688 456 749; x_wconf 71' lang='lat' dir='ltr'><strong>primos²1</strong></span> <span class='ocrx_word' id='word_1_72' title='bbox 473 689 563 734; x_wconf 77' lang='lat' dir='ltr'><strong>etiam²²</strong></span> <span class='ocrx_word' id='word_1_73' title='bbox 580 698 657 735; x_wconf 91' lang='lat' dir='ltr'><strong>motus</strong></span> <span class='ocrx_word' id='word_1_74' title='bbox 673 689 742 735; x_wconf 89' lang='lat' dir='ltr'><strong>animi</strong></span> <span class='ocrx_word' id='word_1_75' title='bbox 758 688 916 744; x_wconf 82' lang='lat' dir='ltr'><strong>occultabant3</strong></span> 
     </span>
     <span class='ocr_line' id='line_1_11' title="bbox 153 751 918 816; baseline 0.001 -17"><span class='ocrx_word' id='word_1_76' title='bbox 153 764 176 800; x_wconf 93' lang='lat' dir='ltr'><strong>et</strong></span> <span class='ocrx_word' id='word_1_77' title='bbox 183 761 199 785; x_wconf 83' lang='lat'><strong>²³</strong></span> <span class='ocrx_word' id='word_1_78' title='bbox 210 769 262 802; x_wconf 90' lang='lat' dir='ltr'><strong>cum</strong></span> <span class='ocrx_word' id='word_1_79' title='bbox 273 751 349 799; x_wconf 92' lang='lat' dir='ltr'><strong>omnia</strong></span> <span class='ocrx_word' id='word_1_80' title='bbox 359 752 520 813; x_wconf 81' lang='lat' dir='ltr'><strong>implevissent,</strong></span> <span class='ocrx_word' id='word_1_81' title='bbox 529 770 573 815; x_wconf 91' lang='lat' dir='ltr'><strong>que</strong></span> <span class='ocrx_word' id='word_1_82' title='bbox 584 753 638 815; x_wconf 92' lang='lat' dir='ltr'><strong>ipsis</strong></span> <span class='ocrx_word' id='word_1_83' title='bbox 646 764 749 816; x_wconf 85' lang='lat' dir='ltr'><strong>precepta</strong></span> <span class='ocrx_word' id='word_1_84' title='bbox 760 763 829 811; x_wconf 89' lang='lat' dir='ltr'><strong>erant,</strong></span> <span class='ocrx_word' id='word_1_85' title='bbox 842 770 918 800; x_wconf 87' lang='lat' dir='ltr'><strong>servos</strong></span> 
     </span>
     <span class='ocr_line' id='line_1_12' title="bbox 153 817 918 880; baseline -0.001 -17"><span class='ocrx_word' id='word_1_86' title='bbox 153 835 176 864; x_wconf 86' lang='lat' dir='ltr'><strong>se</strong></span> <span class='ocrx_word' id='word_1_87' title='bbox 187 817 278 864; x_wconf 92' lang='lat' dir='ltr'><strong>inutiles</strong></span> <span class='ocrx_word' id='word_1_88' title='bbox 289 817 429 879; x_wconf 88' lang='lat' dir='ltr'><strong>reputabant.</strong></span> <span class='ocrx_word' id='word_1_89' title='bbox 462 818 496 862; x_wconf 90' lang='lat' dir='ltr'><strong>Sic</strong></span> <span class='ocrx_word' id='word_1_90' title='bbox 510 818 572 863; x_wconf 89' lang='lat' dir='ltr'><strong>enim</strong></span> <span class='ocrx_word' id='word_1_91' title='bbox 588 827 660 863; x_wconf 91' lang='lat' dir='ltr'><strong>totam</strong></span> <span class='ocrx_word' id='word_1_92' title='bbox 676 817 736 863; x_wconf 93' lang='lat' dir='ltr'><strong>illam</strong></span> <span class='ocrx_word' id='word_1_93' title='bbox 748 818 843 880; x_wconf 88' lang='lat' dir='ltr'><strong>primam</strong></span> <span class='ocrx_word' id='word_1_94' title='bbox 860 817 918 864; x_wconf 89' lang='lat' dir='ltr'><strong>beati</strong></span> 
     </span>
     <span class='ocr_line' id='line_1_13' title="bbox 151 881 917 941; baseline -0.003 -13"><span class='ocrx_word' id='word_1_95' title='bbox 151 881 253 928; x_wconf 84' lang='lat' dir='ltr'><strong>francisci</strong></span> <span class='ocrx_word' id='word_1_96' title='bbox 263 882 362 927; x_wconf 88' lang='lat' dir='ltr'><strong>scholam</strong></span> <span class='ocrx_word' id='word_1_97' title='bbox 371 881 474 941; x_wconf 90' lang='lat' dir='ltr'><strong>puritatis</strong></span> <span class='ocrx_word' id='word_1_98' title='bbox 481 881 574 941; x_wconf 89' lang='lat' dir='ltr'><strong>spiritus</strong></span> <span class='ocrx_word' id='word_1_99' title='bbox 582 881 731 941; x_wconf 72' lang='lat' dir='ltr'><strong>presidebat‚²⁴</strong></span> <span class='ocrx_word' id='word_1_100' title='bbox 740 892 773 935; x_wconf 89' lang='lat' dir='ltr'><strong>ut,</strong></span> <span class='ocrx_word' id='word_1_101' title='bbox 782 898 835 927; x_wconf 92' lang='lat' dir='ltr'><strong>cum</strong></span> <span class='ocrx_word' id='word_1_102' title='bbox 847 882 917 938; x_wconf 88' lang='lat' dir='ltr'><strong>utilia,</strong></span> 
     </span>
     <span class='ocr_line' id='line_1_14' title="bbox 152 944 919 1008; baseline 0.001 -17"><span class='ocrx_word' id='word_1_103' title='bbox 152 954 227 993; x_wconf 87' lang='lat' dir='ltr'><strong>sancta</strong></span> <span class='ocrx_word' id='word_1_104' title='bbox 248 955 270 992; x_wconf 91' lang='lat' dir='ltr'><strong>et</strong></span> <span class='ocrx_word' id='word_1_105' title='bbox 276 951 292 977; x_wconf 84' lang='lat'><strong>²⁵</strong></span> <span class='ocrx_word' id='word_1_106' title='bbox 309 944 367 991; x_wconf 92' lang='lat' dir='ltr'><strong>iusta</strong></span> <span class='ocrx_word' id='word_1_107' title='bbox 383 945 470 1007; x_wconf 85' lang='lat' dir='ltr'><strong>operari</strong></span> <span class='ocrx_word' id='word_1_108' title='bbox 487 944 577 1004; x_wconf 78' lang='lat' dir='ltr'><strong>sciret‚²⁵</strong></span> <span class='ocrx_word' id='word_1_109' title='bbox 593 944 621 992; x_wconf 89' lang='lat' dir='ltr'><strong>de</strong></span> <span class='ocrx_word' id='word_1_110' title='bbox 638 944 692 1008; x_wconf 90' lang='lat' dir='ltr'><strong>ipsis</strong></span> <span class='ocrx_word' id='word_1_111' title='bbox 710 945 807 1008; x_wconf 87' lang='lat' dir='ltr'><strong>gaudere</strong></span> <span class='ocrx_word' id='word_1_112' title='bbox 824 945 919 993; x_wconf 88' lang='lat' dir='ltr'><strong>inaniter</strong></span> 
     </span>
     <span class='ocr_line' id='line_1_15' title="bbox 153 1011 391 1073; baseline -0.013 -15"><span class='ocrx_word' id='word_1_113' title='bbox 153 1011 243 1073; x_wconf 89' lang='lat' dir='ltr'><strong>penitus</strong></span> <span class='ocrx_word' id='word_1_114' title='bbox 254 1012 371 1073; x_wconf 86' lang='lat' dir='ltr'><strong>ignoraret.</strong></span> <span class='ocrx_word' id='word_1_115' title='bbox 376 1017 391 1041; x_wconf 84' lang='lat'><strong>²⁷</strong></span> 
     </span>
    </p>

    <p class='ocr_par' dir='ltr' id='par_1_4' title="bbox 152 1074 919 1782">
     <span class='ocr_line' id='line_1_16' title="bbox 201 1074 919 1138; baseline -0.001 -16"><span class='ocrx_word' id='word_1_116' title='bbox 201 1076 283 1122; x_wconf 89' lang='lat' dir='ltr'><strong>Beatus</strong></span> <span class='ocrx_word' id='word_1_117' title='bbox 294 1091 348 1120; x_wconf 90' lang='lat' dir='ltr'><strong>vero</strong></span> <span class='ocrx_word' id='word_1_118' title='bbox 364 1083 426 1137; x_wconf 90' lang='lat' dir='ltr'><strong>pater</strong></span> <span class='ocrx_word' id='word_1_119' title='bbox 442 1074 511 1120; x_wconf 90' lang='lat' dir='ltr'><strong>nimia</strong></span> <span class='ocrx_word' id='word_1_120' title='bbox 527 1074 622 1120; x_wconf 87' lang='lat' dir='ltr'><strong>karitate</strong></span> <span class='ocrx_word' id='word_1_121' title='bbox 639 1075 697 1121; x_wconf 87' lang='lat' dir='ltr'><strong>filios</strong></span> <span class='ocrx_word' id='word_1_122' title='bbox 708 1092 760 1122; x_wconf 89' lang='lat' dir='ltr'><strong>suos</strong></span> <span class='ocrx_word' id='word_1_123' title='bbox 776 1076 919 1138; x_wconf 88' lang='lat' dir='ltr'><strong>amplectens,</strong></span> 
     </span>
     <span class='ocr_line' id='line_1_17' title="bbox 153 1139 918 1203; baseline 0 -17"><span class='ocrx_word' id='word_1_124' title='bbox 153 1141 212 1203; x_wconf 91' lang='lat' dir='ltr'><strong>cepit</strong></span> <span class='ocrx_word' id='word_1_125' title='bbox 230 1140 263 1187; x_wconf 90' lang='lat' dir='ltr'><strong>eis</strong></span> <span class='ocrx_word' id='word_1_126' title='bbox 281 1156 349 1187; x_wconf 92' lang='lat' dir='ltr'><strong>suum</strong></span> <span class='ocrx_word' id='word_1_127' title='bbox 370 1140 455 1201; x_wconf 89' lang='lat' dir='ltr'><strong>aperire</strong></span> <span class='ocrx_word' id='word_1_128' title='bbox 473 1139 634 1201; x_wconf 64' lang='lat' dir='ltr'><strong>propositum}</strong></span> <span class='ocrx_word' id='word_1_129' title='bbox 651 1151 673 1186; x_wconf 89' lang='lat' dir='ltr'><strong>et</strong></span> <span class='ocrx_word' id='word_1_130' title='bbox 692 1158 737 1202; x_wconf 91' lang='lat' dir='ltr'><strong>que</strong></span> <span class='ocrx_word' id='word_1_131' title='bbox 752 1140 794 1186; x_wconf 90' lang='lat' dir='ltr'><strong>sibi</strong></span> <span class='ocrx_word' id='word_1_132' title='bbox 811 1140 918 1187; x_wconf 88' lang='lat' dir='ltr'><strong>dominus</strong></span> 
     </span>
     <span class='ocr_line' id='line_1_18' title="bbox 152 1203 918 1265; baseline -0.001 -16"><span class='ocrx_word' id='word_1_133' title='bbox 152 1205 295 1259; x_wconf 86' lang='lat' dir='ltr'><strong>revelaverat,</strong></span> <span class='ocrx_word' id='word_1_134' title='bbox 313 1203 416 1249; x_wconf 87' lang='lat' dir='ltr'><strong>indicare.</strong></span> <span class='ocrx_word' id='word_1_135' title='bbox 449 1203 528 1248; x_wconf 89' lang='lat' dir='ltr'><strong>Statim</strong></span> <span class='ocrx_word' id='word_1_136' title='bbox 544 1205 641 1248; x_wconf 80' lang='lat' dir='ltr'><strong>autem²8</strong></span> <span class='ocrx_word' id='word_1_137' title='bbox 656 1203 691 1249; x_wconf 90' lang='lat' dir='ltr'><strong>alii</strong></span> <span class='ocrx_word' id='word_1_138' title='bbox 709 1214 807 1265; x_wconf 88' lang='lat' dir='ltr'><strong>quatuor</strong></span> <span class='ocrx_word' id='word_1_139' title='bbox 824 1204 877 1249; x_wconf 90' lang='lat' dir='ltr'><strong>boni</strong></span> <span class='ocrx_word' id='word_1_140' title='bbox 895 1213 918 1249; x_wconf 92' lang='lat' dir='ltr'><strong>et</strong></span> 
     </span>
     <span class='ocr_line' id='line_1_19' title="bbox 154 1266 919 1330; baseline -0.001 -15"><span class='ocrx_word' id='word_1_141' title='bbox 154 1268 237 1330; x_wconf 88' lang='lat' dir='ltr'><strong>ydonei</strong></span> <span class='ocrx_word' id='word_1_142' title='bbox 248 1268 290 1314; x_wconf 90' lang='lat' dir='ltr'><strong>viri</strong></span> <span class='ocrx_word' id='word_1_143' title='bbox 301 1266 397 1329; x_wconf 91' lang='lat' dir='ltr'><strong>appositi</strong></span> <span class='ocrx_word' id='word_1_144' title='bbox 408 1266 494 1312; x_wconf 87' lang='lat' dir='ltr'><strong>suntad</strong></span> <span class='ocrx_word' id='word_1_145' title='bbox 501 1283 539 1312; x_wconf 88' lang='lat' dir='ltr'><strong>eos</strong></span> <span class='ocrx_word' id='word_1_146' title='bbox 550 1278 572 1313; x_wconf 86' lang='lat' dir='ltr'><strong>et</strong></span> <span class='ocrx_word' id='word_1_147' title='bbox 583 1268 653 1314; x_wconf 88' lang='lat' dir='ltr'><strong>secuti</strong></span> <span class='ocrx_word' id='word_1_148' title='bbox 664 1278 717 1313; x_wconf 89' lang='lat' dir='ltr'><strong>suut</strong></span> <span class='ocrx_word' id='word_1_149' title='bbox 723 1279 824 1314; x_wconf 89' lang='lat' dir='ltr'><strong>sanctum</strong></span> <span class='ocrx_word' id='word_1_150' title='bbox 831 1277 847 1300; x_wconf 84' lang='lat'><strong>²⁹</strong></span> <span class='ocrx_word' id='word_1_151' title='bbox 859 1269 919 1314; x_wconf 64' lang='lat' dir='ltr'><strong>deta</strong></span> 
     </span>
     <span class='ocr_line' id='line_1_20' title="bbox 154 1332 918 1395; baseline -0.001 -16"><span class='ocrx_word' id='word_1_152' title='bbox 154 1333 236 1379; x_wconf 88' lang='lat' dir='ltr'><strong>Factus</strong></span> <span class='ocrx_word' id='word_1_153' title='bbox 247 1344 280 1379; x_wconf 88' lang='lat' dir='ltr'><strong>est</strong></span> <span class='ocrx_word' id='word_1_154' title='bbox 290 1332 385 1395; x_wconf 89' lang='lat' dir='ltr'><strong>proinde</strong></span> <span class='ocrx_word' id='word_1_155' title='bbox 397 1348 475 1378; x_wconf 90' lang='lat' dir='ltr'><strong>rumor</strong></span> <span class='ocrx_word' id='word_1_156' title='bbox 486 1348 583 1394; x_wconf 87' lang='lat' dir='ltr'><strong>magnus</strong></span> <span class='ocrx_word' id='word_1_157' title='bbox 594 1333 617 1377; x_wconf 92' lang='lat' dir='ltr'><strong>in</strong></span> <span class='ocrx_word' id='word_1_158' title='bbox 629 1333 714 1394; x_wconf 91' lang='lat' dir='ltr'><strong>populo</strong></span> <span class='ocrx_word' id='word_1_159' title='bbox 725 1344 747 1379; x_wconf 86' lang='lat' dir='ltr'><strong>et</strong></span> <span class='ocrx_word' id='word_1_160' title='bbox 758 1332 817 1380; x_wconf 88' lang='lat' dir='ltr'><strong>fama</strong></span> <span class='ocrx_word' id='word_1_161' title='bbox 827 1334 871 1380; x_wconf 91' lang='lat' dir='ltr'><strong>viri</strong></span> <span class='ocrx_word' id='word_1_162' title='bbox 882 1333 918 1380; x_wconf 90' lang='lat' dir='ltr'><strong>dei</strong></span> 
     </span>
     <span class='ocr_line' id='line_1_21' title="bbox 154 1395 918 1461; baseline -0.001 -17"><span class='ocrx_word' id='word_1_163' title='bbox 154 1398 213 1460; x_wconf 90' lang='lat' dir='ltr'><strong>cepit</strong></span> <span class='ocrx_word' id='word_1_164' title='bbox 229 1398 320 1461; x_wconf 86' lang='lat' dir='ltr'><strong>longius</strong></span> <span class='ocrx_word' id='word_1_165' title='bbox 338 1395 433 1442; x_wconf 90' lang='lat' dir='ltr'><strong>dilatari.</strong></span> <span class='ocrx_word' id='word_1_166' title='bbox 467 1396 524 1441; x_wconf 88' lang='lat' dir='ltr'><strong>Erat</strong></span> <span class='ocrx_word' id='word_1_167' title='bbox 543 1406 601 1442; x_wconf 90' lang='lat' dir='ltr'><strong>certe</strong></span> <span class='ocrx_word' id='word_1_168' title='bbox 620 1396 660 1441; x_wconf 93' lang='lat' dir='ltr'><strong>illo</strong></span> <span class='ocrx_word' id='word_1_169' title='bbox 679 1398 702 1442; x_wconf 93' lang='lat' dir='ltr'><strong>in</strong></span> <span class='ocrx_word' id='word_1_170' title='bbox 721 1407 823 1459; x_wconf 90' lang='lat' dir='ltr'><strong>tempore</strong></span> <span class='ocrx_word' id='word_1_171' title='bbox 841 1408 918 1443; x_wconf 88' lang='lat' dir='ltr'><strong>sancto</strong></span> 
     </span>
     <span class='ocr_line' id='line_1_22' title="bbox 154 1460 917 1523; baseline -0.003 -15"><span class='ocrx_word' id='word_1_172' title='bbox 154 1462 263 1508; x_wconf 88' lang='lat' dir='ltr'><strong>francisco</strong></span> <span class='ocrx_word' id='word_1_173' title='bbox 274 1472 297 1508; x_wconf 89' lang='lat' dir='ltr'><strong>et</strong></span> <span class='ocrx_word' id='word_1_174' title='bbox 307 1460 415 1506; x_wconf 88' lang='lat' dir='ltr'><strong>fratribus</strong></span> <span class='ocrx_word' id='word_1_175' title='bbox 432 1461 478 1505; x_wconf 92' lang='lat' dir='ltr'><strong>suis</strong></span> <span class='ocrx_word' id='word_1_176' title='bbox 489 1460 597 1506; x_wconf 83' lang='lat' dir='ltr'><strong>exultatio</strong></span> <span class='ocrx_word' id='word_1_177' title='bbox 608 1462 764 1523; x_wconf 84' lang='lat' dir='ltr'><strong>magnanimis</strong></span> <span class='ocrx_word' id='word_1_178' title='bbox 774 1472 797 1507; x_wconf 90' lang='lat' dir='ltr'><strong>et</strong></span> <span class='ocrx_word' id='word_1_179' title='bbox 807 1462 917 1523; x_wconf 88' lang='lat' dir='ltr'><strong>gaudium</strong></span> 
     </span>
     <span class='ocr_line' id='line_1_23' title="bbox 155 1523 918 1589; baseline -0.001 -17"><span class='ocrx_word' id='word_1_180' title='bbox 155 1524 274 1589; x_wconf 86' lang='lat' dir='ltr'><strong>singulare,</strong></span> <span class='ocrx_word' id='word_1_181' title='bbox 297 1524 390 1586; x_wconf 90' lang='lat' dir='ltr'><strong>quando</strong></span> <span class='ocrx_word' id='word_1_182' title='bbox 411 1523 499 1585; x_wconf 89' lang='lat' dir='ltr'><strong>aliquis,</strong></span> <span class='ocrx_word' id='word_1_183' title='bbox 522 1523 660 1586; x_wconf 89' lang='lat' dir='ltr'><strong>quicumque</strong></span> <span class='ocrx_word' id='word_1_184' title='bbox 682 1533 730 1571; x_wconf 80' lang='lat' dir='ltr'><strong>ac³⁰</strong></span> <span class='ocrx_word' id='word_1_185' title='bbox 748 1525 918 1586; x_wconf 88' lang='lat' dir='ltr'><strong>qualiscumque</strong></span> 
     </span>
     <span class='ocr_line' id='line_1_24' title="bbox 155 1587 918 1651; baseline 0.001 -17"><span class='ocrx_word' id='word_1_186' title='bbox 155 1590 234 1648; x_wconf 89' lang='lat' dir='ltr'><strong>fidelis,</strong></span> <span class='ocrx_word' id='word_1_187' title='bbox 245 1590 315 1644; x_wconf 89' lang='lat' dir='ltr'><strong>dives,</strong></span> <span class='ocrx_word' id='word_1_188' title='bbox 327 1603 416 1650; x_wconf 87' lang='lat' dir='ltr'><strong>pauper,</strong></span> <span class='ocrx_word' id='word_1_189' title='bbox 433 1587 522 1643; x_wconf 89' lang='lat' dir='ltr'><strong>nobilis,</strong></span> <span class='ocrx_word' id='word_1_190' title='bbox 534 1588 640 1650; x_wconf 89' lang='lat' dir='ltr'><strong>ignobilis</strong></span> <span class='ocrx_word' id='word_1_191' title='bbox 656 1588 714 1646; x_wconf 88' lang='lat' dir='ltr'><strong>vilis,</strong></span> <span class='ocrx_word' id='word_1_192' title='bbox 731 1604 800 1648; x_wconf 84' lang='lat' dir='ltr'><strong>carus,</strong></span> <span class='ocrx_word' id='word_1_193' title='bbox 812 1588 918 1651; x_wconf 88' lang='lat' dir='ltr'><strong>prudens,</strong></span> 
     </span>
     <span class='ocr_line' id='line_1_25' title="bbox 153 1650 917 1717; baseline 0 -17"><span class='ocrx_word' id='word_1_194' title='bbox 153 1654 255 1717; x_wconf 84' lang='lat' dir='ltr'><strong>simplex,</strong></span> <span class='ocrx_word' id='word_1_195' title='bbox 266 1652 366 1708; x_wconf 88' lang='lat' dir='ltr'><strong>clericus,</strong></span> <span class='ocrx_word' id='word_1_196' title='bbox 377 1652 455 1710; x_wconf 87' lang='lat' dir='ltr'><strong>idiota,</strong></span> <span class='ocrx_word' id='word_1_197' title='bbox 466 1650 534 1698; x_wconf 87' lang='lat' dir='ltr'><strong>laicus</strong></span> <span class='ocrx_word' id='word_1_198' title='bbox 545 1653 568 1698; x_wconf 93' lang='lat' dir='ltr'><strong>in</strong></span> <span class='ocrx_word' id='word_1_199' title='bbox 580 1652 665 1715; x_wconf 91' lang='lat' dir='ltr'><strong>populo</strong></span> <span class='ocrx_word' id='word_1_200' title='bbox 682 1654 802 1701; x_wconf 88' lang='lat' dir='ltr'><strong>christiano</strong></span> <span class='ocrx_word' id='word_1_201' title='bbox 813 1654 896 1717; x_wconf 88' lang='lat' dir='ltr'><strong>spiritu</strong></span> <span class='ocrx_word' id='word_1_202' title='bbox 902 1663 917 1686; x_wconf 79' lang='lat'><strong>³¹</strong></span> 
     </span>
     <span class='ocr_line' id='line_1_26' title="bbox 154 1717 876 1782; baseline -0.003 -16"><span class='ocrx_word' id='word_1_203' title='bbox 154 1720 189 1766; x_wconf 91' lang='lat' dir='ltr'><strong>dei</strong></span> <span class='ocrx_word' id='word_1_204' title='bbox 200 1720 282 1766; x_wconf 90' lang='lat' dir='ltr'><strong>ductus</strong></span> <span class='ocrx_word' id='word_1_205' title='bbox 292 1717 395 1764; x_wconf 89' lang='lat' dir='ltr'><strong>veniebat</strong></span> <span class='ocrx_word' id='word_1_206' title='bbox 406 1728 478 1763; x_wconf 87' lang='lat' dir='ltr'><strong>sancte</strong></span> <span class='ocrx_word' id='word_1_207' title='bbox 489 1717 603 1780; x_wconf 82' lang='lat' dir='ltr'><strong>religionis</strong></span> <span class='ocrx_word' id='word_1_208' title='bbox 614 1718 714 1764; x_wconf 87' lang='lat' dir='ltr'><strong>habitum</strong></span> <span class='ocrx_word' id='word_1_209' title='bbox 725 1729 876 1782; x_wconf 89' lang='lat' dir='ltr'><strong>suscepturus.</strong></span> 
     </span>
    </p>

    <p class='ocr_par' dir='ltr' id='par_1_5' title="bbox 155 1782 919 2165">
     <span class='ocr_line' id='line_1_27' title="bbox 203 1782 919 1830; baseline -0.001 0"><span class='ocrx_word' id='word_1_210' title='bbox 203 1784 259 1830; x_wconf 85' lang='lat' dir='ltr'><strong>Erat</strong></span> <span class='ocrx_word' id='word_1_211' title='bbox 270 1783 337 1830; x_wconf 86' lang='lat' dir='ltr'><strong>etiam</strong></span> <span class='ocrx_word' id='word_1_212' title='bbox 348 1782 482 1830; x_wconf 88' lang='lat' dir='ltr'><strong>secularibus</strong></span> <span class='ocrx_word' id='word_1_213' title='bbox 494 1782 547 1828; x_wconf 91' lang='lat' dir='ltr'><strong>viris</strong></span> <span class='ocrx_word' id='word_1_214' title='bbox 563 1783 592 1828; x_wconf 89' lang='lat' dir='ltr'><strong>de</strong></span> <span class='ocrx_word' id='word_1_215' title='bbox 603 1782 708 1829; x_wconf 89' lang='lat' dir='ltr'><strong>omnibus</strong></span> <span class='ocrx_word' id='word_1_216' title='bbox 718 1784 837 1830; x_wconf 87' lang='lat' dir='ltr'><strong>admiratio</strong></span> <span class='ocrx_word' id='word_1_217' title='bbox 848 1783 919 1829; x_wconf 90' lang='lat' dir='ltr'><strong>multa</strong></span> 
     </span>
     <span class='ocr_line' id='line_1_28' title="bbox 155 1846 918 1908; baseline -0.001 -15"><span class='ocrx_word' id='word_1_218' title='bbox 155 1859 177 1893; x_wconf 94' lang='lat' dir='ltr'><strong>et</strong></span> <span class='ocrx_word' id='word_1_219' title='bbox 193 1848 328 1893; x_wconf 89' lang='lat' dir='ltr'><strong>humilitatis</strong></span> <span class='ocrx_word' id='word_1_220' title='bbox 346 1846 481 1908; x_wconf 80' lang='lat' dir='ltr'><strong>exemplum,</strong></span> <span class='ocrx_word' id='word_1_221' title='bbox 501 1862 538 1890; x_wconf 91' lang='lat' dir='ltr'><strong>eos</strong></span> <span class='ocrx_word' id='word_1_222' title='bbox 555 1862 678 1907; x_wconf 87' lang='lat' dir='ltr'><strong>provocans</strong></span> <span class='ocrx_word' id='word_1_223' title='bbox 694 1847 722 1893; x_wconf 89' lang='lat' dir='ltr'><strong>ad</strong></span> <span class='ocrx_word' id='word_1_224' title='bbox 739 1847 896 1893; x_wconf 87' lang='lat' dir='ltr'><strong>emendatioris</strong></span> <span class='ocrx_word' id='word_1_225' title='bbox 903 1855 918 1878; x_wconf 80' lang='lat'><strong>³²</strong></span> 
     </span>
     <span class='ocr_line' id='line_1_29' title="bbox 155 1910 917 1976; baseline -0.003 -18"><span class='ocrx_word' id='word_1_226' title='bbox 155 1913 201 1958; x_wconf 90' lang='lat' dir='ltr'><strong>vite</strong></span> <span class='ocrx_word' id='word_1_227' title='bbox 221 1912 279 1958; x_wconf 88' lang='lat' dir='ltr'><strong>viam</strong></span> <span class='ocrx_word' id='word_1_228' title='bbox 297 1920 320 1956; x_wconf 90' lang='lat' dir='ltr'><strong>et</strong></span> <span class='ocrx_word' id='word_1_229' title='bbox 339 1910 484 1971; x_wconf 85' lang='lat' dir='ltr'><strong>penitentiam</strong></span> <span class='ocrx_word' id='word_1_230' title='bbox 503 1919 652 1971; x_wconf 88' lang='lat' dir='ltr'><strong>peccatorum.</strong></span> <span class='ocrx_word' id='word_1_231' title='bbox 694 1910 764 1956; x_wconf 90' lang='lat' dir='ltr'><strong>Nulla</strong></span> <span class='ocrx_word' id='word_1_232' title='bbox 783 1911 917 1976; x_wconf 85' lang='lat' dir='ltr'><strong>ignobilitas,</strong></span> 
     </span>
     <span class='ocr_line' id='line_1_30' title="bbox 156 1974 919 2039; baseline -0.001 -16"><span class='ocrx_word' id='word_1_233' title='bbox 156 1975 216 2023; x_wconf 90' lang='lat' dir='ltr'><strong>nulla</strong></span> <span class='ocrx_word' id='word_1_234' title='bbox 226 1975 362 2039; x_wconf 85' lang='lat' dir='ltr'><strong>paupertatis</strong></span> <span class='ocrx_word' id='word_1_235' title='bbox 378 1974 495 2021; x_wconf 89' lang='lat' dir='ltr'><strong>infirmitas</strong></span> <span class='ocrx_word' id='word_1_236' title='bbox 512 1974 640 2033; x_wconf 83' lang='lat' dir='ltr'><strong>obsistebat,</strong></span> <span class='ocrx_word' id='word_1_237' title='bbox 652 1976 707 2036; x_wconf 88' lang='lat' dir='ltr'><strong>quin</strong></span> <span class='ocrx_word' id='word_1_238' title='bbox 723 1977 880 2023; x_wconf 89' lang='lat' dir='ltr'><strong>edificarentur</strong></span> <span class='ocrx_word' id='word_1_239' title='bbox 896 1978 919 2022; x_wconf 89' lang='lat' dir='ltr'><strong>in</strong></span> 
     </span>
     <span class='ocr_line' id='line_1_31' title="bbox 155 2038 918 2104; baseline -0.001 -15"><span class='ocrx_word' id='word_1_240' title='bbox 155 2041 217 2090; x_wconf 90' lang='lat' dir='ltr'><strong>omni</strong></span> <span class='ocrx_word' id='word_1_241' title='bbox 224 2049 240 2075; x_wconf 77' lang='lat'><strong>³³</strong></span> <span class='ocrx_word' id='word_1_242' title='bbox 251 2057 317 2104; x_wconf 86' lang='lat' dir='ltr'><strong>opere</strong></span> <span class='ocrx_word' id='word_1_243' title='bbox 328 2040 379 2099; x_wconf 83' lang='lat' dir='ltr'><strong>Dei,</strong></span> <span class='ocrx_word' id='word_1_244' title='bbox 391 2056 449 2102; x_wconf 87' lang='lat' dir='ltr'><strong>quos</strong></span> <span class='ocrx_word' id='word_1_245' title='bbox 460 2038 549 2087; x_wconf 90' lang='lat' dir='ltr'><strong>volebat</strong></span> <span class='ocrx_word' id='word_1_246' title='bbox 559 2039 660 2087; x_wconf 88' lang='lat' dir='ltr'><strong>edificare</strong></span> <span class='ocrx_word' id='word_1_247' title='bbox 677 2042 747 2099; x_wconf 88' lang='lat' dir='ltr'><strong>Deus,</strong></span> <span class='ocrx_word' id='word_1_248' title='bbox 759 2042 797 2104; x_wconf 90' lang='lat' dir='ltr'><strong>qui</strong></span> <span class='ocrx_word' id='word_1_249' title='bbox 809 2058 855 2089; x_wconf 89' lang='lat' dir='ltr'><strong>esse</strong></span> <span class='ocrx_word' id='word_1_250' title='bbox 866 2058 918 2088; x_wconf 88' lang='lat' dir='ltr'><strong>cum</strong></span> 
     </span>
     <span class='ocr_line' id='line_1_32' title="bbox 156 2103 660 2165; baseline -0.006 -12"><span class='ocrx_word' id='word_1_251' title='bbox 156 2107 242 2153; x_wconf 90' lang='lat' dir='ltr'><strong>mundo</strong></span> <span class='ocrx_word' id='word_1_252' title='bbox 252 2106 341 2151; x_wconf 88' lang='lat' dir='ltr'><strong>abiectis</strong></span> <span class='ocrx_word' id='word_1_253' title='bbox 352 2116 374 2150; x_wconf 90' lang='lat' dir='ltr'><strong>et</strong></span> <span class='ocrx_word' id='word_1_254' title='bbox 385 2103 523 2165; x_wconf 88' lang='lat' dir='ltr'><strong>simplicibus</strong></span> <span class='ocrx_word' id='word_1_255' title='bbox 533 2103 660 2151; x_wconf 86' lang='lat' dir='ltr'><strong>delectatur.</strong></span> 
     </span>
    </p>
   </div>
   <div class='ocr_carea' id='block_1_3' title="bbox 142 2248 906 2615">
    <p class='ocr_par' dir='ltr' id='par_1_6' title="bbox 182 2248 854 2291">
     <span class='ocr_line' id='line_1_33' title="bbox 182 2248 854 2291; baseline 0.001 -2"><span class='ocrx_word' id='word_1_256' title='bbox 182 2255 197 2281; x_wconf 82' lang='lat'><strong>¹5</strong></span> <span class='ocrx_word' id='word_1_257' title='bbox 206 2251 239 2289; x_wconf 87' lang='lat' dir='ltr'><strong>Os.</strong></span> <span class='ocrx_word' id='word_1_258' title='bbox 248 2260 369 2289; x_wconf 88' lang='lat' dir='ltr'><strong>convenerunt.</strong></span> <span class='ocrx_word' id='word_1_259' title='bbox 431 2248 445 2274; x_wconf 70' lang='lat'><strong>¹⁶</strong></span> <span class='ocrx_word' id='word_1_260' title='bbox 455 2248 488 2286; x_wconf 86' lang='lat' dir='ltr'><strong>Os.</strong></span> <span class='ocrx_word' id='word_1_261' title='bbox 498 2257 555 2285; x_wconf 88' lang='lat' dir='ltr'><strong>autem</strong></span> <span class='ocrx_word' id='word_1_262' title='bbox 564 2250 594 2285; x_wconf 88' lang='lat' dir='ltr'><strong>eis.</strong></span> <span class='ocrx_word' id='word_1_263' title='bbox 673 2252 688 2278; x_wconf 79' lang='lat'><strong>17</strong></span> <span class='ocrx_word' id='word_1_264' title='bbox 698 2248 731 2287; x_wconf 87' lang='lat' dir='ltr'><strong>Os.</strong></span> <span class='ocrx_word' id='word_1_265' title='bbox 740 2252 801 2289; x_wconf 83' lang='lat' dir='ltr'><strong>inserts</strong></span> <span class='ocrx_word' id='word_1_266' title='bbox 810 2266 854 2291; x_wconf 90' lang='lat' dir='ltr'><strong>cum.</strong></span> 
     </span>
    </p>

    <p class='ocr_par' dir='ltr' id='par_1_7' title="bbox 182 2301 793 2350">
     <span class='ocr_line' id='line_1_34' title="bbox 182 2301 793 2350; baseline 0 -10"><span class='ocrx_word' id='word_1_267' title='bbox 182 2303 197 2328; x_wconf 71' lang='lat'><strong>¹⁸</strong></span> <span class='ocrx_word' id='word_1_268' title='bbox 206 2303 240 2350; x_wconf 73' lang='lat' dir='ltr'><strong>M,</strong></span> <span class='ocrx_word' id='word_1_269' title='bbox 251 2302 290 2340; x_wconf 77' lang='lat' dir='ltr'><strong>Ox.</strong></span> <span class='ocrx_word' id='word_1_270' title='bbox 300 2303 333 2339; x_wconf 91' lang='lat' dir='ltr'><strong>and</strong></span> <span class='ocrx_word' id='word_1_271' title='bbox 342 2301 374 2338; x_wconf 91' lang='lat' dir='ltr'><strong>W.</strong></span> <span class='ocrx_word' id='word_1_272' title='bbox 385 2312 475 2338; x_wconf 75' lang='lat' dir='ltr'><strong>rannacrn</strong></span> <span class='ocrx_word' id='word_1_273' title='bbox 488 2313 589 2338; x_wconf 75' lang='lat' dir='ltr'><strong>convenam.</strong></span> <span class='ocrx_word' id='word_1_274' title='bbox 669 2306 683 2330; x_wconf 76' lang='lat'><strong>¹9</strong></span> <span class='ocrx_word' id='word_1_275' title='bbox 693 2301 726 2339; x_wconf 89' lang='lat' dir='ltr'><strong>Os.</strong></span> <span class='ocrx_word' id='word_1_276' title='bbox 736 2304 793 2340; x_wconf 88' lang='lat' dir='ltr'><strong>omits.</strong></span> 
     </span>
    </p>

    <p class='ocr_par' dir='ltr' id='par_1_8' title="bbox 182 2352 738 2404">
     <span class='ocr_line' id='line_1_35' title="bbox 182 2352 738 2404; baseline -0.002 -12"><span class='ocrx_word' id='word_1_277' title='bbox 182 2360 197 2378; x_wconf 74' lang='lat'><strong>²⁰</strong></span> <span class='ocrx_word' id='word_1_278' title='bbox 207 2355 240 2393; x_wconf 82' lang='lat' dir='ltr'><strong>Os.</strong></span> <span class='ocrx_word' id='word_1_279' title='bbox 250 2356 359 2404; x_wconf 85' lang='lat' dir='ltr'><strong>cogitatione.</strong></span> <span class='ocrx_word' id='word_1_280' title='bbox 437 2357 452 2375; x_wconf 82' lang='lat'><strong>²1</strong></span> <span class='ocrx_word' id='word_1_281' title='bbox 463 2352 496 2390; x_wconf 90' lang='lat' dir='ltr'><strong>Os.</strong></span> <span class='ocrx_word' id='word_1_282' title='bbox 506 2353 575 2402; x_wconf 88' lang='lat' dir='ltr'><strong>primus.</strong></span> <span class='ocrx_word' id='word_1_283' title='bbox 653 2356 669 2374; x_wconf 79' lang='lat'><strong>²²</strong></span> <span class='ocrx_word' id='word_1_284' title='bbox 679 2353 706 2392; x_wconf 87' lang='lat' dir='ltr'><strong>H.</strong></span> <span class='ocrx_word' id='word_1_285' title='bbox 715 2363 738 2392; x_wconf 90' lang='lat' dir='ltr'><strong>et.</strong></span> 
     </span>
    </p>

    <p class='ocr_par' dir='ltr' id='par_1_9' title="bbox 181 2406 905 2456">
     <span class='ocr_line' id='line_1_36' title="bbox 181 2406 905 2456; baseline 0 -10"><span class='ocrx_word' id='word_1_286' title='bbox 181 2412 197 2436; x_wconf 73' lang='lat'><strong>²³</strong></span> <span class='ocrx_word' id='word_1_287' title='bbox 207 2410 239 2446; x_wconf 83' lang='lat' dir='ltr'><strong>Os.</strong></span> <span class='ocrx_word' id='word_1_288' title='bbox 249 2409 300 2445; x_wconf 86' lang='lat' dir='ltr'><strong>omits</strong></span> <span class='ocrx_word' id='word_1_289' title='bbox 309 2416 326 2444; x_wconf 86' lang='lat' dir='ltr'><strong>et</strong></span> <span class='ocrx_word' id='word_1_290' title='bbox 335 2419 374 2444; x_wconf 89' lang='lat' dir='ltr'><strong>cum</strong></span> <span class='ocrx_word' id='word_1_291' title='bbox 388 2435 393 2444; x_wconf 86' lang='lat'><strong>.</strong></span> <span class='ocrx_word' id='word_1_292' title='bbox 407 2433 412 2442; x_wconf 91' lang='lat'><strong>.</strong></span> <span class='ocrx_word' id='word_1_293' title='bbox 427 2434 431 2443; x_wconf 94' lang='lat'><strong>.</strong></span> <span class='ocrx_word' id='word_1_294' title='bbox 445 2406 551 2454; x_wconf 88' lang='lat' dir='ltr'><strong>reputabant.</strong></span> <span class='ocrx_word' id='word_1_295' title='bbox 612 2409 627 2435; x_wconf 60' lang='lat'><strong>²4</strong></span> <span class='ocrx_word' id='word_1_296' title='bbox 638 2406 667 2450; x_wconf 79' lang='lat' dir='ltr'><strong>E,</strong></span> <span class='ocrx_word' id='word_1_297' title='bbox 678 2406 706 2444; x_wconf 90' lang='lat' dir='ltr'><strong>M.</strong></span> <span class='ocrx_word' id='word_1_298' title='bbox 716 2408 750 2444; x_wconf 88' lang='lat' dir='ltr'><strong>ancl</strong></span> <span class='ocrx_word' id='word_1_299' title='bbox 758 2407 790 2445; x_wconf 91' lang='lat' dir='ltr'><strong>W.</strong></span> <span class='ocrx_word' id='word_1_300' title='bbox 801 2410 905 2456; x_wconf 85' lang='lat' dir='ltr'><strong>possidebat.</strong></span> 
     </span>
    </p>

    <p class='ocr_par' dir='ltr' id='par_1_10' title="bbox 181 2456 906 2505">
     <span class='ocr_line' id='line_1_37' title="bbox 181 2456 906 2505; baseline 0.001 -9"><span class='ocrx_word' id='word_1_301' title='bbox 181 2461 197 2488; x_wconf 77' lang='lat'><strong>²⁵</strong></span> <span class='ocrx_word' id='word_1_302' title='bbox 206 2461 244 2496; x_wconf 83' lang='lat' dir='ltr'><strong>Ox.</strong></span> <span class='ocrx_word' id='word_1_303' title='bbox 254 2461 310 2495; x_wconf 83' lang='lat' dir='ltr'><strong>omits.</strong></span> <span class='ocrx_word' id='word_1_304' title='bbox 370 2456 385 2479; x_wconf 71' lang='lat'><strong>²⁶</strong></span> <span class='ocrx_word' id='word_1_305' title='bbox 395 2457 422 2494; x_wconf 92' lang='lat' dir='ltr'><strong>H.</strong></span> <span class='ocrx_word' id='word_1_306' title='bbox 431 2458 510 2505; x_wconf 86' lang='lat' dir='ltr'><strong>scierent.</strong></span> <span class='ocrx_word' id='word_1_307' title='bbox 572 2458 587 2484; x_wconf 87' lang='lat'><strong>²⁷</strong></span> <span class='ocrx_word' id='word_1_308' title='bbox 597 2456 618 2493; x_wconf 95' lang='lat' dir='ltr'>H</span> <span class='ocrx_word' id='word_1_309' title='bbox 627 2458 731 2505; x_wconf 85' lang='lat' dir='ltr'><strong>ignorarent.</strong></span> <span class='ocrx_word' id='word_1_310' title='bbox 793 2459 809 2482; x_wconf 76' lang='lat' dir='ltr'><strong>za</strong></span> <span class='ocrx_word' id='word_1_311' title='bbox 818 2459 839 2496; x_wconf 94' lang='lat' dir='ltr'><strong>P.</strong></span> <span class='ocrx_word' id='word_1_312' title='bbox 849 2462 906 2498; x_wconf 87' lang='lat' dir='ltr'><strong>omits.</strong></span> 
     </span>
    </p>

    <p class='ocr_par' dir='ltr' id='par_1_11' title="bbox 142 2505 906 2615">
     <span class='ocr_line' id='line_1_38' title="bbox 181 2505 906 2567; baseline 0.003 -19"><span class='ocrx_word' id='word_1_313' title='bbox 181 2515 197 2540; x_wconf 71' lang='lat'><strong>²9</strong></span> <span class='ocrx_word' id='word_1_314' title='bbox 206 2510 234 2549; x_wconf 90' lang='lat' dir='ltr'><strong>M.</strong></span> <span class='ocrx_word' id='word_1_315' title='bbox 244 2510 301 2547; x_wconf 87' lang='lat' dir='ltr'><strong>deum.</strong></span> <span class='ocrx_word' id='word_1_316' title='bbox 365 2513 381 2537; x_wconf 79' lang='lat'><strong>³⁰</strong></span> <span class='ocrx_word' id='word_1_317' title='bbox 391 2509 415 2546; x_wconf 85' lang='lat' dir='ltr'><strong>L.</strong></span> <span class='ocrx_word' id='word_1_318' title='bbox 425 2517 459 2560; x_wconf 88' lang='lat' dir='ltr'><strong>aut.</strong></span> <span class='ocrx_word' id='word_1_319' title='bbox 467 2505 484 2567; x_wconf 53' lang='lat' dir='ltr'><strong>{l</strong></span> <span class='ocrx_word' id='word_1_320' title='bbox 499 2555 500 2558; x_wconf 11' lang='grc' dir='ltr'><strong>Ἴ</strong></span> <span class='ocrx_word' id='word_1_321' title='bbox 520 2513 535 2537; x_wconf 83' lang='lat'><strong>³¹</strong></span> <span class='ocrx_word' id='word_1_322' title='bbox 546 2509 570 2545; x_wconf 88' lang='lat' dir='ltr'><strong>L.</strong></span> <span class='ocrx_word' id='word_1_323' title='bbox 577 2509 651 2558; x_wconf 80' lang='lat' dir='ltr'><strong>spiritus.</strong></span> <span class='ocrx_word' id='word_1_324' title='bbox 661 2511 675 2558; x_wconf 59' lang='grc' dir='ltr'><strong><em>ξ</em></strong></span> <span class='ocrx_word' id='word_1_325' title='bbox 706 2505 727 2562; x_wconf 67' lang='lat'><strong>3³³²</strong></span> <span class='ocrx_word' id='word_1_326' title='bbox 737 2512 769 2548; x_wconf 85' lang='lat' dir='ltr'><strong>Os.</strong></span> <span class='ocrx_word' id='word_1_327' title='bbox 777 2512 906 2551; x_wconf 89' lang='lat' dir='ltr'><strong>emendationis.</strong></span> 
     </span>
     <span class='ocr_line' id='line_1_39' title="bbox 142 2560 707 2615; baseline 0 -17"><span class='ocrx_word' id='word_1_328' title='bbox 142 2567 197 2615; x_wconf 50' lang='lat'><strong>.,-”3³</strong></span> <span class='ocrx_word' id='word_1_329' title='bbox 207 2563 234 2602; x_wconf 91' lang='lat' dir='ltr'><strong>H.</strong></span> <span class='ocrx_word' id='word_1_330' title='bbox 244 2563 278 2601; x_wconf 88' lang='lat' dir='ltr'><strong>and</strong></span> <span class='ocrx_word' id='word_1_331' title='bbox 288 2563 311 2599; x_wconf 97' lang='lat' dir='ltr'>L</span> <span class='ocrx_word' id='word_1_332' title='bbox 321 2562 369 2599; x_wconf 88' lang='lat' dir='ltr'><strong>omit.</strong></span> <span class='ocrx_word' id='word_1_333' title='bbox 417 2577 431 2596; x_wconf 58' lang='lat' dir='ltr'><strong>s.</strong></span> <span class='ocrx_word' id='word_1_334' title='bbox 482 2560 485 2569; x_wconf 83' lang='grc'><em>“</em></span> <span class='ocrx_word' id='word_1_335' title='bbox 597 2565 613 2588; x_wconf 57' lang='lat' dir='ltr'><strong>‘s&#39;</strong></span> <span class='ocrx_word' id='word_1_336' title='bbox 666 2565 674 2571; x_wconf 71' lang='lat'><strong>‘&#39;</strong></span> <span class='ocrx_word' id='word_1_337' title='bbox 705 2566 707 2584; x_wconf 72' lang='lat'>³</span> 
     </span>
    </p>
   </div>
   <div class='ocr_carea' id='block_1_4' title="bbox 0 0 971 3169">
    <p class='ocr_par' dir='ltr' id='par_1_12' title="bbox 0 0 971 3169">
     <span class='ocr_line' id='line_1_40' title="bbox 0 0 971 3169; baseline 0 0"><span class='ocrx_word' id='word_1_338' title='bbox 0 0 971 3169; x_wconf 95' lang='lat' dir='ltr'><strong> </strong></span> 
     </span>
    </p>
   </div>
  </div>
 </body>
</html>
