1919 3169
160 161 202 215 164
346 155 549 202 TRACTATUS
566 155 740 203 SECUNDUS

155 253 321 314 repromissam.
339 251 924 314 Advenerepostmodumnobilesmulieresdeeadem

157 317 273 380 provintia
291 333 356 362 causa
374 316 502 363 devotionis
524 327 546 363 et
564 333 608 381 que
628 318 784 381 contingerant
802 318 924 376 audientes,

158 383 275 429 ammirate
287 391 339 428 sunt
350 382 423 429 valde.
464 382 585 429 Hauriunt
599 384 709 446 extimplo
724 401 804 447 aquam
816 383 844 430 de
855 394 924 448 puteo

64 455 182 494 Fol.68'⁰et
208 464 286 494 earum
307 445 404 493 nobilior
428 447 524 509 propriis
551 448 654 495 manibus
680 465 778 511 puerum
805 448 924 495 balneavit.

158 512 238 558 Statim
252 527 316 573 puer,
328 510 433 557 omnibus
446 512 553 557 membris
566 512 594 557 ad
610 529 651 557 sua
661 512 710 558 loca
725 513 848 574 productis,
859 529 926 559 sanus

158 575 275 638 apparuir;
297 584 320 620 et
341 575 475 639 magnitudo
497 575 598 622 miraculi
619 577 725 623 omnibus
746 575 924 624 ammirationem

157 640 253 687 induxit,
810 665 814 673 „

205 707 232 751 ln
250 713 322 753 castro
342 705 424 762 Chore,
440 705 569 752 Hostiensis
587 705 694 769 dyocesis,
711 706 746 753 vir
764 706 858 771 quidam
873 722 925 754 crus

157 769 284 832 perdiderat
295 770 326 815 sic
338 787 365 816 ex
375 781 433 829 toto,
446 781 472 816 ut
483 770 547 817 nullo
558 772 628 817 modo
638 772 744 834 progredi
754 773 789 817 vel
801 788 892 818 movere
903 788 926 817 se

157 845 240 896 posset.
281 834 373 879 Positus
395 836 471 897 itaque
488 835 511 879 in
529 836 633 897 angustia
653 837 782 881 vehementi
803 847 826 880 et
843 835 926 881 auxilio

158 898 289 961 desperatus
307 898 414 954 humano,
434 899 492 961 cepit
510 910 575 946 nocte
597 900 701 962 quadam,
723 916 748 946 ac
765 901 783 946 si
800 910 926 962 presentem

159 974 257 1010 cerneret
280 963 370 1009 beatum
399 964 549 1019 Franciscum‚
570 966 639 1009 talem
663 981 737 1011 coram
759 981 786 1010 eo
813 981 925 1012 assumere

158 1030 272 1075 materiam
284 1028 428 1089 querelandi:
445 1028 538 1075 Adiuva
549 1045 592 1083 me,
604 1040 681 1075 sancte
692 1030 813 1085 Francisce‚
825 1029 925 1076 recolens

159 1109 236 1138 meum
255 1091 373 1137 servitium
387 1102 410 1136 et
429 1092 573 1137 devotionem
591 1093 632 1137 tibi
650 1094 779 1154 impensam.
821 1095 882 1139 Nam
902 1096 925 1139 in

159 1158 221 1204 asino
237 1172 294 1203 meo⁴
305 1167 328 1203 te
343 1157 438 1218 portavi,
452 1167 541 1203 sanctos
555 1156 622 1219 pedes
639 1168 692 1204 tuos
705 1167 728 1203 et
744 1168 829 1204 sanctas
846 1175 925 1205 manus

159 1222 272 1270 osculatus
283 1220 323 1269 fui.
352 1222 442 1285 Semper
453 1221 494 1268 tibi
505 1222 609 1281 devotus,
618 1238 705 1285 semper
717 1222 835 1270 benivolus
845 1223 909 1271 extiti
919 1241 925 1281 ;

158 1299 181 1334 et
192 1305 242 1333 ecce
258 1287 344 1332 morior
354 1287 439 1333 doloris
450 1288 518 1333 huius
534 1288 656 1333 durissimo
668 1288 775 1333 cruciatu,
809 1288 864 1334 Hiis
874 1289 925 1349 pul-

159 1364 220 1399 satus
237 1350 340 1415 querelis,
357 1351 438 1397 statimv
447 1350 512 1397 affuit
525 1350 684 1398 beneficiorum
699 1367 794 1408 memor,
809 1353 926 1398 devotioni

159 1427 237 1482 gratus
253 1427 276 1464 et
288 1416 391 1480 vigilanti
402 1416 452 1464 viro
469 1431 522 1462 cum
537 1433 584 1462 uno
598 1417 668 1463 fratre
682 1419 793 1480 apparuit.
825 1418 926 1465 Vocatus

159 1484 186 1529 ab
205 1499 232 1529 eo
250 1482 337 1530 venisse
356 1497 378 1526 se
397 1482 462 1536 dixit,
480 1481 554 1527 ferens
572 1483 671 1529 remedia
690 1483 796 1529 sanitatis.
838 1484 926 1546 Tetigit

158 1549 236 1595 locum
249 1546 335 1594 doloris
350 1562 402 1592 cum
417 1545 497 1592 baculo
511 1547 613 1609 parvulo,
629 1548 667 1610 qui
682 1547 778 1610 figuram
793 1546 849 1593 thau
863 1548 886 1593 in
903 1564 926 1594 se

160 1612 254 1657 habebat
262 1628 268 1667 3
282 1621 305 1655 et
312 1609 382 1656 fracto
390 1626 443 1655 mox
450 1620 593 1673 apostemate,
601 1623 652 1673 post
659 1622 801 1657 consecutam
808 1612 926 1657 sanitatem

161 1693 232 1739 usque
243 1674 309 1722 hodie
317 1674 409 1738 signum
419 1674 475 1720 thau
484 1690 551 1737 super
562 1675 638 1721 locum
649 1676 762 1721 remansit.
795 1675 851 1721 Hoc
861 1676 926 1739 signo

161 1751 250 1788 sanctus
265 1741 395 1787 Franciscus
409 1755 460 1787 suas
474 1739 618 1802 consignabat
627 1739 719 1797 litteras,
731 1740 836 1805 quotiens
850 1757 926 1788 neces-

162 1808 233 1854 sitatis
245 1806 281 1853 vel
292 1805 389 1852 caritatis
400 1822 465 1852 causa
476 1806 585 1868 scriptum
596 1806 688 1869 aliquod
697 1807 815 1869 dirigebat.

210 1872 288 1917 Puella
307 1871 404 1931 quedam
422 1871 488 1914 allata
504 1880 538 1914 est
555 1871 582 1915 ad
605 1872 733 1930 sepulcrum
752 1871 809 1925 eius,
826 1887 870 1932 que
887 1887 926 1931 per

162 1951 246 1982 annum
257 1932 340 1980 habens
350 1933 434 1979 collum
445 1943 589 1980 monstruose
597 1934 704 1995 plicatum
715 1944 738 1980 et
748 1935 820 1997 capud
831 1935 926 1980 humero

162 2017 280 2057 annexum,
296 2015 342 2045 non
357 1999 399 2045 nisi
412 2015 439 2044 ex
454 1998 548 2062 obliquo
560 1999 669 2061 respicere
682 2016 819 2063 quemquam
830 2010 926 2062 poterat.

163 2067 217 2119 Que
228 2066 283 2112 dum
294 2063 337 2111 sub
353 2064 425 2120 archa,
437 2064 460 2110 in
472 2080 517 2127 qua
532 2065 675 2111 reconditum
688 2075 735 2112 erat
745 2065 837 2127 pretiosi
848 2064 926 2111 famuli

161 2147 250 2193 corpus
261 2129 335 2191 capud
346 2129 487 2187 immicteret‚
499 2127 618 2175 confestim
628 2130 697 2175 erexit
708 2146 714 2185 ;
731 2140 753 2175 et
764 2147 792 2175 ex
803 2146 843 2176 sua
854 2129 927 2176 subita

161 2195 287 2241 mutatione
298 2192 430 2254 stupefacta,
442 2193 501 2254 cepit
513 2192 591 2254 fugere
605 2203 673 2255 atque
689 2194 749 2238 fiere.
783 2195 858 2240 Fovea
871 2210 927 2255 que-

160 2261 213 2308 dam
224 2257 342 2322 apparebat
358 2257 382 2304 in
393 2257 496 2317 humero,
507 2257 544 2304 cui
555 2257 688 2321 applicitum
703 2255 776 2304 fuerat
787 2258 859 2322 capud
870 2257 926 2318 eius,

159 2336 251 2390 propter
261 2325 331 2371 situm
342 2339 411 2386 quem
421 2322 503 2369 fecerat
510 2323 627 2369 infirmitas
637 2324 751 2370 diuturna.

208 2392 235 2436 ln
254 2389 365 2435 comitatu
383 2388 509 2443 Narniensi,
528 2404 584 2449 puer
597 2388 690 2451 quidam
706 2399 753 2435 tam
770 2388 856 2434 enormi
873 2404 926 2434 con-

160 2456 268 2501 tractione
283 2452 361 2498 tibiam
374 2461 482 2498 retortam
496 2452 595 2514 gerebat,
607 2454 671 2515 quod
687 2453 728 2499 nisi
743 2453 843 2500 duorum
858 2454 927 2499 bacu-

159 2522 236 2568 lorum
246 2518 355 2580 suffragio
372 2516 435 2563 nullo
446 2517 516 2564 modo
527 2528 615 2580 poterat
631 2516 751 2564 ambulare.
784 2516 822 2564 Ab
832 2517 927 2564 infantia

159 2586 200 2631 hac
210 2583 340 2631 infirmitate
348 2582 459 2639 detentus,
467 2583 584 2628 mendicus
594 2582 694 2639 effectus,
702 2594 787 2645 patrem
798 2594 821 2630 et
832 2593 927 2630 matrem

159 2651 252 2696 minime
270 2647 425 2709 cognoscebat.
460 2647 508 2698 Qui
526 2647 611 2693 meritis
630 2646 689 2693 beati
707 2648 817 2694 Francisci
836 2666 849 2694 a
866 2648 927 2695 dicto

160 2713 260 2777 periculo
271 2711 384 2766 liberatus
396 2710 478 2773 absque
490 2711 569 2756 baculo
580 2726 626 2772 quo
636 2711 710 2757 voluit
720 2712 777 2756 liber
788 2713 836 2758 ivit.

168 2830 169 2834 Ἰ
201 2776 326 2825 Nicholaus
339 2774 433 2839 quidam
448 2774 476 2821 de
489 2774 508 2821 F
510 2775 607 2838 ulgineo‚
622 2792 674 2823 cum
690 2774 782 2822 haberet
796 2793 848 2822 crus
863 2775 928 2822 sinis-

161 2855 224 2892 trum
241 2852 389 2898 contractum,
405 2840 476 2888 nimio
490 2840 570 2888 dolore
585 2852 699 2903 gravatus,
711 2842 739 2889 ad
753 2840 928 2906 recuperandam

161 2910 279 2971 pristinam
294 2907 411 2953 sanitatem
429 2916 492 2952 tanta
509 2907 616 2967 expendit
635 2906 658 2951 in
676 2907 775 2965 mediciS,
789 2908 852 2969 quod
869 2906 929 2952 ultra
