1919 3169
311 51 471 98 Lucanus
487 52 647 113 ANTIQUA
832 57 861 114 87

96 160 163 195 tuum
174 148 245 196 iubilo
255 148 337 204 lauda余
355 164 398 211 que
409 148 456 193 sine
467 164 530 193 mora
547 147 653 194 obediens
670 164 747 193 canere
764 150 822 211 cepit
839 160 861 195 et

96 214 184 258 tamdiu
195 230 272 257 canere
283 230 330 258 non
341 212 441 266 cessavit,
453 213 524 257 donec
535 214 569 257 vir
581 213 617 257 dei
628 212 675 256 eius
687 213 789 257 cantibus
799 230 861 258 suam

96 276 185 322 laudem
196 277 334 332 interserens,
348 284 373 320 ut
384 275 412 320 ad
429 275 521 321 solitum
538 276 650 322 revolaret
666 275 748 333 locum,
761 277 781 321 ei
800 292 863 322 man-

97 343 167 399 davit,
179 343 202 389 in
219 360 265 407 quo
276 359 315 405 per
326 351 379 388 octo
390 340 436 387 dies
448 343 552 388 continue
569 342 632 405 quasi
649 340 718 403 ligata
735 343 862 404 permansit.

98 409 190 454 Sanctus
211 424 263 454 cum
285 405 433 454 descendebat
454 406 483 452 de
505 407 565 463 cella,
584 422 633 452 earn
655 422 743 468 semper
762 406 864 453 manibus

97 483 190 534 tangens
201 483 288 517 cantare
299 470 395 525 iubebat,
410 470 472 515 cuius
483 470 617 516 iussionibus
633 486 710 531 parere
721 487 807 532 semper
818 482 865 517 erat

97 536 197 584 sollicita.
231 536 263 581 Et
274 536 304 581 ait
315 543 403 580 sauctus
414 534 442 580 ad
459 535 528 580 sotios
545 550 611 581 suos:
631 535 718 580 Demus
735 535 779 580 iam
796 535 865 581 licen-

97 603 152 648 tiam
163 602 233 648 sorori
244 610 321 647 nostre
332 600 413 655 cicade,
425 616 468 663 que
479 601 532 646 satis
543 602 660 663 hucusque
677 617 717 646 sua
732 601 797 647 laude
807 601 865 647 letos

97 683 138 712 nos
149 665 209 723 fecit,
222 682 250 712 ne
261 682 312 711 caro
320 675 396 710 nostra
407 681 463 710 vane
477 681 520 727 pro
537 664 666 711 huiusmodi
684 665 799 728 glorietur.
833 666 865 712 Et

96 731 173 776 statim
190 730 217 776 ab
235 747 262 776 eo
279 729 392 776 licentiata
408 730 506 788 recessit,
518 746 559 776 nec
576 730 637 775 ultra
654 729 737 777 ibidem
755 731 865 792 apparuit.

98 796 219 839 Cernentes
230 795 271 839 hec
282 795 358 838 omnia
368 792 448 837 fratres
459 794 623 854 perplurimum
634 794 737 840 admirati
748 804 809 840 sunt.

404 937 438 980 De
451 938 563 981 charitate

144 1023 215 1112 Que
234 1054 257 1100 in
274 1052 322 1100 aliis
339 1052 444 1099 creaturis
461 1070 594 1116 germanum
611 1053 715 1101 effecerat
732 1054 766 1101 ius
777 1056 897 1112 amoris,lZ]

98 1121 181 1165 mirum
200 1134 245 1163 non
263 1128 304 1176 est,
321 1118 428 1163 creaturis
446 1117 558 1180 insignitis
574 1119 679 1180 ymagine
697 1119 830 1180 [Creatoris]
847 1120 866 1164 si

98 1183 262 1246 germaniorem
295 1182 371 1226 christi
405 1181 483 1227 caritas
516 1181 617 1228 faciebat.
666 1182 735 1228 Saluti
769 1198 866 1247 namque

99 1248 225 1294 animarum
254 1256 351 1308 prestare
378 1244 446 1290 nichil
475 1245 568 1302 dicebat,
596 1263 623 1292 eo
656 1248 729 1309 sepius
761 1248 865 1310 probans,

99 1313 162 1377 quod
189 1311 319 1374 unigenitus
345 1310 381 1355 dei
408 1327 449 1371 pro
476 1311 592 1356 animabus
618 1311 724 1373 dignatus
749 1312 819 1358 fuerit
843 1315 865 1358 in

100 1394 165 1423 cruce
197 1376 301 1437 pendere.
344 1374 409 1419 Hinc
438 1373 480 1420 sibi
510 1375 533 1420 in
563 1375 663 1421 oratione
692 1376 812 1433 luctamen,
842 1378 866 1423 in

100 1440 251 1503 predicatione
286 1439 405 1494 discursus,
441 1438 465 1482 in
499 1439 607 1500 exemplis
644 1439 723 1485 dandis
759 1457 866 1486 excessus.

101 1507 156 1551 Non
166 1522 189 1550 se
200 1504 276 1550 christi
286 1502 403 1564 reputabat
413 1502 516 1557 amicum,
530 1504 571 1548 nisi
589 1504 672 1549 animas
689 1505 800 1567 diligeret,
812 1513 910 1568 quasFol.
920 1517 941 1551 81

101 1571 148 1632 ipsc
165 1568 260 1624 dilexit3
282 1578 304 1615 et
320 1568 361 1613 hec
379 1584 445 1629 penes
462 1585 515 1613 eum
533 1586 597 1614 causa
614 1568 730 1630 potissima
746 1570 867 1617 venerandi

101 1635 213 1693 doctores,
232 1633 295 1697 quod
317 1632 394 1679 christi
411 1632 524 1679 adiutores
546 1648 618 1679 unum
640 1649 690 1679 cum
712 1633 795 1681 christo
816 1652 867 1681 exe-

102 1710 221 1762 querenter
237 1698 342 1752 officium,
354 1697 414 1757 ipsos
429 1714 484 1743 vero
495 1696 575 1743 fratres
585 1698 653 1744 velud
671 1699 806 1745 domesticos
816 1700 869 1745 fidei

101 1763 220 1827 singularis
244 1771 267 1806 et
288 1777 345 1824 quos
370 1760 445 1804 uniret
466 1760 609 1823 participium
636 1761 765 1808 hereditatis
786 1773 869 1820 eterne,

102 1827 275 1875 viscerosissime
291 1826 346 1871 totis
362 1825 527 1886 amplexabatur
543 1825 664 1871 affectibus.

152 1892 266 1945 Quotiens
287 1889 393 1951 asperitas
418 1889 464 1934 vite
489 1890 689 1952 reprehenderetur
711 1891 735 1936 in
757 1892 813 1953 ipso,
836 1909 871 1938 re-

104 1955 234 2020 spondebat,
251 1973 274 2001 se
292 1955 371 2001 datum
388 1953 462 2000 ordini
482 1954 510 2001 ad
528 1954 665 2018 exemplum,
683 1966 709 2001 ut
727 1956 802 2019 aquila
818 1974 871 2019 pro-

104 2033 194 2069 vocaret
205 2022 233 2067 ad
244 2019 367 2066 volandum
378 2018 452 2081 pullos
469 2036 537 2075 suos余
553 2021 613 2066 unde
630 2037 682 2065 cum
700 2020 808 2067 innocens
825 2023 872 2068 eius

104 2104 163 2141 caro,
183 2103 227 2149 que
246 2085 290 2129 iam
306 2093 386 2145 sponte
402 2084 492 2144 spiritui
509 2101 532 2128 se
554 2084 669 2140 subdebat,
692 2086 756 2130 nullo
778 2097 871 2148 propter

105 2152 198 2198 offensas
217 2158 292 2212 egeret
311 2146 406 2209 flagello,
424 2157 499 2193 tamen
515 2148 611 2210 exempli
627 2165 691 2194 causa
710 2150 832 2196 renovabat
848 2151 872 2196 in

104 2233 129 2263 ea
140 2208 215 2278 penas,
226 2214 300 2260 solum
311 2222 403 2275 propter
414 2212 469 2258 alios
486 2213 614 2260 custodiens
631 2214 677 2259 vias
695 2213 769 2260 duras.
802 2215 872 2262 Recte

105 2282 205 2344 quidem,
216 2279 323 2343 quoniam
332 2277 381 2340 plus
390 2277 418 2323 ad
427 2295 526 2336 manum,
535 2296 601 2341 quam
610 2279 638 2324 ad
645 2279 746 2341 linguam
754 2280 872 2342 respicitur

105 2347 249 2407 prelatorum.
290 2344 364 2388 Manu
385 2352 448 2403 pater
469 2343 586 2404 perorabat
608 2344 703 2398 suavius,
726 2345 872 2406 persuadebat

106 2410 200 2464 facilius,
211 2407 318 2470 probabat
329 2416 352 2451 et
363 2407 460 2451 certius:
478 2407 496 2451 si
513 2407 598 2468 linguis
615 2408 733 2453 hominurn
751 2410 873 2470 loquantur

106 2484 129 2519 et
139 2472 279 2537 angelorum,
291 2468 388 2516 caritatis
398 2479 474 2514 autem
492 2470 593 2534 exempla
609 2487 654 2516 non
672 2482 805 2531 monstrent,
817 2473 872 2519 mihi

106 2556 194 2600 parum,
214 2535 343 2588 sibinichil
362 2544 432 2590 sunt余
457 2552 536 2581 verum
558 2535 597 2581 ubi
616 2537 762 2598 reprehensor
780 2538 872 2583 minime

106 2602 242 2649 formidatur
261 2611 284 2648 et
302 2610 336 2646 est
354 2615 397 2660 pro
414 2599 500 2645 ratione
522 2600 633 2655 voluntas,
656 2601 708 2646 satis
729 2604 757 2648 ad
778 2603 872 2649 salutem

107 2667 180 2729 sigilla
198 2666 326 2713 sufficiunt?
367 2663 504 2709 Faciendum
521 2674 596 2711 tamen
612 2665 674 2727 quod
693 2666 813 2722 intonant余
839 2677 872 2722 ut,

107 2731 186 2778 ieiunis
198 2730 316 2785 canalibus,
328 2727 356 2775 ad
367 2728 450 2773 areolas
462 2728 546 2775 fluenta
557 2739 714 2791 pertranseant.
746 2731 872 2793 Colligatur

106 2796 283 2843 interdumrosa
293 2794 321 2841 de
331 2792 408 2856 spinis,
420 2803 445 2838 ut
456 2793 528 2839 maior
538 2794 620 2842 minori
630 2794 717 2844 serviat.
