<?xml version="1.0" encoding="UTF-8"?>
<!DOCTYPE html PUBLIC "-//W3C//DTD XHTML 1.0 Transitional//EN"
    "http://www.w3.org/TR/xhtml1/DTD/xhtml1-transitional.dtd">
<html xmlns="http://www.w3.org/1999/xhtml" xml:lang="en" lang="en">
 <head>
  <title>
</title>
<meta http-equiv="Content-Type" content="text/html;charset=utf-8" />
  <meta name='ocr-system' content='tesseract 3.04.00' />
  <meta name='ocr-capabilities' content='ocr_page ocr_carea ocr_par ocr_line ocrx_word'/>
</head>
<body>
  <div class='ocr_page' id='page_1' title='image "./MN5146ucmf_4_0061.png"; bbox 0 0 1919 3169; ppageno 0'>
   <div class='ocr_carea' id='block_1_1' title="bbox 261 90 812 148">
    <p class='ocr_par' dir='ltr' id='par_1_1' title="bbox 261 90 812 148">
     <span class='ocr_line' id='line_1_1' title="bbox 261 90 812 148; baseline -0.004 -10"><span class='ocrx_word' id='word_1_1' title='bbox 261 92 423 138; x_wconf 83' lang='lat' dir='ltr'><strong>LEGENDA</strong></span> <span class='ocrx_word' id='word_1_2' title='bbox 439 90 599 137; x_wconf 88' lang='lat' dir='ltr'>GREGORII</span> <span class='ocrx_word' id='word_1_3' title='bbox 799 106 812 148; x_wconf 80' lang='lat'>9</span> 
     </span>
    </p>
   </div>
   <div class='ocr_carea' id='block_1_2' title="bbox 17 184 815 711">
    <p class='ocr_par' dir='ltr' id='par_1_2' title="bbox 0 184 814 572">
     <span class='ocr_line' id='line_1_2' title="bbox 50 184 813 248; baseline -0.001 -16"><span class='ocrx_word' id='word_1_4' title='bbox 50 187 177 233; x_wconf 87' lang='lat' dir='ltr'>rudimenta</span> <span class='ocrx_word' id='word_1_5' title='bbox 187 186 297 248; x_wconf 79' lang='lat' dir='ltr'>principii,</span> <span class='ocrx_word' id='word_1_6' title='bbox 309 196 331 232; x_wconf 86' lang='lat' dir='ltr'>et</span> <span class='ocrx_word' id='word_1_7' title='bbox 341 186 472 232; x_wconf 78' lang='lat' dir='ltr'><strong>assiduitate</strong></span> <span class='ocrx_word' id='word_1_8' title='bbox 480 184 614 248; x_wconf 89' lang='lat' dir='ltr'>plerumque</span> <span class='ocrx_word' id='word_1_9' title='bbox 623 185 707 231; x_wconf 89' lang='lat' dir='ltr'>vitium</span> <span class='ocrx_word' id='word_1_10' title='bbox 718 186 813 232; x_wconf 88' lang='lat' dir='ltr'>vertitur</span> 
     </span>
     <span class='ocr_line' id='line_1_3' title="bbox 50 249 814 313; baseline -0.001 -17"><span class='ocrx_word' id='word_1_11' title='bbox 50 252 74 296; x_wconf 89' lang='lat' dir='ltr'>in</span> <span class='ocrx_word' id='word_1_12' title='bbox 85 261 194 298; x_wconf 88' lang='lat' dir='ltr'>naturam.</span> <span class='ocrx_word' id='word_1_13' title='bbox 227 250 334 313; x_wconf 88' lang='lat' dir='ltr'>Temptat</span> <span class='ocrx_word' id='word_1_14' title='bbox 350 250 446 312; x_wconf 89' lang='lat' dir='ltr'>proinde</span> <span class='ocrx_word' id='word_1_15' title='bbox 454 250 469 275; x_wconf 75' lang='lat'>¹⁶</span> <span class='ocrx_word' id='word_1_16' title='bbox 486 249 697 299; x_wconf 85' lang='lat' dir='ltr'>franciscusadhuc</span> <span class='ocrx_word' id='word_1_17' title='bbox 713 250 814 296; x_wconf 87' lang='lat' dir='ltr'>divinam</span> 
     </span>
     <span class='ocr_line' id='line_1_4' title="bbox 50 313 813 379; baseline -0.001 -17"><span class='ocrx_word' id='word_1_18' title='bbox 50 313 129 379; x_wconf 84' lang='lat' dir='ltr'>fugere</span> <span class='ocrx_word' id='word_1_19' title='bbox 148 333 258 373; x_wconf 84' lang='lat' dir='ltr'>manum3</span> <span class='ocrx_word' id='word_1_20' title='bbox 275 325 297 363; x_wconf 88' lang='lat' dir='ltr'>et</span> <span class='ocrx_word' id='word_1_21' title='bbox 308 320 398 378; x_wconf 82' lang='lat' dir='ltr'>paterne</span> <span class='ocrx_word' id='word_1_22' title='bbox 415 315 559 362; x_wconf 85' lang='lat' dir='ltr'>correctionis</span> <span class='ocrx_word' id='word_1_23' title='bbox 566 323 581 346; x_wconf 85' lang='lat'>¹⁷</span> <span class='ocrx_word' id='word_1_24' title='bbox 593 314 705 378; x_wconf 83' lang='lat' dir='ltr'>paulisper</span> <span class='ocrx_word' id='word_1_25' title='bbox 722 314 813 373; x_wconf 86' lang='lat' dir='ltr'>oblitus,</span> 
     </span>
     <span class='ocr_line' id='line_1_5' title="bbox 50 380 814 443; baseline 0 -17"><span class='ocrx_word' id='word_1_26' title='bbox 50 381 221 427; x_wconf 81' lang='lat' dir='ltr'>arridentibus18</span> <span class='ocrx_word' id='word_1_27' title='bbox 244 381 285 426; x_wconf 82' lang='lat' dir='ltr'>sibi</span> <span class='ocrx_word' id='word_1_28' title='bbox 302 380 422 442; x_wconf 88' lang='lat' dir='ltr'>prosperis,</span> <span class='ocrx_word' id='word_1_29' title='bbox 439 381 584 443; x_wconf 86' lang='lat' dir='ltr'>cogitatque</span> <span class='ocrx_word' id='word_1_30' title='bbox 606 390 659 425; x_wconf 90' lang='lat' dir='ltr'>sunt</span> <span class='ocrx_word' id='word_1_31' title='bbox 680 380 768 438; x_wconf 84' lang='lat' dir='ltr'>mundi,</span> <span class='ocrx_word' id='word_1_32' title='bbox 790 397 814 426; x_wconf 87' lang='lat' dir='ltr'>ac</span> 
     </span>
     <span class='ocr_line' id='line_1_6' title="bbox 49 443 814 506; baseline 0.003 -18"><span class='ocrx_word' id='word_1_33' title='bbox 49 445 156 506; x_wconf 84' lang='lat' dir='ltr'>ignorans</span> <span class='ocrx_word' id='word_1_34' title='bbox 167 445 286 490; x_wconf 88' lang='lat' dir='ltr'>consilium</span> <span class='ocrx_word' id='word_1_35' title='bbox 298 445 342 502; x_wconf 82' lang='lat' dir='ltr'>dei,</span> <span class='ocrx_word' id='word_1_36' title='bbox 354 445 382 489; x_wconf 92' lang='lat' dir='ltr'>de</span> <span class='ocrx_word' id='word_1_37' title='bbox 392 444 464 505; x_wconf 87' lang='lat' dir='ltr'>gloria</span> <span class='ocrx_word' id='word_1_38' title='bbox 474 444 543 490; x_wconf 90' lang='lat' dir='ltr'>seculi</span> <span class='ocrx_word' id='word_1_39' title='bbox 560 455 583 489; x_wconf 92' lang='lat' dir='ltr'>et</span> <span class='ocrx_word' id='word_1_40' title='bbox 593 445 691 491; x_wconf 89' lang='lat' dir='ltr'>vanitate</span> <span class='ocrx_word' id='word_1_41' title='bbox 702 443 814 491; x_wconf 86' lang='lat' dir='ltr'>facturum</span> 
     </span>
     <span class='ocr_line' id='line_1_7' title="bbox 25 509 543 570; baseline 0.006 -14.862"><span class='ocrx_word' id='word_1_42' title='bbox 25 511 28 548; x_wconf 77' lang='grc' dir='ltr'>ἶ</span> <span class='ocrx_word' id='word_1_43' title='bbox 51 509 124 555; x_wconf 89' lang='lat' dir='ltr'>adhuc</span> <span class='ocrx_word' id='word_1_44' title='bbox 140 526 237 555; x_wconf 83' lang='lat' dir='ltr'>maxima</span> <span class='ocrx_word' id='word_1_45' title='bbox 247 525 271 554; x_wconf 92' lang='lat' dir='ltr'>se</span> <span class='ocrx_word' id='word_1_46' title='bbox 281 509 422 570; x_wconf 54' lang='lat' dir='ltr'>promittrtr</span> <span class='ocrx_word' id='word_1_47' title='bbox 542 555 543 558; x_wconf 75' lang='grc'><strong>,</strong></span> 
     </span>
    </p>

    <p class='ocr_par' dir='ltr' id='par_1_3' title="bbox 17 569 815 702">
     <span class='ocr_line' id='line_1_8' title="bbox 17 569 815 636; baseline -0.001 -16"><span class='ocrx_word' id='word_1_48' title='bbox 17 569 28 579; x_wconf 70' lang='grc'><em>”</em></span> <span class='ocrx_word' id='word_1_49' title='bbox 98 574 159 620; x_wconf 86' lang='lat' dir='ltr'>Nam</span> <span class='ocrx_word' id='word_1_50' title='bbox 171 573 252 620; x_wconf 88' lang='lat' dir='ltr'>nobilis</span> <span class='ocrx_word' id='word_1_51' title='bbox 263 574 355 636; x_wconf 90' lang='lat' dir='ltr'>quidam</span> <span class='ocrx_word' id='word_1_52' title='bbox 370 573 468 619; x_wconf 88' lang='lat' dir='ltr'>civitatis</span> <span class='ocrx_word' id='word_1_53' title='bbox 482 572 552 618; x_wconf 80' lang='lat' dir='ltr'>assisii</span> <span class='ocrx_word' id='word_1_54' title='bbox 544 571 699 619; x_wconf 85' lang='lat' dir='ltr'>militaribus</span> <span class='ocrx_word' id='word_1_55' title='bbox 713 574 781 619; x_wconf 88' lang='lat' dir='ltr'>armis</span> <span class='ocrx_word' id='word_1_56' title='bbox 792 589 815 619; x_wconf 91' lang='lat' dir='ltr'>se</span> 
     </span>
     <span class='ocr_line' id='line_1_9' title="bbox 50 637 815 711; baseline -0.003 -26"><span class='ocrx_word' id='word_1_57' title='bbox 50 655 96 685; x_wconf 88' lang='lat' dir='ltr'>non</span> <span class='ocrx_word' id='word_1_58' title='bbox 107 639 249 686; x_wconf 82' lang='lat' dir='ltr'>mediocriter</span> <span class='ocrx_word' id='word_1_59' title='bbox 260 648 369 701; x_wconf 79' lang='lat' dir='ltr'>preparat,</span> <span class='ocrx_word' id='word_1_60' title='bbox 381 648 404 684; x_wconf 91' lang='lat' dir='ltr'>et</span> <span class='ocrx_word' id='word_1_61' title='bbox 420 637 491 684; x_wconf 90' lang='lat' dir='ltr'>inanis</span> <span class='ocrx_word' id='word_1_62' title='bbox 507 637 579 711; x_wconf 83' lang='lat' dir='ltr'>glorie</span> <span class='ocrx_word' id='word_1_63' title='bbox 595 648 665 684; x_wconf 91' lang='lat' dir='ltr'>vento</span> <span class='ocrx_word' id='word_1_64' title='bbox 676 638 774 696; x_wconf 88' lang='lat' dir='ltr'>inflatus</span> <span class='ocrx_word' id='word_1_65' title='bbox 787 638 815 684; x_wconf 91' lang='lat' dir='ltr'>ad</span> 
     </span>
    </p>
   </div>
   <div class='ocr_carea' id='block_1_3' title="bbox 50 677 926 776">
    <p class='ocr_par' dir='ltr' id='par_1_4' title="bbox 50 677 926 776">
     <span class='ocr_line' id='line_1_10' title="bbox 50 677 926 776; baseline -0.002 -26"><span class='ocrx_word' id='word_1_66' title='bbox 50 706 152 766; x_wconf 81' lang='lat' dir='ltr'>pecunie,</span> <span class='ocrx_word' id='word_1_67' title='bbox 169 704 205 750; x_wconf 91' lang='lat' dir='ltr'>vel</span> <span class='ocrx_word' id='word_1_68' title='bbox 220 704 313 750; x_wconf 89' lang='lat' dir='ltr'>honoris</span> <span class='ocrx_word' id='word_1_69' title='bbox 329 703 431 765; x_wconf 86' lang='lat' dir='ltr'>augenda</span> <span class='ocrx_word' id='word_1_70' title='bbox 452 702 540 749; x_wconf 91' lang='lat' dir='ltr'>lucra</span> <span class='ocrx_word' id='word_1_71' title='bbox 535 713 622 749; x_wconf 84' lang='lat' dir='ltr'>rturum</span> <span class='ocrx_word' id='word_1_72' title='bbox 639 704 662 749; x_wconf 88' lang='lat' dir='ltr'>in</span> <span class='ocrx_word' id='word_1_73' title='bbox 679 677 775 776; x_wconf 76' lang='lat' dir='ltr'>apuliarri</span> <span class='ocrx_word' id='word_1_74' title='bbox 792 720 815 748; x_wconf 90' lang='lat' dir='ltr'>se</span> <span class='ocrx_word' id='word_1_75' title='bbox 846 693 867 738; x_wconf 38' lang='lat' dir='ltr'>1¹-ss</span> <span class='ocrx_word' id='word_1_76' title='bbox 923 696 926 707; x_wconf 33' lang='lat' dir='ltr'>i</span> 
     </span>
    </p>
   </div>
   <div class='ocr_carea' id='block_1_4' title="bbox 50 766 816 1023">
    <p class='ocr_par' dir='ltr' id='par_1_5' title="bbox 50 766 816 1023">
     <span class='ocr_line' id='line_1_11' title="bbox 50 766 816 829; baseline 0.003 -17"><span class='ocrx_word' id='word_1_77' title='bbox 50 769 181 829; x_wconf 86' lang='lat' dir='ltr'>spopondit.</span> <span class='ocrx_word' id='word_1_78' title='bbox 215 767 307 819; x_wconf 89' lang='lat' dir='ltr'>Quibus</span> <span class='ocrx_word' id='word_1_79' title='bbox 328 767 418 821; x_wconf 71' lang='lat' dir='ltr'>auditis⁵</span> <span class='ocrx_word' id='word_1_80' title='bbox 440 766 569 823; x_wconf 86' lang='lat' dir='ltr'>franciscus,</span> <span class='ocrx_word' id='word_1_81' title='bbox 592 768 645 829; x_wconf 87' lang='lat' dir='ltr'>quia</span> <span class='ocrx_word' id='word_1_82' title='bbox 666 766 737 815; x_wconf 89' lang='lat' dir='ltr'>levis</span> <span class='ocrx_word' id='word_1_83' title='bbox 739 768 816 814; x_wconf 89' lang='lat' dir='ltr'>animo</span> 
     </span>
     <span class='ocr_line' id='line_1_12' title="bbox 51 804 815 904; baseline 0.001 -29"><span class='ocrx_word' id='word_1_84' title='bbox 51 841 104 887; x_wconf 81' lang='lat' dir='ltr'>erat,</span> <span class='ocrx_word' id='word_1_85' title='bbox 116 841 139 877; x_wconf 91' lang='lat' dir='ltr'>et</span> <span class='ocrx_word' id='word_1_86' title='bbox 150 847 196 877; x_wconf 90' lang='lat' dir='ltr'>non</span> <span class='ocrx_word' id='word_1_87' title='bbox 207 832 324 877; x_wconf 87' lang='lat' dir='ltr'>modicum</span> <span class='ocrx_word' id='word_1_88' title='bbox 334 830 415 888; x_wconf 82' lang='lat' dir='ltr'>audax,</span> <span class='ocrx_word' id='word_1_89' title='bbox 426 830 454 876; x_wconf 92' lang='lat' dir='ltr'>ad</span> <span class='ocrx_word' id='word_1_90' title='bbox 469 804 571 877; x_wconf 88' lang='lat' dir='ltr'>eunduni</span> <span class='ocrx_word' id='word_1_91' title='bbox 582 831 694 904; x_wconf 84' lang='lat' dir='ltr'>conspirat</span> <span class='ocrx_word' id='word_1_92' title='bbox 705 847 757 878; x_wconf 91' lang='lat' dir='ltr'>cum</span> <span class='ocrx_word' id='word_1_93' title='bbox 769 830 815 889; x_wconf 89' lang='lat' dir='ltr'>illo,</span> 
     </span>
     <span class='ocr_line' id='line_1_13' title="bbox 51 895 816 959; baseline -0.001 -18"><span class='ocrx_word' id='word_1_94' title='bbox 51 898 139 959; x_wconf 88' lang='lat' dir='ltr'>generis</span> <span class='ocrx_word' id='word_1_95' title='bbox 161 896 278 942; x_wconf 89' lang='lat' dir='ltr'>nobilitate</span> <span class='ocrx_word' id='word_1_96' title='bbox 307 896 405 957; x_wconf 80' lang='lat' dir='ltr'>impar,¹⁹</span> <span class='ocrx_word' id='word_1_97' title='bbox 429 896 467 941; x_wconf 93' lang='lat' dir='ltr'>sed</span> <span class='ocrx_word' id='word_1_98' title='bbox 495 895 680 956; x_wconf 83' lang='lat' dir='ltr'>magnanimitate</span> <span class='ocrx_word' id='word_1_99' title='bbox 706 895 816 958; x_wconf 83' lang='lat' dir='ltr'>superior,</span> 
     </span>
     <span class='ocr_line' id='line_1_14' title="bbox 52 960 572 1023; baseline -0.002 -17"><span class='ocrx_word' id='word_1_100' title='bbox 52 962 171 1022; x_wconf 85' lang='lat' dir='ltr'>pauperior</span> <span class='ocrx_word' id='word_1_101' title='bbox 182 961 274 1016; x_wconf 84' lang='lat' dir='ltr'>divitiis,</span> <span class='ocrx_word' id='word_1_102' title='bbox 287 961 326 1007; x_wconf 91' lang='lat' dir='ltr'>sed</span> <span class='ocrx_word' id='word_1_103' title='bbox 338 960 452 1023; x_wconf 88' lang='lat' dir='ltr'>profusior</span> <span class='ocrx_word' id='word_1_104' title='bbox 463 961 572 1023; x_wconf 85' lang='lat' dir='ltr'>largitate.</span> 
     </span>
    </p>
   </div>
   <div class='ocr_carea' id='block_1_5' title="bbox 396 1106 467 1136">
    <p class='ocr_par' dir='ltr' id='par_1_6' title="bbox 396 1106 467 1136">
     <span class='ocr_line' id='line_1_15' title="bbox 396 1106 467 1136; baseline 0.028 -2"><span class='ocrx_word' id='word_1_105' title='bbox 396 1106 467 1136; x_wconf 83' lang='lat' dir='ltr'>VISIO.</span> 
     </span>
    </p>
   </div>
   <div class='ocr_carea' id='block_1_6' title="bbox 53 1183 819 2222">
    <p class='ocr_par' dir='ltr' id='par_1_7' title="bbox 53 1183 818 1553">
     <span class='ocr_line' id='line_1_16' title="bbox 101 1183 817 1245; baseline 0.003 -16"><span class='ocrx_word' id='word_1_106' title='bbox 101 1184 176 1230; x_wconf 87' lang='lat' dir='ltr'>Nocte</span> <span class='ocrx_word' id='word_1_107' title='bbox 187 1185 256 1245; x_wconf 88' lang='lat' dir='ltr'>igitur</span> <span class='ocrx_word' id='word_1_108' title='bbox 269 1184 366 1245; x_wconf 88' lang='lat' dir='ltr'>quadam</span> <span class='ocrx_word' id='word_1_109' title='bbox 382 1198 434 1229; x_wconf 92' lang='lat' dir='ltr'>curn</span> <span class='ocrx_word' id='word_1_110' title='bbox 446 1184 474 1229; x_wconf 91' lang='lat' dir='ltr'>ad</span> <span class='ocrx_word' id='word_1_111' title='bbox 485 1183 537 1229; x_wconf 87' lang='lat' dir='ltr'>haec</span> <span class='ocrx_word' id='word_1_112' title='bbox 546 1191 562 1207; x_wconf 85' lang='lat'>²⁰</span> <span class='ocrx_word' id='word_1_113' title='bbox 573 1184 725 1231; x_wconf 87' lang='lat' dir='ltr'>consumanda</span> <span class='ocrx_word' id='word_1_114' title='bbox 736 1195 783 1231; x_wconf 91' lang='lat' dir='ltr'>tota</span> <span class='ocrx_word' id='word_1_115' title='bbox 793 1201 817 1232; x_wconf 88' lang='lat' dir='ltr'>se</span> 
     </span>
     <span class='ocr_line' id='line_1_17' title="bbox 54 1246 816 1311; baseline 0.001 -16"><span class='ocrx_word' id='word_1_116' title='bbox 54 1247 213 1296; x_wconf 87' lang='lat' dir='ltr'>deliberatione</span> <span class='ocrx_word' id='word_1_117' title='bbox 229 1247 325 1294; x_wconf 86' lang='lat' dir='ltr'>dedisset</span> <span class='ocrx_word' id='word_1_118' title='bbox 335 1264 341 1303; x_wconf 89' lang='grc'>;</span> <span class='ocrx_word' id='word_1_119' title='bbox 353 1257 376 1293; x_wconf 91' lang='lat' dir='ltr'>et</span> <span class='ocrx_word' id='word_1_120' title='bbox 386 1246 498 1294; x_wconf 87' lang='lat' dir='ltr'>desiderio</span> <span class='ocrx_word' id='word_1_121' title='bbox 508 1256 597 1293; x_wconf 88' lang='lat' dir='ltr'>estuans</span> <span class='ocrx_word' id='word_1_122' title='bbox 608 1248 636 1293; x_wconf 90' lang='lat' dir='ltr'>ad</span> <span class='ocrx_word' id='word_1_123' title='bbox 647 1248 689 1293; x_wconf 92' lang='lat' dir='ltr'>iter</span> <span class='ocrx_word' id='word_1_124' title='bbox 704 1249 816 1311; x_wconf 89' lang='lat' dir='ltr'>agendum</span> 
     </span>
     <span class='ocr_line' id='line_1_18' title="bbox 54 1312 817 1376; baseline 0 -17"><span class='ocrx_word' id='word_1_125' title='bbox 54 1313 149 1359; x_wconf 86' lang='lat' dir='ltr'>maxime</span> <span class='ocrx_word' id='word_1_126' title='bbox 160 1313 280 1371; x_wconf 84' lang='lat' dir='ltr'>anhelaret,</span> <span class='ocrx_word' id='word_1_127' title='bbox 292 1312 332 1375; x_wconf 91' lang='lat' dir='ltr'>qui</span> <span class='ocrx_word' id='word_1_128' title='bbox 349 1321 486 1373; x_wconf 87' lang='lat' dir='ltr'>percusserat</span> <span class='ocrx_word' id='word_1_129' title='bbox 499 1328 552 1358; x_wconf 87' lang='lat' dir='ltr'>eum</span> <span class='ocrx_word' id='word_1_130' title='bbox 565 1312 589 1356; x_wconf 93' lang='lat' dir='ltr'>in</span> <span class='ocrx_word' id='word_1_131' title='bbox 599 1312 663 1374; x_wconf 85' lang='lat' dir='ltr'>virga</span> <span class='ocrx_word' id='word_1_132' title='bbox 674 1314 766 1370; x_wconf 88' lang='lat' dir='ltr'>iustitie,</span> <span class='ocrx_word' id='word_1_133' title='bbox 778 1330 817 1376; x_wconf 90' lang='lat' dir='ltr'>per</span> 
     </span>
     <span class='ocr_line' id='line_1_19' title="bbox 53 1376 818 1439; baseline 0.001 -15"><span class='ocrx_word' id='word_1_134' title='bbox 53 1379 163 1425; x_wconf 88' lang='lat' dir='ltr'>visionem</span> <span class='ocrx_word' id='word_1_135' title='bbox 174 1388 308 1424; x_wconf 88' lang='lat' dir='ltr'>nocturnam</span> <span class='ocrx_word' id='word_1_136' title='bbox 320 1377 395 1422; x_wconf 82' lang='lat' dir='ltr'>visitat</span> <span class='ocrx_word' id='word_1_137' title='bbox 403 1384 418 1401; x_wconf 82' lang='lat'>²¹</span> <span class='ocrx_word' id='word_1_138' title='bbox 430 1393 483 1422; x_wconf 90' lang='lat' dir='ltr'>eum</span> <span class='ocrx_word' id='word_1_139' title='bbox 494 1376 518 1421; x_wconf 90' lang='lat' dir='ltr'>in</span> <span class='ocrx_word' id='word_1_140' title='bbox 529 1376 649 1423; x_wconf 87' lang='lat' dir='ltr'>dulcedine</span> <span class='ocrx_word' id='word_1_141' title='bbox 659 1378 754 1439; x_wconf 81' lang='lat' dir='ltr'>gratie.²²</span> <span class='ocrx_word' id='word_1_142' title='bbox 786 1379 818 1425; x_wconf 90' lang='lat' dir='ltr'>Et</span> 
     </span>
     <span class='ocr_line' id='line_1_20' title="bbox 54 1440 818 1506; baseline 0 -17"><span class='ocrx_word' id='word_1_143' title='bbox 54 1444 107 1506; x_wconf 88' lang='lat' dir='ltr'>quia</span> <span class='ocrx_word' id='word_1_144' title='bbox 125 1442 195 1505; x_wconf 86' lang='lat' dir='ltr'>glorie</span> <span class='ocrx_word' id='word_1_145' title='bbox 217 1442 312 1504; x_wconf 90' lang='lat' dir='ltr'>cupidus</span> <span class='ocrx_word' id='word_1_146' title='bbox 334 1451 387 1499; x_wconf 87' lang='lat' dir='ltr'>erat,</span> <span class='ocrx_word' id='word_1_147' title='bbox 409 1440 480 1503; x_wconf 85' lang='lat' dir='ltr'>glorie</span> <span class='ocrx_word' id='word_1_148' title='bbox 501 1441 591 1503; x_wconf 86' lang='lat' dir='ltr'>fastigio</span> <span class='ocrx_word' id='word_1_149' title='bbox 600 1449 615 1472; x_wconf 81' lang='lat'>²³</span> <span class='ocrx_word' id='word_1_150' title='bbox 637 1458 688 1488; x_wconf 87' lang='lat' dir='ltr'>eum</span> <span class='ocrx_word' id='word_1_151' title='bbox 711 1442 779 1489; x_wconf 89' lang='lat' dir='ltr'>allicit</span> <span class='ocrx_word' id='word_1_152' title='bbox 795 1454 818 1489; x_wconf 88' lang='lat' dir='ltr'>et</span> 
     </span>
     <span class='ocr_line' id='line_1_21' title="bbox 53 1507 161 1553; baseline -0.009 0"><span class='ocrx_word' id='word_1_153' title='bbox 53 1507 161 1553; x_wconf 77' lang='lat' dir='ltr'>exaltat.⁴</span> 
     </span>
    </p>

    <p class='ocr_par' dir='ltr' id='par_1_8' title="bbox 54 1569 818 2069">
     <span class='ocr_line' id='line_1_22' title="bbox 101 1569 816 1644; baseline 0 -26"><span class='ocrx_word' id='word_1_154' title='bbox 101 1571 197 1618; x_wconf 87' lang='lat' dir='ltr'>Videbat</span> <span class='ocrx_word' id='word_1_155' title='bbox 189 1580 226 1616; x_wconf 92' lang='lat' dir='ltr'>tur</span> <span class='ocrx_word' id='word_1_156' title='bbox 237 1585 334 1644; x_wconf 82' lang='lat' dir='ltr'>namque</span> <span class='ocrx_word' id='word_1_157' title='bbox 345 1586 365 1616; x_wconf 87' lang='lat' dir='ltr'>er</span> <span class='ocrx_word' id='word_1_158' title='bbox 359 1570 472 1616; x_wconf 91' lang='lat' dir='ltr'>domum</span> <span class='ocrx_word' id='word_1_159' title='bbox 483 1584 546 1615; x_wconf 88' lang='lat' dir='ltr'>suam</span> <span class='ocrx_word' id='word_1_160' title='bbox 558 1578 630 1616; x_wconf 87' lang='lat' dir='ltr'>totam</span> <span class='ocrx_word' id='word_1_161' title='bbox 641 1569 751 1634; x_wconf 88' lang='lat' dir='ltr'>haberepl</span> <span class='ocrx_word' id='word_1_162' title='bbox 753 1588 816 1618; x_wconf 90' lang='lat' dir='ltr'>enam</span> 
     </span>
     <span class='ocr_line' id='line_1_23' title="bbox 54 1633 818 1697; baseline 0.003 -15"><span class='ocrx_word' id='word_1_163' title='bbox 54 1636 189 1683; x_wconf 87' lang='lat' dir='ltr'>militaribus</span> <span class='ocrx_word' id='word_1_164' title='bbox 208 1636 284 1693; x_wconf 84' lang='lat' dir='ltr'>armis,</span> <span class='ocrx_word' id='word_1_165' title='bbox 300 1633 361 1681; x_wconf 90' lang='lat' dir='ltr'>sellis</span> <span class='ocrx_word' id='word_1_166' title='bbox 383 1633 472 1693; x_wconf 88' lang='lat' dir='ltr'>scilicet,</span> <span class='ocrx_word' id='word_1_167' title='bbox 456 1633 585 1697; x_wconf 85' lang='lat' dir='ltr'>tclypeis,</span> <span class='ocrx_word' id='word_1_168' title='bbox 601 1634 683 1682; x_wconf 87' lang='lat' dir='ltr'>lanceis</span> <span class='ocrx_word' id='word_1_169' title='bbox 700 1645 722 1684; x_wconf 90' lang='lat' dir='ltr'>et</span> <span class='ocrx_word' id='word_1_170' title='bbox 740 1637 818 1684; x_wconf 86' lang='lat' dir='ltr'>ceteris</span> 
     </span>
     <span class='ocr_line' id='line_1_24' title="bbox 54 1670 817 1763; baseline 0 -16"><span class='ocrx_word' id='word_1_171' title='bbox 54 1701 212 1763; x_wconf 83' lang='lat' dir='ltr'>apparatibus3</span> <span class='ocrx_word' id='word_1_172' title='bbox 229 1699 374 1763; x_wconf 83' lang='lat' dir='ltr'>gaudensque</span> <span class='ocrx_word' id='word_1_173' title='bbox 390 1670 523 1762; x_wconf 75' lang='lat' dir='ltr'>plunnium,</span> <span class='ocrx_word' id='word_1_174' title='bbox 535 1698 644 1762; x_wconf 87' lang='lat' dir='ltr'>quidhoc</span> <span class='ocrx_word' id='word_1_175' title='bbox 660 1710 724 1757; x_wconf 83' lang='lat' dir='ltr'>esset,</span> <span class='ocrx_word' id='word_1_176' title='bbox 741 1718 817 1749; x_wconf 92' lang='lat' dir='ltr'>secum</span> 
     </span>
     <span class='ocr_line' id='line_1_25' title="bbox 54 1738 818 1814; baseline 0.003 -2"><span class='ocrx_word' id='word_1_177' title='bbox 54 1767 134 1812; x_wconf 87' lang='lat' dir='ltr'>tacitus</span> <span class='ocrx_word' id='word_1_178' title='bbox 145 1764 274 1812; x_wconf 91' lang='lat' dir='ltr'>mirabatur.</span> <span class='ocrx_word' id='word_1_179' title='bbox 308 1765 363 1810; x_wconf 91' lang='lat' dir='ltr'>Non</span> <span class='ocrx_word' id='word_1_180' title='bbox 374 1764 434 1810; x_wconf 91' lang='lat' dir='ltr'>enim</span> <span class='ocrx_word' id='word_1_181' title='bbox 446 1774 591 1810; x_wconf 88' lang='lat' dir='ltr'>consueverat</span> <span class='ocrx_word' id='word_1_182' title='bbox 602 1765 655 1811; x_wconf 84' lang='lat' dir='ltr'>talia</span> <span class='ocrx_word' id='word_1_183' title='bbox 665 1766 688 1811; x_wconf 91' lang='lat' dir='ltr'>in</span> <span class='ocrx_word' id='word_1_184' title='bbox 699 1738 770 1814; x_wconf 84' lang='lat' dir='ltr'>dbmo</span> <span class='ocrx_word' id='word_1_185' title='bbox 778 1785 818 1814; x_wconf 88' lang='lat' dir='ltr'>sua</span> 
     </span>
     <span class='ocr_line' id='line_1_26' title="bbox 54 1827 816 1890; baseline 0.003 -15"><span class='ocrx_word' id='word_1_186' title='bbox 54 1831 138 1887; x_wconf 84' lang='lat' dir='ltr'>videre,</span> <span class='ocrx_word' id='word_1_187' title='bbox 160 1830 199 1875; x_wconf 88' lang='lat' dir='ltr'>sed</span> <span class='ocrx_word' id='word_1_188' title='bbox 221 1840 261 1890; x_wconf 91' lang='lat' dir='ltr'>pot</span> <span class='ocrx_word' id='word_1_189' title='bbox 263 1830 299 1873; x_wconf 89' lang='lat' dir='ltr'>ius</span> <span class='ocrx_word' id='word_1_190' title='bbox 321 1845 448 1889; x_wconf 88' lang='lat' dir='ltr'>pannorum</span> <span class='ocrx_word' id='word_1_191' title='bbox 470 1827 598 1873; x_wconf 78' lang='lat' dir='ltr'>cumulos²⁵</span> <span class='ocrx_word' id='word_1_192' title='bbox 620 1830 648 1874; x_wconf 91' lang='lat' dir='ltr'>ad</span> <span class='ocrx_word' id='word_1_193' title='bbox 664 1832 816 1877; x_wconf 89' lang='lat' dir='ltr'>vendendum.</span> 
     </span>
     <span class='ocr_line' id='line_1_27' title="bbox 55 1892 817 1956; baseline 0.004 -17"><span class='ocrx_word' id='word_1_194' title='bbox 55 1894 161 1956; x_wconf 91' lang='lat' dir='ltr'>Cumque</span> <span class='ocrx_word' id='word_1_195' title='bbox 167 1893 195 1939; x_wconf 87' lang='lat' dir='ltr'>ad</span> <span class='ocrx_word' id='word_1_196' title='bbox 203 1892 304 1939; x_wconf 77' lang='lat' dir='ltr'>subitum</span> <span class='ocrx_word' id='word_1_197' title='bbox 311 1900 400 1937; x_wconf 89' lang='lat' dir='ltr'>rerum</span> <span class='ocrx_word' id='word_1_198' title='bbox 401 1893 524 1938; x_wconf 89' lang='lat' dir='ltr'>eventum</span> <span class='ocrx_word' id='word_1_199' title='bbox 533 1902 634 1952; x_wconf 88' lang='lat' dir='ltr'>stupere</span> <span class='ocrx_word' id='word_1_200' title='bbox 641 1909 687 1940; x_wconf 91' lang='lat' dir='ltr'>non</span> <span class='ocrx_word' id='word_1_201' title='bbox 693 1895 817 1952; x_wconf 85' lang='lat' dir='ltr'>modrcum,</span> 
     </span>
     <span class='ocr_line' id='line_1_28' title="bbox 54 1955 818 2024; baseline 0.007 -21"><span class='ocrx_word' id='word_1_202' title='bbox 54 1975 186 2020; x_wconf 82' lang='lat' dir='ltr'>responsum</span> <span class='ocrx_word' id='word_1_203' title='bbox 202 1968 236 2004; x_wconf 91' lang='lat' dir='ltr'>est</span> <span class='ocrx_word' id='word_1_204' title='bbox 252 1958 280 2015; x_wconf 91' lang='lat' dir='ltr'>ei</span> <span class='ocrx_word' id='word_1_205' title='bbox 297 1957 372 2002; x_wconf 90' lang='lat' dir='ltr'>omnia</span> <span class='ocrx_word' id='word_1_206' title='bbox 388 1957 428 2002; x_wconf 92' lang='lat' dir='ltr'>hec</span> <span class='ocrx_word' id='word_1_207' title='bbox 437 1964 452 1989; x_wconf 82' lang='lat'>²⁷</span> <span class='ocrx_word' id='word_1_208' title='bbox 468 1972 529 2003; x_wconf 88' lang='lat' dir='ltr'>arma</span> <span class='ocrx_word' id='word_1_209' title='bbox 544 1973 584 2003; x_wconf 86' lang='lat' dir='ltr'>sua</span> <span class='ocrx_word' id='word_1_210' title='bbox 600 1955 662 2016; x_wconf 87' lang='lat' dir='ltr'>fore,</span> <span class='ocrx_word' id='word_1_211' title='bbox 673 1958 818 2024; x_wconf 89' lang='lat' dir='ltr'>militumque</span> 
     </span>
     <span class='ocr_line' id='line_1_29' title="bbox 54 2040 155 2069; baseline 0 -1"><span class='ocrx_word' id='word_1_212' title='bbox 54 2040 155 2069; x_wconf 89' lang='lat' dir='ltr'>suorum</span> 
     </span>
    </p>

    <p class='ocr_par' dir='ltr' id='par_1_9' title="bbox 55 2085 819 2212">
     <span class='ocr_line' id='line_1_30' title="bbox 103 2085 819 2149; baseline 0.007 -18"><span class='ocrx_word' id='word_1_213' title='bbox 103 2086 280 2149; x_wconf 82' lang='lat' dir='ltr'>Expergefactus</span> <span class='ocrx_word' id='word_1_214' title='bbox 296 2102 388 2147; x_wconf 89' lang='lat' dir='ltr'>quoque</span> <span class='ocrx_word' id='word_1_215' title='bbox 402 2086 477 2131; x_wconf 88' lang='lat' dir='ltr'>animo</span> <span class='ocrx_word' id='word_1_216' title='bbox 490 2085 598 2147; x_wconf 86' lang='lat' dir='ltr'>gaudenti</span> <span class='ocrx_word' id='word_1_217' title='bbox 613 2104 678 2133; x_wconf 88' lang='lat' dir='ltr'>mane</span> <span class='ocrx_word' id='word_1_218' title='bbox 689 2091 786 2136; x_wconf 85' lang='lat' dir='ltr'>surrexit</span> <span class='ocrx_word' id='word_1_219' title='bbox 796 2101 819 2136; x_wconf 86' lang='lat' dir='ltr'>et</span> 
     </span>
     <span class='ocr_line' id='line_1_31' title="bbox 55 2149 819 2222; baseline 0.007 -27"><span class='ocrx_word' id='word_1_220' title='bbox 55 2152 181 2213; x_wconf 86' lang='lat' dir='ltr'>presagium</span> <span class='ocrx_word' id='word_1_221' title='bbox 216 2166 297 2212; x_wconf 87' lang='lat' dir='ltr'>magne</span> <span class='ocrx_word' id='word_1_222' title='bbox 331 2149 485 2222; x_wconf 88' lang='lat' dir='ltr'>prosperitatis</span> <span class='ocrx_word' id='word_1_223' title='bbox 521 2152 650 2212; x_wconf 74' lang='lat' dir='ltr'>reputans²⁸</span> <span class='ocrx_word' id='word_1_224' title='bbox 684 2153 819 2212; x_wconf 77' lang='lat' dir='ltr'>visionem‚²⁹</span> 
     </span>
    </p>
   </div>
   <div class='ocr_carea' id='block_1_7' title="bbox 55 2213 818 2277">
    <p class='ocr_par' dir='ltr' id='par_1_10' title="bbox 55 2213 889 2277">
     <span class='ocr_line' id='line_1_32' title="bbox 55 2213 818 2277; baseline 0.006 -18"><span class='ocrx_word' id='word_1_225' title='bbox 55 2232 188 2277; x_wconf 86' lang='lat' dir='ltr'>prosperum</span> <span class='ocrx_word' id='word_1_226' title='bbox 210 2213 338 2260; x_wconf 62' lang='grc' dir='ltr'>1111111111ιῖο</span> <span class='ocrx_word' id='word_1_227' title='bbox 360 2214 402 2258; x_wconf 87' lang='lat' dir='ltr'>iter</span> <span class='ocrx_word' id='word_1_228' title='bbox 429 2230 496 2260; x_wconf 90' lang='lat' dir='ltr'>suum</span> <span class='ocrx_word' id='word_1_229' title='bbox 519 2215 541 2258; x_wconf 91' lang='lat' dir='ltr'>in</span> <span class='ocrx_word' id='word_1_230' title='bbox 563 2214 660 2276; x_wconf 76' lang='lat' dir='ltr'>apuliam</span> <span class='ocrx_word' id='word_1_231' title='bbox 682 2227 801 2264; x_wconf 89' lang='lat' dir='ltr'>securatur</span> <span class='ocrx_word' id='word_1_232' title='bbox 803 2228 818 2252; x_wconf 74' lang='lat'>³³</span> 
     </span>
    </p>
   </div>
   <div class='ocr_carea' id='block_1_8' title="bbox 56 2271 887 2342">
    <p class='ocr_par' dir='ltr' id='par_1_11' title="bbox 56 2271 887 2342">
     <span class='ocr_line' id='line_1_33' title="bbox 56 2271 887 2342; baseline 0.007 -17"><span class='ocrx_word' id='word_1_233' title='bbox 56 2280 176 2327; x_wconf 87' lang='lat' dir='ltr'>Nesciebat</span> <span class='ocrx_word' id='word_1_234' title='bbox 186 2281 246 2325; x_wconf 86' lang='lat' dir='ltr'>enirn</span> <span class='ocrx_word' id='word_1_235' title='bbox 260 2279 316 2342; x_wconf 91' lang='lat' dir='ltr'>quid</span> <span class='ocrx_word' id='word_1_236' title='bbox 333 2279 433 2336; x_wconf 89' lang='lat' dir='ltr'>diceret;</span> <span class='ocrx_word' id='word_1_237' title='bbox 449 2290 471 2325; x_wconf 86' lang='lat' dir='ltr'>et</span> <span class='ocrx_word' id='word_1_238' title='bbox 482 2295 566 2326; x_wconf 91' lang='lat' dir='ltr'>munus</span> <span class='ocrx_word' id='word_1_239' title='bbox 580 2278 621 2326; x_wconf 90' lang='lat' dir='ltr'>sibi</span> <span class='ocrx_word' id='word_1_240' title='bbox 635 2281 663 2327; x_wconf 90' lang='lat' dir='ltr'>de</span> <span class='ocrx_word' id='word_1_241' title='bbox 676 2281 723 2328; x_wconf 87' lang='lat' dir='ltr'>celo</span> <span class='ocrx_word' id='word_1_242' title='bbox 740 2283 818 2331; x_wconf 87' lang='lat' dir='ltr'>datum</span> <span class='ocrx_word' id='word_1_243' title='bbox 884 2271 887 2299; x_wconf 67' lang='lat'><em>³</em></span> 
     </span>
    </p>
   </div>
   <div class='ocr_carea' id='block_1_9' title="bbox 56 2317 819 2471">
    <p class='ocr_par' dir='ltr' id='par_1_12' title="bbox 56 2317 819 2471">
     <span class='ocr_line' id='line_1_34' title="bbox 56 2317 819 2417; baseline 0.005 -26"><span class='ocrx_word' id='word_1_244' title='bbox 56 2347 128 2392; x_wconf 90' lang='lat' dir='ltr'>adhuc</span> <span class='ocrx_word' id='word_1_245' title='bbox 137 2354 152 2377; x_wconf 82' lang='lat'>³²</span> <span class='ocrx_word' id='word_1_246' title='bbox 174 2345 268 2391; x_wconf 89' lang='lat' dir='ltr'>minime</span> <span class='ocrx_word' id='word_1_247' title='bbox 290 2317 445 2417; x_wconf 60' lang='lat' dir='ltr'>cognoscebat.</span> <span class='ocrx_word' id='word_1_248' title='bbox 489 2345 516 2390; x_wconf 91' lang='lat' dir='ltr'>In</span> <span class='ocrx_word' id='word_1_249' title='bbox 538 2361 565 2391; x_wconf 90' lang='lat' dir='ltr'>eo</span> <span class='ocrx_word' id='word_1_250' title='bbox 586 2354 662 2393; x_wconf 88' lang='lat' dir='ltr'>tamen</span> <span class='ocrx_word' id='word_1_251' title='bbox 684 2349 819 2411; x_wconf 88' lang='lat' dir='ltr'>perpendere</span> 
     </span>
     <span class='ocr_line' id='line_1_35' title="bbox 56 2409 819 2471; baseline 0.005 -15"><span class='ocrx_word' id='word_1_252' title='bbox 56 2420 143 2471; x_wconf 87' lang='lat' dir='ltr'>poterat</span> <span class='ocrx_word' id='word_1_253' title='bbox 153 2410 245 2455; x_wconf 84' lang='lat' dir='ltr'>visionis</span> <span class='ocrx_word' id='word_1_254' title='bbox 256 2409 323 2454; x_wconf 89' lang='lat' dir='ltr'>huius</span> <span class='ocrx_word' id='word_1_255' title='bbox 333 2425 396 2454; x_wconf 90' lang='lat' dir='ltr'>suam</span> <span class='ocrx_word' id='word_1_256' title='bbox 407 2409 615 2471; x_wconf 88' lang='lat' dir='ltr'>interpretationem</span> <span class='ocrx_word' id='word_1_257' title='bbox 627 2427 672 2456; x_wconf 91' lang='lat' dir='ltr'>non</span> <span class='ocrx_word' id='word_1_258' title='bbox 681 2429 728 2459; x_wconf 91' lang='lat' dir='ltr'>esse</span> <span class='ocrx_word' id='word_1_259' title='bbox 736 2430 819 2471; x_wconf 86' lang='lat' dir='ltr'>veram,</span> 
     </span>
    </p>
   </div>
   <div class='ocr_carea' id='block_1_10' title="bbox 56 2453 819 2537">
    <p class='ocr_par' dir='ltr' id='par_1_13' title="bbox 56 2453 819 2537">
     <span class='ocr_line' id='line_1_36' title="bbox 56 2453 819 2537; baseline 0.008 -17"><span class='ocrx_word' id='word_1_260' title='bbox 56 2475 116 2537; x_wconf 89' lang='lat' dir='ltr'>quia,</span> <span class='ocrx_word' id='word_1_261' title='bbox 132 2475 185 2521; x_wconf 92' lang='lat' dir='ltr'>licet</span> <span class='ocrx_word' id='word_1_262' title='bbox 200 2475 252 2520; x_wconf 87' lang='lat' dir='ltr'>satis</span> <span class='ocrx_word' id='word_1_263' title='bbox 269 2490 343 2520; x_wconf 91' lang='lat' dir='ltr'>rerum</span> <span class='ocrx_word' id='word_1_264' title='bbox 365 2483 480 2536; x_wconf 88' lang='lat' dir='ltr'>gestarum</span> <span class='ocrx_word' id='word_1_265' title='bbox 502 2485 626 2537; x_wconf 91' lang='lat' dir='ltr'>utcumque</span> <span class='ocrx_word' id='word_1_266' title='bbox 647 2453 819 2525; x_wconf 79' lang='lat' dir='ltr'>similitudinem</span> 
     </span>
    </p>
   </div>
   <div class='ocr_carea' id='block_1_11' title="bbox 87 2616 809 2727">
    <p class='ocr_par' dir='ltr' id='par_1_14' title="bbox 87 2616 809 2719">
     <span class='ocr_line' id='line_1_37' title="bbox 87 2616 785 2667; baseline -0.019 -10"><span class='ocrx_word' id='word_1_267' title='bbox 87 2616 123 2663; x_wconf 71' lang='lat'>,1⁶</span> <span class='ocrx_word' id='word_1_268' title='bbox 119 2616 162 2661; x_wconf 90' lang='lat' dir='ltr'>H.&#39;</span> <span class='ocrx_word' id='word_1_269' title='bbox 157 2626 218 2667; x_wconf 78' lang='lat' dir='ltr'>inserts</span> <span class='ocrx_word' id='word_1_270' title='bbox 224 2625 301 2667; x_wconf 75' lang='lat' dir='ltr'>sanctus.</span> <span class='ocrx_word' id='word_1_271' title='bbox 354 2617 369 2644; x_wconf 80' lang='lat'>¹7</span> <span class='ocrx_word' id='word_1_272' title='bbox 378 2616 407 2655; x_wconf 92' lang='grc' dir='ltr'>Μ</span> <span class='ocrx_word' id='word_1_273' title='bbox 417 2617 536 2667; x_wconf 87' lang='lat' dir='ltr'>correptionis</span> <span class='ocrx_word' id='word_1_274' title='bbox 589 2617 604 2640; x_wconf 77' lang='lat'>1⁸</span> <span class='ocrx_word' id='word_1_275' title='bbox 614 2617 662 2658; x_wconf 71' lang='lat'>03</span> <span class='ocrx_word' id='word_1_276' title='bbox 656 2633 673 2657; x_wconf 72' lang='lat' dir='ltr'>m</span> <span class='ocrx_word' id='word_1_277' title='bbox 682 2620 785 2661; x_wconf 83' lang='lat' dir='ltr'>videntibus</span> 
     </span>
     <span class='ocr_line' id='line_1_38' title="bbox 96 2667 809 2727; baseline -0.028 -18"><span class='ocrx_word' id='word_1_278' title='bbox 96 2673 111 2700; x_wconf 79' lang='lat'>19</span> <span class='ocrx_word' id='word_1_279' title='bbox 121 2670 155 2708; x_wconf 84' lang='lat' dir='ltr'>OS</span> <span class='ocrx_word' id='word_1_280' title='bbox 163 2684 197 2720; x_wconf 79' lang='lat' dir='ltr'>nup</span> <span class='ocrx_word' id='word_1_281' title='bbox 198 2683 221 2710; x_wconf 74' lang='lat' dir='ltr'>al*</span> <span class='ocrx_word' id='word_1_282' title='bbox 278 2672 294 2691; x_wconf 69' lang='lat'>²⁰</span> <span class='ocrx_word' id='word_1_283' title='bbox 304 2667 332 2706; x_wconf 86' lang='lat' dir='ltr'>M·</span> <span class='ocrx_word' id='word_1_284' title='bbox 343 2668 406 2706; x_wconf 72' lang='lat' dir='ltr'>adhuc.</span> <span class='ocrx_word' id='word_1_285' title='bbox 463 2673 479 2692; x_wconf 73' lang='lat'>²¹</span> <span class='ocrx_word' id='word_1_286' title='bbox 481 2667 523 2709; x_wconf 85' lang='grc'><strong>05</strong></span> <span class='ocrx_word' id='word_1_287' title='bbox 525 2669 613 2715; x_wconf 65' lang='lat' dir='ltr'>visitavit</span> <span class='ocrx_word' id='word_1_288' title='bbox 670 2675 686 2695; x_wconf 82' lang='lat'>22</span> <span class='ocrx_word' id='word_1_289' title='bbox 693 2672 723 2727; x_wconf 83' lang='lat' dir='ltr'>H</span> <span class='ocrx_word' id='word_1_290' title='bbox 720 2677 763 2723; x_wconf 45' lang='lat' dir='ltr'>vs</span> <span class='ocrx_word' id='word_1_291' title='bbox 777 2688 782 2691; x_wconf 84' lang='grc'>.,</span> <span class='ocrx_word' id='word_1_292' title='bbox 806 2677 809 2688; x_wconf 74' lang='grc' dir='ltr'><strong>ι</strong></span> 
     </span>
    </p>
   </div>
   <div class='ocr_carea' id='block_1_12' title="bbox 90 2684 792 2817">
    <p class='ocr_par' dir='ltr' id='par_1_15' title="bbox 90 2684 814 2816">
     <span class='ocr_line' id='line_1_39' title="bbox 96 2684 792 2771; baseline 0.004 -12"><span class='ocrx_word' id='word_1_293' title='bbox 96 2722 156 2759; x_wconf 53' lang='grc'><strong>1301.</strong></span> <span class='ocrx_word' id='word_1_294' title='bbox 165 2684 241 2759; x_wconf 72' lang='lat' dir='ltr'>fasptidio.</span> <span class='ocrx_word' id='word_1_295' title='bbox 299 2720 355 2758; x_wconf 75' lang='lat' dir='ltr'>²4W.</span> <span class='ocrx_word' id='word_1_296' title='bbox 365 2734 417 2758; x_wconf 80' lang='lat' dir='ltr'>visio</span> <span class='ocrx_word' id='word_1_297' title='bbox 464 2710 527 2762; x_wconf 84' lang='lat' dir='ltr'>²5L</span> <span class='ocrx_word' id='word_1_298' title='bbox 537 2720 627 2761; x_wconf 81' lang='lat' dir='ltr'>tumulos</span> <span class='ocrx_word' id='word_1_299' title='bbox 675 2710 748 2764; x_wconf 74' lang='lat' dir='ltr'>²⁶Ho</span> <span class='ocrx_word' id='word_1_300' title='bbox 790 2768 792 2771; x_wconf 21' lang='lat' dir='ltr'>v</span> 
     </span>
     <span class='ocr_line' id='line_1_40' title="bbox 90 2770 746 2817; baseline 0.01 -8"><span class='ocrx_word' id='word_1_301' title='bbox 90 2775 113 2809; x_wconf 79' lang='lat'>.²⁷</span> <span class='ocrx_word' id='word_1_302' title='bbox 122 2773 155 2811; x_wconf 91' lang='lat' dir='ltr'>Os</span> <span class='ocrx_word' id='word_1_303' title='bbox 165 2776 222 2812; x_wconf 89' lang='lat' dir='ltr'>omits.</span> <span class='ocrx_word' id='word_1_304' title='bbox 352 2770 367 2795; x_wconf 75' lang='lat'>²⁸</span> <span class='ocrx_word' id='word_1_305' title='bbox 377 2772 411 2811; x_wconf 90' lang='lat' dir='ltr'>Os</span> <span class='ocrx_word' id='word_1_306' title='bbox 420 2774 478 2811; x_wconf 80' lang='lat' dir='ltr'>omits</span> <span class='ocrx_word' id='word_1_307' title='bbox 596 2775 665 2814; x_wconf 79' lang='grc'><strong>2901</strong></span> <span class='ocrx_word' id='word_1_308' title='bbox 676 2778 746 2817; x_wconf 82' lang='lat' dir='ltr'>visione.</span> 
     </span>
    </p>
   </div>
   <div class='ocr_carea' id='block_1_13' title="bbox 97 2824 935 2873">
    <p class='ocr_par' dir='ltr' id='par_1_16' title="bbox 97 2824 935 2873">
     <span class='ocr_line' id='line_1_41' title="bbox 97 2824 935 2873; baseline -0.001 -10"><span class='ocrx_word' id='word_1_309' title='bbox 97 2826 250 2866; x_wconf 54' lang='grc'>31111111111111111.</span> <span class='ocrx_word' id='word_1_310' title='bbox 279 2824 648 2865; x_wconf 61' lang='grc'><strong>0111111111.31011110111111111.</strong></span> <span class='ocrx_word' id='word_1_311' title='bbox 691 2834 712 2873; x_wconf 52' lang='grc' dir='ltr'>β’</span> <span class='ocrx_word' id='word_1_312' title='bbox 722 2831 748 2868; x_wconf 90' lang='lat' dir='ltr'>Os</span> <span class='ocrx_word' id='word_1_313' title='bbox 765 2834 822 2871; x_wconf 84' lang='lat' dir='ltr'>omits.</span> <span class='ocrx_word' id='word_1_314' title='bbox 881 2834 883 2836; x_wconf 82' lang='grc'><strong>’</strong></span> <span class='ocrx_word' id='word_1_315' title='bbox 918 2833 935 2862; x_wconf 71' lang='grc'>”·,</span> 
     </span>
    </p>
   </div>
   <div class='ocr_carea' id='block_1_14' title="bbox 0 0 972 3169">
    <p class='ocr_par' dir='ltr' id='par_1_17' title="bbox 0 0 972 3169">
     <span class='ocr_line' id='line_1_42' title="bbox 0 0 972 3169; baseline 0 0"><span class='ocrx_word' id='word_1_316' title='bbox 0 0 972 3169; x_wconf 95' lang='lat' dir='ltr'> </span> 
     </span>
    </p>
   </div>
  </div>
 </body>
</html>
