<?xml version="1.0" encoding="UTF-8"?>
<!DOCTYPE html PUBLIC "-//W3C//DTD XHTML 1.0 Transitional//EN"
    "http://www.w3.org/TR/xhtml1/DTD/xhtml1-transitional.dtd">
<html xmlns="http://www.w3.org/1999/xhtml" xml:lang="en" lang="en">
 <head>
  <title>
</title>
<meta http-equiv="Content-Type" content="text/html;charset=utf-8" />
  <meta name='ocr-system' content='tesseract 3.04.00' />
  <meta name='ocr-capabilities' content='ocr_page ocr_carea ocr_par ocr_line ocrx_word'/>
</head>
<body>
  <div class='ocr_page' id='page_1' title='image "./MN5146ucmf_4_0258.png"; bbox 0 0 1919 3169; ppageno 0'>
   <div class='ocr_carea' id='block_1_1' title="bbox 144 54 696 117">
    <p class='ocr_par' dir='ltr' id='par_1_1' title="bbox 144 54 696 117">
     <span class='ocr_line' id='line_1_1' title="bbox 144 54 696 117; baseline 0.002 -17"><span class='ocrx_word' id='word_1_1' title='bbox 144 70 173 116; x_wconf 85' lang='lat'>92</span> <span class='ocrx_word' id='word_1_2' title='bbox 361 54 521 101; x_wconf 88' lang='lat' dir='ltr'><strong>LEGENDA</strong></span> <span class='ocrx_word' id='word_1_3' title='bbox 537 55 696 117; x_wconf 73' lang='lat' dir='ltr'><strong>ANTIQUA</strong></span> 
     </span>
    </p>
   </div>
   <div class='ocr_carea' id='block_1_2' title="bbox 142 152 913 844">
    <p class='ocr_par' dir='ltr' id='par_1_2' title="bbox 142 152 913 277">
     <span class='ocr_line' id='line_1_2' title="bbox 142 152 913 217; baseline 0.008 -19"><span class='ocrx_word' id='word_1_4' title='bbox 142 169 232 200; x_wconf 88' lang='lat' dir='ltr'>mecum</span> <span class='ocrx_word' id='word_1_5' title='bbox 253 152 391 214; x_wconf 86' lang='lat' dir='ltr'>quandoque</span> <span class='ocrx_word' id='word_1_6' title='bbox 413 153 447 198; x_wconf 91' lang='lat' dir='ltr'>uti</span> <span class='ocrx_word' id='word_1_7' title='bbox 470 154 549 210; x_wconf 86' lang='lat' dir='ltr'>offitio,</span> <span class='ocrx_word' id='word_1_8' title='bbox 572 171 619 217; x_wconf 93' lang='lat' dir='ltr'>quo</span> <span class='ocrx_word' id='word_1_9' title='bbox 640 155 731 201; x_wconf 83' lang='lat' dir='ltr'>succisis</span> <span class='ocrx_word' id='word_1_10' title='bbox 753 156 831 211; x_wconf 87' lang='lat' dir='ltr'>cedris,</span> <span class='ocrx_word' id='word_1_11' title='bbox 851 158 913 204; x_wconf 90' lang='lat' dir='ltr'>solus</span> 
     </span>
     <span class='ocr_line' id='line_1_3' title="bbox 142 215 490 277; baseline 0.003 -16"><span class='ocrx_word' id='word_1_12' title='bbox 142 216 246 262; x_wconf 88' lang='lat' dir='ltr'>videatur</span> <span class='ocrx_word' id='word_1_13' title='bbox 257 217 374 277; x_wconf 89' lang='lat' dir='ltr'>Rampnus</span> <span class='ocrx_word' id='word_1_14' title='bbox 386 216 408 260; x_wconf 92' lang='lat' dir='ltr'>in</span> <span class='ocrx_word' id='word_1_15' title='bbox 419 215 490 277; x_wconf 81' lang='lat' dir='ltr'><strong>sylva.</strong></span> 
     </span>
    </p>

    <p class='ocr_par' dir='ltr' id='par_1_3' title="bbox 142 281 912 844">
     <span class='ocr_line' id='line_1_4' title="bbox 190 281 911 345; baseline 0.003 -18"><span class='ocrx_word' id='word_1_16' title='bbox 190 283 233 327; x_wconf 91' lang='lat' dir='ltr'>Eia</span> <span class='ocrx_word' id='word_1_17' title='bbox 243 282 309 327; x_wconf 86' lang='lat' dir='ltr'>miser</span> <span class='ocrx_word' id='word_1_18' title='bbox 319 297 325 336; x_wconf 80' lang='lat'>3</span> <span class='ocrx_word' id='word_1_19' title='bbox 343 281 446 326; x_wconf 91' lang='lat' dir='ltr'>humanis</span> <span class='ocrx_word' id='word_1_20' title='bbox 457 281 560 328; x_wconf 89' lang='lat' dir='ltr'>carnibus</span> <span class='ocrx_word' id='word_1_21' title='bbox 568 298 655 328; x_wconf 82' lang='lat' dir='ltr'>vescere</span> <span class='ocrx_word' id='word_1_22' title='bbox 666 293 688 326; x_wconf 90' lang='lat' dir='ltr'>et</span> <span class='ocrx_word' id='word_1_23' title='bbox 699 282 753 345; x_wconf 85' lang='lat' dir='ltr'>quia</span> <span class='ocrx_word' id='word_1_24' title='bbox 761 282 837 328; x_wconf 87' lang='lat' dir='ltr'>vivere</span> <span class='ocrx_word' id='word_1_25' title='bbox 848 284 911 329; x_wconf 89' lang='lat' dir='ltr'>aliter</span> 
     </span>
     <span class='ocr_line' id='line_1_5' title="bbox 142 345 911 409; baseline 0.004 -17"><span class='ocrx_word' id='word_1_26' title='bbox 142 365 188 394; x_wconf 92' lang='lat' dir='ltr'>non</span> <span class='ocrx_word' id='word_1_27' title='bbox 199 358 270 409; x_wconf 89' lang='lat' dir='ltr'>potes,</span> <span class='ocrx_word' id='word_1_28' title='bbox 281 346 378 393; x_wconf 82' lang='lat' dir='ltr'>fratrum</span> <span class='ocrx_word' id='word_1_29' title='bbox 390 345 473 393; x_wconf 88' lang='lat' dir='ltr'>viscera</span> <span class='ocrx_word' id='word_1_30' title='bbox 484 347 547 394; x_wconf 78' lang='lat' dir='ltr'>rode.</span> <span class='ocrx_word' id='word_1_31' title='bbox 580 346 645 394; x_wconf 90' lang='lat' dir='ltr'>Tales</span> <span class='ocrx_word' id='word_1_32' title='bbox 660 347 713 393; x_wconf 91' lang='lat' dir='ltr'>boni</span> <span class='ocrx_word' id='word_1_33' title='bbox 727 349 821 396; x_wconf 82' lang='lat' dir='ltr'>student</span> <span class='ocrx_word' id='word_1_34' title='bbox 832 349 911 407; x_wconf 89' lang='lat' dir='ltr'>videri,</span> 
     </span>
     <span class='ocr_line' id='line_1_6' title="bbox 143 412 911 473; baseline 0.001 -14"><span class='ocrx_word' id='word_1_35' title='bbox 143 428 190 459; x_wconf 92' lang='lat' dir='ltr'>non</span> <span class='ocrx_word' id='word_1_36' title='bbox 202 412 257 470; x_wconf 86' lang='lat' dir='ltr'>fieri,</span> <span class='ocrx_word' id='word_1_37' title='bbox 269 420 395 456; x_wconf 84' lang='lat' dir='ltr'>accusantes</span> <span class='ocrx_word' id='word_1_38' title='bbox 411 412 472 468; x_wconf 81' lang='lat' dir='ltr'>vitia,</span> <span class='ocrx_word' id='word_1_39' title='bbox 485 428 525 457; x_wconf 89' lang='lat' dir='ltr'>nec</span> <span class='ocrx_word' id='word_1_40' title='bbox 542 412 598 458; x_wconf 80' lang='lat' dir='ltr'>vitia</span> <span class='ocrx_word' id='word_1_41' title='bbox 613 413 758 473; x_wconf 84' lang='lat' dir='ltr'>deponentes.</span> <span class='ocrx_word' id='word_1_42' title='bbox 792 414 856 459; x_wconf 87' lang='lat' dir='ltr'>Solos</span> <span class='ocrx_word' id='word_1_43' title='bbox 873 431 911 460; x_wconf 92' lang='lat' dir='ltr'>eos</span> 
     </span>
     <span class='ocr_line' id='line_1_7' title="bbox 142 476 911 538; baseline 0.004 -17"><span class='ocrx_word' id='word_1_44' title='bbox 142 478 241 532; x_wconf 91' lang='lat' dir='ltr'>laudant,</span> <span class='ocrx_word' id='word_1_45' title='bbox 250 492 349 538; x_wconf 92' lang='lat' dir='ltr'>quorum</span> <span class='ocrx_word' id='word_1_46' title='bbox 359 476 453 537; x_wconf 88' lang='lat' dir='ltr'>cupiunt</span> <span class='ocrx_word' id='word_1_47' title='bbox 462 477 595 523; x_wconf 85' lang='lat' dir='ltr'>auctoritate</span> <span class='ocrx_word' id='word_1_48' title='bbox 603 476 675 523; x_wconf 90' lang='lat' dir='ltr'>foveri</span> <span class='ocrx_word' id='word_1_49' title='bbox 683 477 772 523; x_wconf 85' lang='lat' dir='ltr'>silentes</span> <span class='ocrx_word' id='word_1_50' title='bbox 779 495 791 522; x_wconf 92' lang='lat' dir='ltr'>a</span> <span class='ocrx_word' id='word_1_51' title='bbox 798 478 911 537; x_wconf 85' lang='lat' dir='ltr'>laudibus,</span> 
     </span>
     <span class='ocr_line' id='line_1_8' title="bbox 143 539 910 602; baseline 0.005 -18"><span class='ocrx_word' id='word_1_52' title='bbox 143 557 198 602; x_wconf 86' lang='lat' dir='ltr'>quas</span> <span class='ocrx_word' id='word_1_53' title='bbox 217 541 245 585; x_wconf 88' lang='lat' dir='ltr'>ad</span> <span class='ocrx_word' id='word_1_54' title='bbox 263 539 380 584; x_wconf 90' lang='lat' dir='ltr'>laudatum</span> <span class='ocrx_word' id='word_1_55' title='bbox 400 555 446 585; x_wconf 90' lang='lat' dir='ltr'>non</span> <span class='ocrx_word' id='word_1_56' title='bbox 465 542 574 586; x_wconf 83' lang='lat' dir='ltr'>extimant</span> <span class='ocrx_word' id='word_1_57' title='bbox 593 541 706 602; x_wconf 82' lang='lat' dir='ltr'>reportari.</span> <span class='ocrx_word' id='word_1_58' title='bbox 751 542 828 587; x_wconf 89' lang='lat' dir='ltr'>Ieiune</span> <span class='ocrx_word' id='word_1_59' title='bbox 847 544 910 588; x_wconf 85' lang='lat' dir='ltr'>faciei</span> 
     </span>
     <span class='ocr_line' id='line_1_9' title="bbox 142 601 912 668; baseline 0.005 -19"><span class='ocrx_word' id='word_1_60' title='bbox 142 603 250 667; x_wconf 90' lang='lat' dir='ltr'>pallorem</span> <span class='ocrx_word' id='word_1_61' title='bbox 266 601 400 668; x_wconf 65' lang='lat' dir='ltr'>perniciosis,</span> <span class='ocrx_word' id='word_1_62' title='bbox 408 603 513 651; x_wconf 88' lang='lat' dir='ltr'>laudibus</span> <span class='ocrx_word' id='word_1_63' title='bbox 530 604 639 663; x_wconf 87' lang='lat' dir='ltr'>vendunt,</span> <span class='ocrx_word' id='word_1_64' title='bbox 652 614 678 651; x_wconf 91' lang='lat' dir='ltr'>ut</span> <span class='ocrx_word' id='word_1_65' title='bbox 694 604 802 668; x_wconf 89' lang='lat' dir='ltr'>spiritales</span> <span class='ocrx_word' id='word_1_66' title='bbox 818 606 912 653; x_wconf 85' lang='lat' dir='ltr'>videan-</span> 
     </span>
     <span class='ocr_line' id='line_1_10' title="bbox 142 668 908 732; baseline 0.008 -18"><span class='ocrx_word' id='word_1_67' title='bbox 142 681 181 715; x_wconf 87' lang='lat' dir='ltr'>tur</span> <span class='ocrx_word' id='word_1_68' title='bbox 202 670 242 731; x_wconf 92' lang='lat' dir='ltr'>qui</span> <span class='ocrx_word' id='word_1_69' title='bbox 264 668 389 715; x_wconf 88' lang='lat' dir='ltr'>diiudicant</span> <span class='ocrx_word' id='word_1_70' title='bbox 411 670 486 716; x_wconf 85' lang='lat' dir='ltr'>omnia</span> <span class='ocrx_word' id='word_1_71' title='bbox 508 680 530 716; x_wconf 90' lang='lat' dir='ltr'>et</span> <span class='ocrx_word' id='word_1_72' title='bbox 553 670 594 732; x_wconf 92' lang='lat' dir='ltr'>ipsi</span> <span class='ocrx_word' id='word_1_73' title='bbox 621 687 634 716; x_wconf 89' lang='lat' dir='ltr'>a</span> <span class='ocrx_word' id='word_1_74' title='bbox 660 671 749 716; x_wconf 90' lang='lat' dir='ltr'>nemine</span> <span class='ocrx_word' id='word_1_75' title='bbox 773 671 908 720; x_wconf 85' lang='lat' dir='ltr'>iudicentur.</span> 
     </span>
     <span class='ocr_line' id='line_1_11' title="bbox 142 732 911 796; baseline 0.005 -18"><span class='ocrx_word' id='word_1_76' title='bbox 142 734 249 779; x_wconf 83' lang='lat' dir='ltr'>Gaudent</span> <span class='ocrx_word' id='word_1_77' title='bbox 266 732 387 778; x_wconf 88' lang='lat' dir='ltr'>sanctitatis</span> <span class='ocrx_word' id='word_1_78' title='bbox 404 734 517 793; x_wconf 91' lang='lat' dir='ltr'>opinione,</span> <span class='ocrx_word' id='word_1_79' title='bbox 535 751 581 779; x_wconf 91' lang='lat' dir='ltr'>non</span> <span class='ocrx_word' id='word_1_80' title='bbox 600 750 674 795; x_wconf 91' lang='lat' dir='ltr'>opere,</span> <span class='ocrx_word' id='word_1_81' title='bbox 692 735 793 796; x_wconf 89' lang='lat' dir='ltr'>angelico</span> <span class='ocrx_word' id='word_1_82' title='bbox 812 736 911 794; x_wconf 88' lang='lat' dir='ltr'>nomine,</span> 
     </span>
     <span class='ocr_line' id='line_1_12' title="bbox 142 806 298 844; baseline 0.006 -2"><span class='ocrx_word' id='word_1_83' title='bbox 142 813 188 842; x_wconf 92' lang='lat' dir='ltr'>non</span> <span class='ocrx_word' id='word_1_84' title='bbox 206 806 298 844; x_wconf 79' lang='lat' dir='ltr'>virtute.</span> 
     </span>
    </p>
   </div>
   <div class='ocr_carea' id='block_1_3' title="bbox 335 959 716 1010">
    <p class='ocr_par' dir='ltr' id='par_1_4' title="bbox 335 959 716 1010">
     <span class='ocr_line' id='line_1_13' title="bbox 335 959 716 1010; baseline 0.003 -10"><span class='ocrx_word' id='word_1_85' title='bbox 335 959 464 1010; x_wconf 80' lang='lat' dir='ltr'>Descriptio</span> <span class='ocrx_word' id='word_1_86' title='bbox 477 960 592 1010; x_wconf 84' lang='lat' dir='ltr'>generalis</span> <span class='ocrx_word' id='word_1_87' title='bbox 605 959 702 1001; x_wconf 83' lang='lat' dir='ltr'>ministri</span> <span class='ocrx_word' id='word_1_88' title='bbox 715 967 716 970; x_wconf 75' lang='grc'>’</span> 
     </span>
    </p>
   </div>
   <div class='ocr_carea' id='block_1_4' title="bbox 54 1030 912 2863">
    <p class='ocr_par' dir='ltr' id='par_1_5' title="bbox 99 1030 912 1701">
     <span class='ocr_line' id='line_1_14' title="bbox 99 1030 910 1121; baseline 0.006 -20"><span class='ocrx_word' id='word_1_89' title='bbox 99 1071 139 1111; x_wconf 83' lang='lat' dir='ltr'>[uu]</span> <span class='ocrx_word' id='word_1_90' title='bbox 190 1030 236 1110; x_wconf 66' lang='lat' dir='ltr'>P</span> <span class='ocrx_word' id='word_1_91' title='bbox 237 1074 291 1120; x_wconf 92' lang='lat' dir='ltr'>rope</span> <span class='ocrx_word' id='word_1_92' title='bbox 299 1058 368 1103; x_wconf 88' lang='lat' dir='ltr'>finem</span> <span class='ocrx_word' id='word_1_93' title='bbox 379 1059 503 1103; x_wconf 88' lang='lat' dir='ltr'>vocationis</span> <span class='ocrx_word' id='word_1_94' title='bbox 514 1058 562 1103; x_wconf 90' lang='lat' dir='ltr'>eius</span> <span class='ocrx_word' id='word_1_95' title='bbox 573 1058 601 1102; x_wconf 87' lang='lat' dir='ltr'>ad</span> <span class='ocrx_word' id='word_1_96' title='bbox 610 1059 730 1104; x_wconf 91' lang='lat' dir='ltr'>dominum</span> <span class='ocrx_word' id='word_1_97' title='bbox 738 1058 806 1104; x_wconf 85' lang='lat' dir='ltr'>frater</span> <span class='ocrx_word' id='word_1_98' title='bbox 817 1061 910 1121; x_wconf 89' lang='lat' dir='ltr'>quidam</span> 
     </span>
     <span class='ocr_line' id='line_1_15' title="bbox 143 1121 910 1187; baseline 0 -18"><span class='ocrx_word' id='word_1_99' title='bbox 143 1141 229 1187; x_wconf 85' lang='lat' dir='ltr'>semper</span> <span class='ocrx_word' id='word_1_100' title='bbox 251 1122 382 1170; x_wconf 88' lang='lat' dir='ltr'>divinorum</span> <span class='ocrx_word' id='word_1_101' title='bbox 403 1121 520 1178; x_wconf 89' lang='lat' dir='ltr'>sollicitus,</span> <span class='ocrx_word' id='word_1_102' title='bbox 542 1121 634 1168; x_wconf 86' lang='lat' dir='ltr'>affectus</span> <span class='ocrx_word' id='word_1_103' title='bbox 655 1122 737 1185; x_wconf 89' lang='lat' dir='ltr'>pietate</span> <span class='ocrx_word' id='word_1_104' title='bbox 759 1123 786 1169; x_wconf 90' lang='lat' dir='ltr'>ad</span> <span class='ocrx_word' id='word_1_105' title='bbox 808 1123 910 1169; x_wconf 85' lang='lat' dir='ltr'>ordinem</span> 
     </span>
     <span class='ocr_line' id='line_1_16' title="bbox 143 1188 912 1253; baseline 0.001 -17"><span class='ocrx_word' id='word_1_106' title='bbox 143 1190 242 1253; x_wconf 89' lang='lat' dir='ltr'>quesivit</span> <span class='ocrx_word' id='word_1_107' title='bbox 253 1189 281 1235; x_wconf 89' lang='lat' dir='ltr'>ab</span> <span class='ocrx_word' id='word_1_108' title='bbox 291 1204 318 1234; x_wconf 94' lang='lat' dir='ltr'>eo</span> <span class='ocrx_word' id='word_1_109' title='bbox 329 1188 404 1234; x_wconf 91' lang='lat' dir='ltr'>dicens</span> <span class='ocrx_word' id='word_1_110' title='bbox 415 1206 420 1234; x_wconf 88' lang='lat'>:</span> <span class='ocrx_word' id='word_1_111' title='bbox 438 1188 510 1242; x_wconf 87' lang='lat' dir='ltr'>Pater,</span> <span class='ocrx_word' id='word_1_112' title='bbox 523 1198 548 1234; x_wconf 89' lang='lat' dir='ltr'>tu</span> <span class='ocrx_word' id='word_1_113' title='bbox 560 1188 665 1250; x_wconf 74' lang='lat' dir='ltr'>transibis</span> <span class='ocrx_word' id='word_1_114' title='bbox 673 1198 696 1234; x_wconf 90' lang='lat' dir='ltr'>et</span> <span class='ocrx_word' id='word_1_115' title='bbox 706 1188 792 1234; x_wconf 88' lang='lat' dir='ltr'>familia</span> <span class='ocrx_word' id='word_1_116' title='bbox 802 1199 824 1235; x_wconf 94' lang='lat' dir='ltr'>te</span> <span class='ocrx_word' id='word_1_117' title='bbox 835 1200 912 1237; x_wconf 89' lang='lat' dir='ltr'>secuta</span> 
     </span>
     <span class='ocr_line' id='line_1_17' title="bbox 143 1252 912 1316; baseline 0.001 -17"><span class='ocrx_word' id='word_1_118' title='bbox 143 1256 167 1299; x_wconf 90' lang='lat' dir='ltr'>in</span> <span class='ocrx_word' id='word_1_119' title='bbox 184 1255 242 1301; x_wconf 89' lang='lat' dir='ltr'>valle</span> <span class='ocrx_word' id='word_1_120' title='bbox 259 1256 408 1315; x_wconf 87' lang='lat' dir='ltr'>lacrymarum</span> <span class='ocrx_word' id='word_1_121' title='bbox 425 1252 570 1315; x_wconf 86' lang='lat' dir='ltr'>relinquitur.</span> <span class='ocrx_word' id='word_1_122' title='bbox 609 1253 682 1299; x_wconf 89' lang='lat' dir='ltr'>Innue</span> <span class='ocrx_word' id='word_1_123' title='bbox 699 1253 803 1315; x_wconf 83' lang='lat' dir='ltr'>aliquem,</span> <span class='ocrx_word' id='word_1_124' title='bbox 821 1255 840 1298; x_wconf 85' lang='lat' dir='ltr'>si</span> <span class='ocrx_word' id='word_1_125' title='bbox 857 1270 912 1316; x_wconf 87' lang='lat' dir='ltr'>cog-</span> 
     </span>
     <span class='ocr_line' id='line_1_18' title="bbox 143 1316 910 1380; baseline 0.001 -17"><span class='ocrx_word' id='word_1_126' title='bbox 143 1320 216 1363; x_wconf 88' lang='lat' dir='ltr'>noscis</span> <span class='ocrx_word' id='word_1_127' title='bbox 237 1320 260 1364; x_wconf 89' lang='lat' dir='ltr'>in</span> <span class='ocrx_word' id='word_1_128' title='bbox 282 1316 368 1370; x_wconf 86' lang='lat' dir='ltr'>ordine,</span> <span class='ocrx_word' id='word_1_129' title='bbox 390 1317 414 1361; x_wconf 92' lang='lat' dir='ltr'>in</span> <span class='ocrx_word' id='word_1_130' title='bbox 435 1333 482 1378; x_wconf 94' lang='lat' dir='ltr'>quo</span> <span class='ocrx_word' id='word_1_131' title='bbox 504 1327 569 1363; x_wconf 86' lang='lat' dir='ltr'>tutus</span> <span class='ocrx_word' id='word_1_132' title='bbox 593 1317 681 1363; x_wconf 92' lang='lat' dir='ltr'>animus</span> <span class='ocrx_word' id='word_1_133' title='bbox 703 1318 851 1380; x_wconf 82' lang='lat' dir='ltr'>conquiescat,</span> <span class='ocrx_word' id='word_1_134' title='bbox 874 1319 910 1365; x_wconf 92' lang='lat' dir='ltr'>cui</span> 
     </span>
     <span class='ocr_line' id='line_1_19' title="bbox 143 1380 912 1446; baseline -0.001 -18"><span class='ocrx_word' id='word_1_135' title='bbox 143 1382 251 1446; x_wconf 85' lang='lat' dir='ltr'>generalis</span> <span class='ocrx_word' id='word_1_136' title='bbox 262 1380 381 1427; x_wconf 87' lang='lat' dir='ltr'>ministerii</span> <span class='ocrx_word' id='word_1_137' title='bbox 392 1382 481 1442; x_wconf 89' lang='lat' dir='ltr'>pondus</span> <span class='ocrx_word' id='word_1_138' title='bbox 492 1397 568 1426; x_wconf 90' lang='lat' dir='ltr'>secure</span> <span class='ocrx_word' id='word_1_139' title='bbox 579 1380 650 1442; x_wconf 89' lang='lat' dir='ltr'>possit</span> <span class='ocrx_word' id='word_1_140' title='bbox 661 1381 754 1443; x_wconf 90' lang='lat' dir='ltr'>imponi.</span> <span class='ocrx_word' id='word_1_141' title='bbox 786 1382 912 1444; x_wconf 88' lang='lat' dir='ltr'>Respondit</span> 
     </span>
     <span class='ocr_line' id='line_1_20' title="bbox 143 1445 910 1507; baseline 0.001 -15"><span class='ocrx_word' id='word_1_142' title='bbox 143 1458 233 1493; x_wconf 87' lang='lat' dir='ltr'>sanctus</span> <span class='ocrx_word' id='word_1_143' title='bbox 255 1445 384 1492; x_wconf 86' lang='lat' dir='ltr'>Franciscus</span> <span class='ocrx_word' id='word_1_144' title='bbox 406 1445 503 1490; x_wconf 88' lang='lat' dir='ltr'>induens</span> <span class='ocrx_word' id='word_1_145' title='bbox 524 1455 604 1490; x_wconf 86' lang='lat' dir='ltr'>cuncta</span> <span class='ocrx_word' id='word_1_146' title='bbox 622 1446 690 1491; x_wconf 90' lang='lat' dir='ltr'>verba</span> <span class='ocrx_word' id='word_1_147' title='bbox 708 1447 825 1507; x_wconf 87' lang='lat' dir='ltr'>suspiriis:</span> <span class='ocrx_word' id='word_1_148' title='bbox 850 1448 910 1493; x_wconf 89' lang='lat' dir='ltr'>Tam</span> 
     </span>
     <span class='ocr_line' id='line_1_21' title="bbox 144 1509 909 1572; baseline -0.001 -14"><span class='ocrx_word' id='word_1_149' title='bbox 144 1512 274 1558; x_wconf 84' lang='lat' dir='ltr'>multimodi</span> <span class='ocrx_word' id='word_1_150' title='bbox 295 1511 406 1555; x_wconf 84' lang='lat' dir='ltr'>exercitus</span> <span class='ocrx_word' id='word_1_151' title='bbox 428 1509 515 1564; x_wconf 87' lang='lat' dir='ltr'>ducem,</span> <span class='ocrx_word' id='word_1_152' title='bbox 534 1520 580 1554; x_wconf 89' lang='lat' dir='ltr'>tam</span> <span class='ocrx_word' id='word_1_153' title='bbox 605 1509 673 1570; x_wconf 84' lang='lat' dir='ltr'>ampli</span> <span class='ocrx_word' id='word_1_154' title='bbox 697 1511 771 1572; x_wconf 88' lang='lat' dir='ltr'>gregis</span> <span class='ocrx_word' id='word_1_155' title='bbox 797 1520 909 1572; x_wconf 89' lang='lat' dir='ltr'>pastorem</span> 
     </span>
     <span class='ocr_line' id='line_1_22' title="bbox 144 1573 909 1633; baseline -0.001 -12"><span class='ocrx_word' id='word_1_156' title='bbox 144 1576 241 1633; x_wconf 90' lang='lat' dir='ltr'>nullum,</span> <span class='ocrx_word' id='word_1_157' title='bbox 260 1575 298 1628; x_wconf 87' lang='lat' dir='ltr'>fili,</span> <span class='ocrx_word' id='word_1_158' title='bbox 322 1574 470 1619; x_wconf 88' lang='lat' dir='ltr'>sufficientem</span> <span class='ocrx_word' id='word_1_159' title='bbox 492 1575 598 1626; x_wconf 90' lang='lat' dir='ltr'>intue0r;</span> <span class='ocrx_word' id='word_1_160' title='bbox 621 1573 660 1617; x_wconf 88' lang='lat' dir='ltr'>sed</span> <span class='ocrx_word' id='word_1_161' title='bbox 679 1573 732 1619; x_wconf 90' lang='lat' dir='ltr'>volo</span> <span class='ocrx_word' id='word_1_162' title='bbox 754 1574 818 1619; x_wconf 86' lang='lat' dir='ltr'>vobis</span> <span class='ocrx_word' id='word_1_163' title='bbox 837 1592 909 1620; x_wconf 87' lang='lat' dir='ltr'>unum</span> 
     </span>
     <span class='ocr_line' id='line_1_23' title="bbox 143 1635 909 1701; baseline -0.001 -16"><span class='ocrx_word' id='word_1_164' title='bbox 143 1640 265 1701; x_wconf 84' lang='lat' dir='ltr'>depingere</span> <span class='ocrx_word' id='word_1_165' title='bbox 284 1654 308 1683; x_wconf 92' lang='lat' dir='ltr'>ac</span> <span class='ocrx_word' id='word_1_166' title='bbox 331 1652 399 1683; x_wconf 91' lang='lat' dir='ltr'>manu</span> <span class='ocrx_word' id='word_1_167' title='bbox 421 1636 484 1683; x_wconf 78' lang='lat' dir='ltr'>iuxta</span> <span class='ocrx_word' id='word_1_168' title='bbox 502 1635 647 1697; x_wconf 87' lang='lat' dir='ltr'>proverbium</span> <span class='ocrx_word' id='word_1_169' title='bbox 666 1635 744 1692; x_wconf 87' lang='lat' dir='ltr'>facere,</span> <span class='ocrx_word' id='word_1_170' title='bbox 763 1637 785 1681; x_wconf 93' lang='lat' dir='ltr'>in</span> <span class='ocrx_word' id='word_1_171' title='bbox 808 1655 854 1700; x_wconf 94' lang='lat' dir='ltr'>quo</span> <span class='ocrx_word' id='word_1_172' title='bbox 876 1656 909 1684; x_wconf 90' lang='lat' dir='ltr'>re-</span> 
     </span>
    </p>

    <p class='ocr_par' dir='ltr' id='par_1_6' title="bbox 51 1700 909 1893">
     <span class='ocr_line' id='line_1_24' title="bbox 79 1700 909 1767; baseline 0 -18"><span class='ocrx_word' id='word_1_173' title='bbox 79 1735 83 1743; x_wconf 48' lang='grc'><em>,</em></span> <span class='ocrx_word' id='word_1_174' title='bbox 142 1704 223 1760; x_wconf 89' lang='lat' dir='ltr'>luceat,</span> <span class='ocrx_word' id='word_1_175' title='bbox 245 1702 317 1767; x_wconf 88' lang='lat' dir='ltr'>qualis</span> <span class='ocrx_word' id='word_1_176' title='bbox 341 1717 387 1747; x_wconf 89' lang='lat' dir='ltr'>esse</span> <span class='ocrx_word' id='word_1_177' title='bbox 411 1701 490 1747; x_wconf 89' lang='lat' dir='ltr'>debeat</span> <span class='ocrx_word' id='word_1_178' title='bbox 510 1701 579 1748; x_wconf 90' lang='lat' dir='ltr'>huius</span> <span class='ocrx_word' id='word_1_179' title='bbox 600 1700 684 1746; x_wconf 87' lang='lat' dir='ltr'>familie</span> <span class='ocrx_word' id='word_1_180' title='bbox 706 1711 775 1763; x_wconf 90' lang='lat' dir='ltr'>pater.</span> <span class='ocrx_word' id='word_1_181' title='bbox 820 1703 909 1760; x_wconf 90' lang='lat' dir='ltr'>Homo,</span> 
     </span>
     <span class='ocr_line' id='line_1_25' title="bbox 142 1766 909 1832; baseline 0.002 -18.788"><span class='ocrx_word' id='word_1_182' title='bbox 142 1770 230 1832; x_wconf 89' lang='lat' dir='ltr'>inquid,</span> <span class='ocrx_word' id='word_1_183' title='bbox 242 1784 288 1814; x_wconf 88' lang='lat' dir='ltr'>esse</span> <span class='ocrx_word' id='word_1_184' title='bbox 304 1767 371 1813; x_wconf 88' lang='lat' dir='ltr'>debet</span> <span class='ocrx_word' id='word_1_185' title='bbox 386 1767 433 1813; x_wconf 91' lang='lat' dir='ltr'>vite</span> <span class='ocrx_word' id='word_1_186' title='bbox 450 1766 582 1828; x_wconf 84' lang='lat' dir='ltr'>gratissime,</span> <span class='ocrx_word' id='word_1_187' title='bbox 594 1766 734 1811; x_wconf 88' lang='lat' dir='ltr'>discretionis</span> <span class='ocrx_word' id='word_1_188' title='bbox 751 1782 838 1829; x_wconf 86' lang='lat' dir='ltr'>magne,</span> <span class='ocrx_word' id='word_1_189' title='bbox 850 1768 909 1815; x_wconf 88' lang='lat' dir='ltr'>fame</span> 
     </span>
     <span class='ocr_line' id='line_1_26' title="bbox 54 1825 909 1893; baseline 0 -14"><span class='ocrx_word' id='word_1_190' title='bbox 54 1836 57 1846; x_wconf 80' lang='lat'>¹</span> <span class='ocrx_word' id='word_1_191' title='bbox 142 1834 267 1881; x_wconf 85' lang='lat' dir='ltr'>laudabilis.</span> <span class='ocrx_word' id='word_1_192' title='bbox 301 1832 391 1887; x_wconf 85' lang='lat' dir='ltr'>Homo,</span> <span class='ocrx_word' id='word_1_193' title='bbox 402 1831 442 1893; x_wconf 91' lang='lat' dir='ltr'>qui</span> <span class='ocrx_word' id='word_1_194' title='bbox 454 1825 546 1892; x_wconf 55' lang='lat' dir='ltr'>priuatis</span> <span class='ocrx_word' id='word_1_195' title='bbox 557 1830 670 1876; x_wconf 89' lang='lat' dir='ltr'>amoribus</span> <span class='ocrx_word' id='word_1_196' title='bbox 681 1841 760 1890; x_wconf 89' lang='lat' dir='ltr'>careat,</span> <span class='ocrx_word' id='word_1_197' title='bbox 772 1848 807 1890; x_wconf 89' lang='lat' dir='ltr'>ne,</span> <span class='ocrx_word' id='word_1_198' title='bbox 818 1832 875 1878; x_wconf 89' lang='lat' dir='ltr'>dum</span> <span class='ocrx_word' id='word_1_199' title='bbox 886 1833 909 1878; x_wconf 91' lang='lat' dir='ltr'>in</span> 
     </span>
    </p>

    <p class='ocr_par' dir='ltr' id='par_1_7' title="bbox 71 1894 910 2217">
     <span class='ocr_line' id='line_1_27' title="bbox 143 1894 909 1961; baseline 0 -18"><span class='ocrx_word' id='word_1_200' title='bbox 143 1908 206 1961; x_wconf 89' lang='lat' dir='ltr'>parte</span> <span class='ocrx_word' id='word_1_201' title='bbox 223 1899 273 1960; x_wconf 91' lang='lat' dir='ltr'>plus</span> <span class='ocrx_word' id='word_1_202' title='bbox 289 1896 369 1958; x_wconf 87' lang='lat' dir='ltr'>diligit,</span> <span class='ocrx_word' id='word_1_203' title='bbox 388 1896 412 1940; x_wconf 91' lang='lat' dir='ltr'>in</span> <span class='ocrx_word' id='word_1_204' title='bbox 429 1905 479 1940; x_wconf 89' lang='lat' dir='ltr'>toto</span> <span class='ocrx_word' id='word_1_205' title='bbox 496 1894 625 1941; x_wconf 91' lang='lat' dir='ltr'>scandalum</span> <span class='ocrx_word' id='word_1_206' title='bbox 643 1905 741 1956; x_wconf 87' lang='lat' dir='ltr'>generet.</span> <span class='ocrx_word' id='word_1_207' title='bbox 774 1896 855 1943; x_wconf 90' lang='lat' dir='ltr'>Homo</span> <span class='ocrx_word' id='word_1_208' title='bbox 873 1898 909 1943; x_wconf 90' lang='lat' dir='ltr'>cui</span> 
     </span>
     <span class='ocr_line' id='line_1_28' title="bbox 143 1959 908 2021; baseline -0.003 -13"><span class='ocrx_word' id='word_1_209' title='bbox 143 1974 216 2009; x_wconf 87' lang='lat' dir='ltr'>sancte</span> <span class='ocrx_word' id='word_1_210' title='bbox 228 1961 335 2008; x_wconf 87' lang='lat' dir='ltr'>orationis</span> <span class='ocrx_word' id='word_1_211' title='bbox 346 1960 448 2006; x_wconf 90' lang='lat' dir='ltr'>studium</span> <span class='ocrx_word' id='word_1_212' title='bbox 460 1960 489 2004; x_wconf 92' lang='lat' dir='ltr'>sit</span> <span class='ocrx_word' id='word_1_213' title='bbox 500 1959 603 2016; x_wconf 86' lang='lat' dir='ltr'>amicum,</span> <span class='ocrx_word' id='word_1_214' title='bbox 616 1959 656 2021; x_wconf 94' lang='lat' dir='ltr'>qui</span> <span class='ocrx_word' id='word_1_215' title='bbox 668 1970 737 2004; x_wconf 87' lang='lat' dir='ltr'>certas</span> <span class='ocrx_word' id='word_1_216' title='bbox 752 1960 816 2005; x_wconf 88' lang='lat' dir='ltr'>horas</span> <span class='ocrx_word' id='word_1_217' title='bbox 829 1962 908 2017; x_wconf 88' lang='lat' dir='ltr'>anime,</span> 
     </span>
     <span class='ocr_line' id='line_1_29' title="bbox 143 2023 909 2089; baseline -0.004 -15.177"><span class='ocrx_word' id='word_1_218' title='bbox 143 2038 213 2074; x_wconf 86' lang='lat' dir='ltr'>certas</span> <span class='ocrx_word' id='word_1_219' title='bbox 229 2026 293 2089; x_wconf 84' lang='lat' dir='ltr'>gregi</span> <span class='ocrx_word' id='word_1_220' title='bbox 311 2025 431 2071; x_wconf 90' lang='lat' dir='ltr'>commisso</span> <span class='ocrx_word' id='word_1_221' title='bbox 446 2023 573 2070; x_wconf 78' lang='lat' dir='ltr'>distribuat,</span> <span class='ocrx_word' id='word_1_222' title='bbox 606 2023 667 2069; x_wconf 89' lang='lat' dir='ltr'>Nam</span> <span class='ocrx_word' id='word_1_223' title='bbox 684 2024 759 2085; x_wconf 92' lang='lat' dir='ltr'>primo</span> <span class='ocrx_word' id='word_1_224' title='bbox 776 2041 840 2070; x_wconf 90' lang='lat' dir='ltr'>mane</span> <span class='ocrx_word' id='word_1_225' title='bbox 857 2027 909 2071; x_wconf 90' lang='lat' dir='ltr'>mis-</span> 
     </span>
     <span class='ocr_line' id='line_1_30' title="bbox 71 2084 910 2151; baseline 0 -14"><span class='ocrx_word' id='word_1_226' title='bbox 71 2084 113 2150; x_wconf 13' lang='lat' dir='ltr'>*uffa*-</span> <span class='ocrx_word' id='word_1_227' title='bbox 143 2110 218 2139; x_wconf 86' lang='lat' dir='ltr'>sarum</span> <span class='ocrx_word' id='word_1_228' title='bbox 237 2100 373 2137; x_wconf 82' lang='lat' dir='ltr'>sacramenta</span> <span class='ocrx_word' id='word_1_229' title='bbox 389 2087 456 2134; x_wconf 90' lang='lat' dir='ltr'>debet</span> <span class='ocrx_word' id='word_1_230' title='bbox 475 2088 604 2150; x_wconf 90' lang='lat' dir='ltr'>premittere</span> <span class='ocrx_word' id='word_1_231' title='bbox 624 2098 646 2133; x_wconf 91' lang='lat' dir='ltr'>et</span> <span class='ocrx_word' id='word_1_232' title='bbox 665 2087 732 2151; x_wconf 91' lang='lat' dir='ltr'>longa</span> <span class='ocrx_word' id='word_1_233' title='bbox 751 2089 871 2136; x_wconf 89' lang='lat' dir='ltr'>devotione</span> <span class='ocrx_word' id='word_1_234' title='bbox 887 2107 910 2137; x_wconf 91' lang='lat' dir='ltr'>se</span> 
     </span>
     <span class='ocr_line' id='line_1_31' title="bbox 143 2152 735 2217; baseline -0.008 -15"><span class='ocrx_word' id='word_1_235' title='bbox 143 2152 222 2217; x_wconf 71' lang='lat' dir='ltr'>ipsum</span> <span class='ocrx_word' id='word_1_236' title='bbox 230 2162 252 2201; x_wconf 80' lang='lat' dir='ltr'>&#39;et</span> <span class='ocrx_word' id='word_1_237' title='bbox 263 2170 355 2217; x_wconf 83' lang='lat' dir='ltr'>gregem</span> <span class='ocrx_word' id='word_1_238' title='bbox 366 2153 445 2197; x_wconf 87' lang='lat' dir='ltr'>divino</span> <span class='ocrx_word' id='word_1_239' title='bbox 456 2152 561 2196; x_wconf 87' lang='lat' dir='ltr'>tutamini</span> <span class='ocrx_word' id='word_1_240' title='bbox 572 2152 735 2197; x_wconf 90' lang='lat' dir='ltr'>commendare.</span> 
     </span>
    </p>

    <p class='ocr_par' dir='ltr' id='par_1_8' title="bbox 143 2215 911 2863">
     <span class='ocr_line' id='line_1_32' title="bbox 192 2215 910 2278; baseline 0 -13"><span class='ocrx_word' id='word_1_241' title='bbox 192 2221 246 2265; x_wconf 89' lang='lat' dir='ltr'>Post</span> <span class='ocrx_word' id='word_1_242' title='bbox 257 2218 382 2264; x_wconf 85' lang='lat' dir='ltr'>orationem</span> <span class='ocrx_word' id='word_1_243' title='bbox 393 2232 449 2262; x_wconf 88' lang='lat' dir='ltr'>vero</span> <span class='ocrx_word' id='word_1_244' title='bbox 460 2232 483 2260; x_wconf 90' lang='lat' dir='ltr'>se</span> <span class='ocrx_word' id='word_1_245' title='bbox 493 2215 568 2276; x_wconf 88' lang='lat' dir='ltr'>ipsum</span> <span class='ocrx_word' id='word_1_246' title='bbox 579 2215 668 2278; x_wconf 89' lang='lat' dir='ltr'>inquid,</span> <span class='ocrx_word' id='word_1_247' title='bbox 679 2216 703 2260; x_wconf 92' lang='lat' dir='ltr'>in</span> <span class='ocrx_word' id='word_1_248' title='bbox 719 2216 810 2277; x_wconf 90' lang='lat' dir='ltr'>publico</span> <span class='ocrx_word' id='word_1_249' title='bbox 826 2227 910 2265; x_wconf 87' lang='lat' dir='ltr'>statuat</span> 
     </span>
     <span class='ocr_line' id='line_1_33' title="bbox 143 2278 910 2343; baseline -0.003 -12"><span class='ocrx_word' id='word_1_250' title='bbox 143 2284 170 2331; x_wconf 89' lang='lat' dir='ltr'>ab</span> <span class='ocrx_word' id='word_1_251' title='bbox 192 2284 298 2331; x_wconf 90' lang='lat' dir='ltr'>omnibus</span> <span class='ocrx_word' id='word_1_252' title='bbox 319 2280 473 2343; x_wconf 85' lang='lat' dir='ltr'>depilandum,</span> <span class='ocrx_word' id='word_1_253' title='bbox 492 2278 597 2327; x_wconf 90' lang='lat' dir='ltr'>omnibus</span> <span class='ocrx_word' id='word_1_254' title='bbox 618 2296 786 2342; x_wconf 90' lang='lat' dir='ltr'>responsurum,</span> <span class='ocrx_word' id='word_1_255' title='bbox 805 2281 910 2329; x_wconf 92' lang='lat' dir='ltr'>omnibus</span> 
     </span>
     <span class='ocr_line' id='line_1_34' title="bbox 144 2344 909 2410; baseline -0.004 -14"><span class='ocrx_word' id='word_1_256' title='bbox 144 2367 197 2397; x_wconf 92' lang='lat' dir='ltr'>cum</span> <span class='ocrx_word' id='word_1_257' title='bbox 219 2346 390 2396; x_wconf 86' lang='lat' dir='ltr'>mansuetudine</span> <span class='ocrx_word' id='word_1_258' title='bbox 411 2346 563 2407; x_wconf 81' lang='lat' dir='ltr'>provisurum.</span> <span class='ocrx_word' id='word_1_259' title='bbox 608 2344 689 2391; x_wconf 90' lang='lat' dir='ltr'>Homo</span> <span class='ocrx_word' id='word_1_260' title='bbox 711 2344 777 2392; x_wconf 88' lang='lat' dir='ltr'>debet</span> <span class='ocrx_word' id='word_1_261' title='bbox 796 2363 849 2404; x_wconf 92' lang='lat' dir='ltr'>esse,</span> <span class='ocrx_word' id='word_1_262' title='bbox 869 2348 909 2410; x_wconf 90' lang='lat' dir='ltr'>qui</span> 
     </span>
     <span class='ocr_line' id='line_1_35' title="bbox 144 2409 910 2477; baseline -0.004 -16"><span class='ocrx_word' id='word_1_263' title='bbox 144 2430 291 2477; x_wconf 90' lang='lat' dir='ltr'>personarum</span> <span class='ocrx_word' id='word_1_264' title='bbox 313 2411 441 2473; x_wconf 86' lang='lat' dir='ltr'>acceptione</span> <span class='ocrx_word' id='word_1_265' title='bbox 462 2411 581 2457; x_wconf 90' lang='lat' dir='ltr'>sordidum</span> <span class='ocrx_word' id='word_1_266' title='bbox 603 2426 649 2455; x_wconf 91' lang='lat' dir='ltr'>non</span> <span class='ocrx_word' id='word_1_267' title='bbox 671 2409 737 2456; x_wconf 81' lang='lat' dir='ltr'>faciat</span> <span class='ocrx_word' id='word_1_268' title='bbox 759 2412 868 2474; x_wconf 88' lang='lat' dir='ltr'>angulum</span> <span class='ocrx_word' id='word_1_269' title='bbox 888 2423 910 2459; x_wconf 84' lang='lat' dir='ltr'>et</span> 
     </span>
     <span class='ocr_line' id='line_1_36' title="bbox 144 2474 911 2542; baseline -0.004 -17"><span class='ocrx_word' id='word_1_270' title='bbox 144 2480 205 2540; x_wconf 83' lang='lat' dir='ltr'>apud</span> <span class='ocrx_word' id='word_1_271' title='bbox 232 2495 300 2542; x_wconf 91' lang='lat' dir='ltr'>quem</span> <span class='ocrx_word' id='word_1_272' title='bbox 327 2477 442 2521; x_wconf 89' lang='lat' dir='ltr'>minorum</span> <span class='ocrx_word' id='word_1_273' title='bbox 469 2485 492 2519; x_wconf 89' lang='lat' dir='ltr'>et</span> <span class='ocrx_word' id='word_1_274' title='bbox 519 2474 656 2535; x_wconf 87' lang='lat' dir='ltr'>simplicium</span> <span class='ocrx_word' id='word_1_275' title='bbox 683 2490 728 2519; x_wconf 91' lang='lat' dir='ltr'>non</span> <span class='ocrx_word' id='word_1_276' title='bbox 755 2475 830 2521; x_wconf 91' lang='lat' dir='ltr'>minus</span> <span class='ocrx_word' id='word_1_277' title='bbox 858 2493 911 2522; x_wconf 86' lang='lat' dir='ltr'>cura</span> 
     </span>
     <span class='ocr_line' id='line_1_37' title="bbox 144 2538 910 2606; baseline -0.004 -17"><span class='ocrx_word' id='word_1_278' title='bbox 144 2544 225 2605; x_wconf 85' lang='lat' dir='ltr'>vigeat,</span> <span class='ocrx_word' id='word_1_279' title='bbox 246 2557 315 2606; x_wconf 85' lang='lat' dir='ltr'>quam</span> <span class='ocrx_word' id='word_1_280' title='bbox 336 2538 478 2601; x_wconf 85' lang='lat' dir='ltr'>sapientium,</span> <span class='ocrx_word' id='word_1_281' title='bbox 497 2540 533 2584; x_wconf 88' lang='lat' dir='ltr'>vel</span> <span class='ocrx_word' id='word_1_282' title='bbox 555 2538 673 2592; x_wconf 89' lang='lat' dir='ltr'>maiorum.</span> <span class='ocrx_word' id='word_1_283' title='bbox 707 2538 788 2585; x_wconf 93' lang='lat' dir='ltr'>Homo</span> <span class='ocrx_word' id='word_1_284' title='bbox 809 2539 845 2585; x_wconf 92' lang='lat' dir='ltr'>cui</span> <span class='ocrx_word' id='word_1_285' title='bbox 869 2541 910 2586; x_wconf 89' lang='lat' dir='ltr'>etsi</span> 
     </span>
     <span class='ocr_line' id='line_1_38' title="bbox 145 2601 910 2665; baseline -0.003 -11"><span class='ocrx_word' id='word_1_286' title='bbox 145 2625 274 2655; x_wconf 89' lang='lat' dir='ltr'>concessum</span> <span class='ocrx_word' id='word_1_287' title='bbox 295 2615 328 2652; x_wconf 90' lang='lat' dir='ltr'>est</span> <span class='ocrx_word' id='word_1_288' title='bbox 347 2604 474 2651; x_wconf 81' lang='lat' dir='ltr'>litterature</span> <span class='ocrx_word' id='word_1_289' title='bbox 495 2602 557 2650; x_wconf 91' lang='lat' dir='ltr'>dono</span> <span class='ocrx_word' id='word_1_290' title='bbox 578 2601 703 2665; x_wconf 87' lang='lat' dir='ltr'>precellere,</span> <span class='ocrx_word' id='word_1_291' title='bbox 721 2603 771 2665; x_wconf 91' lang='lat' dir='ltr'>plus</span> <span class='ocrx_word' id='word_1_292' title='bbox 793 2613 868 2651; x_wconf 85' lang='lat' dir='ltr'>tamen</span> <span class='ocrx_word' id='word_1_293' title='bbox 887 2605 910 2652; x_wconf 92' lang='lat' dir='ltr'>in</span> 
     </span>
     <span class='ocr_line' id='line_1_39' title="bbox 144 2667 910 2732; baseline -0.003 -14"><span class='ocrx_word' id='word_1_294' title='bbox 144 2672 246 2718; x_wconf 89' lang='lat' dir='ltr'>moribus</span> <span class='ocrx_word' id='word_1_295' title='bbox 267 2672 303 2732; x_wconf 90' lang='lat' dir='ltr'>pie</span> <span class='ocrx_word' id='word_1_296' title='bbox 325 2668 472 2730; x_wconf 88' lang='lat' dir='ltr'>simplicitatis</span> <span class='ocrx_word' id='word_1_297' title='bbox 494 2667 621 2729; x_wconf 87' lang='lat' dir='ltr'>ymaginem</span> <span class='ocrx_word' id='word_1_298' title='bbox 640 2678 708 2729; x_wconf 88' lang='lat' dir='ltr'>gerat,</span> <span class='ocrx_word' id='word_1_299' title='bbox 729 2678 847 2731; x_wconf 85' lang='lat' dir='ltr'>teneatque</span> <span class='ocrx_word' id='word_1_300' title='bbox 866 2671 910 2716; x_wconf 92' lang='lat' dir='ltr'>vir-</span> 
     </span>
     <span class='ocr_line' id='line_1_40' title="bbox 144 2733 911 2796; baseline -0.003 -14"><span class='ocrx_word' id='word_1_301' title='bbox 144 2747 226 2782; x_wconf 87' lang='lat' dir='ltr'>tutem.</span> <span class='ocrx_word' id='word_1_302' title='bbox 259 2736 348 2789; x_wconf 88' lang='lat' dir='ltr'>Homo,</span> <span class='ocrx_word' id='word_1_303' title='bbox 360 2734 399 2796; x_wconf 90' lang='lat' dir='ltr'>qui</span> <span class='ocrx_word' id='word_1_304' title='bbox 412 2742 527 2777; x_wconf 81' lang='lat' dir='ltr'>execretur</span> <span class='ocrx_word' id='word_1_305' title='bbox 543 2733 660 2792; x_wconf 90' lang='lat' dir='ltr'>pecuniam</span> <span class='ocrx_word' id='word_1_306' title='bbox 676 2741 751 2777; x_wconf 90' lang='lat' dir='ltr'>nostre</span> <span class='ocrx_word' id='word_1_307' title='bbox 767 2733 911 2793; x_wconf 86' lang='lat' dir='ltr'>professionis</span> 
     </span>
     <span class='ocr_line' id='line_1_41' title="bbox 144 2794 911 2863; baseline -0.003 -16"><span class='ocrx_word' id='word_1_308' title='bbox 144 2812 167 2847; x_wconf 90' lang='lat' dir='ltr'>et</span> <span class='ocrx_word' id='word_1_309' title='bbox 195 2799 336 2863; x_wconf 85' lang='lat' dir='ltr'>perfectionis</span> <span class='ocrx_word' id='word_1_310' title='bbox 360 2795 490 2857; x_wconf 83' lang='lat' dir='ltr'>precipuam</span> <span class='ocrx_word' id='word_1_311' title='bbox 514 2794 671 2856; x_wconf 89' lang='lat' dir='ltr'>corruptelam,</span> <span class='ocrx_word' id='word_1_312' title='bbox 696 2795 781 2858; x_wconf 93' lang='lat' dir='ltr'>quique</span> <span class='ocrx_word' id='word_1_313' title='bbox 808 2798 911 2860; x_wconf 89' lang='lat' dir='ltr'>pauperis</span> 
     </span>
    </p>
   </div>
   <div class='ocr_carea' id='block_1_5' title="bbox 0 0 964 3169">
    <p class='ocr_par' dir='ltr' id='par_1_9' title="bbox 0 0 964 3169">
     <span class='ocr_line' id='line_1_42' title="bbox 0 0 964 3169; baseline 0 0"><span class='ocrx_word' id='word_1_314' title='bbox 0 0 964 3169; x_wconf 95' lang='lat' dir='ltr'> </span> 
     </span>
    </p>
   </div>
  </div>
 </body>
</html>
