1919 3169
324 84 503 131 MIRACULA
749 99 791 148 157

31 182 115 245 precisa
134 182 223 242 penitus
242 181 364 227 videretur.
397 184 438 228 Vir
457 184 558 246 quidam,
578 184 673 227 Marcus
695 183 792 239 nomine,

31 249 106 307 ipsum
128 255 221 307 propter
244 246 319 291 Deum
342 248 438 308 suscepit
459 248 564 310 hospitio.
608 246 657 298 Qui
679 263 731 291 eum
752 246 793 291 sibi

31 308 160 356 benefacere
186 324 286 367 cernens,
314 310 372 371 cepit
399 327 450 357 cum
477 312 525 373 ipso
552 311 655 357 assiduus
676 310 793 355 demorari.

32 375 107 420 Nocte
129 372 226 436 quadam
248 373 350 436 predicto
371 374 421 421 viro
442 392 493 422 curn
516 392 585 422 uxore
603 392 643 421 sua
662 385 754 419 cenante
772 385 794 420 et

32 448 117 485 astante
133 454 205 500 puero
221 455 297 483 coram
313 439 352 496 eiS,
370 440 427 486 dixit
444 442 523 487 uxori:
540 441 595 487 Hoc
611 438 793 503 ego'maximum

33 502 167 550 miraculum
185 513 319 564 reputarem,
338 504 356 548 si
374 504 452 551 beatus
470 507 600 552 Franciscus
617 504 671 550 huic
690 503 794 549 auditum

33 568 137 613 redderet
156 576 179 612 et
198 567 318 628 loquelam.
352 568 383 612 Et
402 569 499 614 adiecit:
515 570 595 615 Voveo
615 570 667 614 Deo
686 567 755 630 quod,
776 567 794 610 si

33 633 75 679 hoc
86 640 175 678 sanctus
192 631 322 679 Franciscus
338 631 467 695 dignabitur
483 634 576 695 operari,
588 644 679 696 propter
695 648 793 679 amorem

33 713 101 744 suurn
112 696 165 742 huic
177 713 247 757 puero
264 714 370 759 expensas
386 698 505 756 conferam,
517 699 588 745 donee
601 699 669 745 vivet.
705 698 794 743 Mirum

34 771 99 807 certe.
132 760 211 806 Subito
227 762 305 823 lingua
324 763 393 807 crevit
412 773 435 808 et
453 764 541 808 locutus
559 773 598 818 est,
620 764 710 808 dicens:
731 762 795 807 Vivit

35 835 124 872 sanctus
133 825 272 881 Franciscus,
282 843 349 888 quem
357 828 458 889 superius
467 837 563 873 stantem
572 827 638 873 video
649 837 671 872 et
682 826 795 889 loquelam

35 891 89 937 mihi
101 889 192 952 prebuit
208 900 231 936 et
248 891 357 938 auditum.
391 892 456 944 Quid
472 908 525 955 ergo
542 894 586 938 iam
602 892 688 955 populo
705 890 795 938 dicam?

35 955 153 1002 Nutritius
180 956 228 1001 eius
255 956 384 1017 respondit:
413 957 525 1002 Laudabit
551 958 628 1005 Deum
652 967 674 1002 et
701 956 796 1002 salvabit

36 1020 137 1066 homines
152 1020 245 1066 multos.
279 1021 393 1066 Homines
410 1032 468 1066 terre
484 1022 550 1078 illius,
562 1023 601 1083 qui
618 1039 669 1067 eum
687 1030 796 1067 noverant

36 1083 116 1147 prim0,
129 1083 283 1128 ammiratione
294 1084 390 1129 maxima
400 1096 453 1130 sunt
464 1085 550 1148 repleti.

84 1148 662 1213 MulierquedaminApuliepartibusdiuloquelam
670 1149 797 1211 perdiderat

36 1225 58 1260 et
65 1214 216 1276 respirationis
223 1214 290 1260 libere
298 1212 433 1261 facultatem.
456 1215 507 1271 Cui,
514 1232 566 1261 cum
573 1217 600 1261 de
607 1225 671 1261 nocte
679 1215 795 1268 dormiret,

37 1279 139 1340 apparuit
156 1279 229 1340 Virgo
247 1279 329 1334 Maria,
340 1279 430 1325 dicens:
451 1280 473 1324 Si
490 1279 524 1324 vis
542 1280 589 1324 lieri
607 1296 665 1336 sana,
684 1295 751 1340 perge
769 1278 796 1323 ad

36 1342 149 1388 ecclesiam
167 1343 237 1387 sancti
256 1343 365 1388 Francisci
383 1344 443 1405 apud
460 1344 593 1398 Venusium,
612 1353 634 1388 et
651 1342 682 1387 ibi
699 1352 797 1404 optatam

37 1409 127 1469 recipies
140 1408 261 1454 sanitatem.
296 1408 396 1453 Surrexit
413 1408 509 1463 mulier;
526 1419 548 1453 et
560 1424 611 1453 eum
629 1409 735 1469 respirare
751 1418 842 1454 nonFol.
852 1417 891 1465 ogr

37 1483 112 1534 posset
132 1490 172 1517 nec
190 1472 261 1535 loqui,
281 1472 410 1534 parentibus
428 1472 535 1518 innuebat
554 1473 611 1518 velle
630 1489 652 1517 se
671 1472 796 1518 Venusium

38 1553 164 1598 properare.
203 1539 324 1582 Assensere
343 1548 445 1597 parentes
463 1547 486 1582 et
505 1554 556 1582 curn
576 1554 600 1581 ea
618 1538 753 1597 gradiuntur
770 1537 798 1582 ad

38 1602 119 1647 locum.
154 1601 241 1646 Intrans
263 1612 337 1646 autem
359 1601 439 1646 mulier
458 1599 571 1646 ecclesiam
590 1601 659 1646 sancti
679 1600 796 1655 Francisci,

39 1666 94 1712 dum
116 1666 183 1728 pleno
205 1665 272 1712 corde
294 1665 399 1728 suffragia
425 1666 504 1728 poscit,
526 1665 609 1722 statim,
632 1682 702 1712 massa
729 1665 799 1711 carnis

37 1732 143 1788 evomita,
160 1733 246 1776 cunctis
263 1732 403 1776 cernentibus
419 1732 511 1776 mirifice
526 1730 640 1776 liberatur.

87 1796 114 1839 ln
133 1796 228 1840 Aretina
247 1795 331 1839 diocesi
350 1795 432 1839 mulier
451 1795 547 1856 quedam
567 1810 606 1855 per
625 1804 711 1855 septem
730 1810 799 1837 annos

39 1869 101 1905 muta
111 1860 213 1915 existens,
223 1859 334 1904 continuis
345 1858 459 1904 desideriis
468 1858 553 1904 divinas
564 1858 717 1920 interpellabat
728 1873 798 1915 aures,

39 1934 64 1971 ut
77 1925 96 1971 ei
108 1926 171 1972 Deus
183 1924 282 1987 linguam
293 1926 404 1972 resolvere
414 1925 551 1987 dignaretur.
579 1924 611 1970 Et
619 1941 669 1970 ecce
677 1924 798 1971 dormienti

40 1989 80 2035 sibi
97 1991 144 2038 duo
161 1990 240 2036 fratres
256 1989 324 2036 rubra
341 2000 401 2035 veste
418 1989 548 2035 circumdati
567 1989 686 2034 astiterunt
696 1999 719 2034 et
735 1999 761 2034 ut
777 2005 799 2033 se

39 2064 115 2099 sancto
135 2055 253 2099 Francisco
272 2064 371 2108 voveret,
392 2054 488 2098 dulciter
506 2062 650 2097 monuerunt.
691 2053 798 2113 Quorum

41 2118 131 2163 monitis
142 2117 237 2163 libenter
249 2116 409 2179 obtemperans,
423 2116 489 2162 corde
500 2117 570 2173 vovit,
582 2117 633 2178 quia
646 2115 709 2177 loqui
720 2116 799 2178 nequi-

41 2182 85 2241 bat,
97 2200 195 2247 moxque
206 2182 300 2228 excitata
311 2182 378 2228 simul
389 2181 465 2245 vigilie
476 2181 579 2227 redditur
590 2192 612 2226 et
623 2180 719 2243 loquele.

73 2249 173 2295 Iudicem
191 2248 311 2311 quendam,
329 2248 419 2293 nomine
436 2247 597 2302 Alexandrum,
615 2245 672 2292 beati
690 2247 800 2292 Francisci

42 2312 153 2357 miraculis
165 2313 319 2357 detrahentem
335 2328 374 2372 per
390 2328 428 2356 sex
444 2327 513 2355 annos
524 2321 546 2354 et
557 2310 652 2370 amplius
663 2311 801 2355 mirabantur

41 2375 142 2421 homines
152 2376 242 2439 loquela
252 2376 371 2438 privatum.
405 2375 454 2426 Qui
466 2391 517 2420 cum
529 2375 552 2419 in
563 2390 590 2418 eo
601 2374 662 2436 quod
674 2384 801 2435 peccaverat

42 2450 193 2505 torqueretur,
215 2441 258 2489 alta
279 2439 410 2504 penitudine
432 2450 557 2496 revocatus,
576 2438 665 2486 dolebat
683 2456 706 2485 se
725 2450 802 2486 contra

42 2508 110 2553 sancti
127 2507 233 2553 miracula
247 2508 372 2552 delatrasse.
405 2507 482 2568 ltaque
498 2521 543 2550 non
560 2504 657 2566 perstitit
676 2505 801 2568 indignatio

41 2573 117 2626 sancti,
130 2573 169 2618 sed
180 2573 319 2632 penitentem
336 2587 359 2615 ac
371 2587 393 2614 se
409 2570 526 2615 humiliter
538 2569 688 2624 invocantem,
699 2570 802 2614 restituta

42 2634 137 2697 loquela,
149 2636 232 2697 recepit
250 2636 277 2680 ad
295 2635 395 2697 gratiam.
428 2633 465 2678 Ex
482 2644 536 2678 tunc
553 2631 654 2694 linguam
672 2631 801 2677 blasfemam

37 2697 100 2745 beati
111 2701 180 2763 patris
190 2699 292 2747 laudibus
301 2698 446 2755 consecravit,
457 2698 524 2761 longe
535 2697 638 2743 devotior
649 2696 750 2743 redditus
761 2714 801 2759 per

43 2763 163 2828 flagellum.

91 2831 152 2881 Quia
162 2831 190 2874 de
202 2830 310 2874 blasfemo
320 2828 413 2872 fecimus
427 2827 573 2880 mentionem,
584 2827 680 2871 occurrit
691 2826 799 2887 quiddam
