1919 3169
124 107 166 164 136
306 105 502 153 TRACTATUS
523 107 697 154 SECUNDUS

171 205 351 261 Bartholomeus‚
369 204 523 251 Gaietanus'
506 206 568 263 civis,
583 222 635 252 cum
652 207 680 252 ad
697 207 886 253 constructionem

122 269 241 316 cuiusdam
252 269 340 316 ecclesie
351 268 410 314 beati
423 269 503 315 Franci
505 269 536 314 sci
547 269 644 315 nimium
655 269 773 316 desudaret
783 282 805 315 et
816 286 887 333 quan-

122 334 174 378 dam
185 334 270 379 trabem
288 329 354 379 vellet
370 333 439 378 edifit'
424 343 456 377 tro
473 334 588 394 applicare,
600 349 646 378 non
662 334 717 380 bene
734 335 804 380 locata
814 334 887 380 trabes

122 399 203 446 cecidit
213 410 236 445 et
247 398 356 445 cervicem
367 399 414 443 eius
425 397 524 460 graviter
540 400 699 507 conquassavit
734 399 814 445 Nimio
825 415 885 445 nam-

123 480 168 525 que
179 479 259 509 eruore
270 472 381 521 manante,
389 463 452 509 tenui
464 463 545 524 spiritu
556 463 674 525 palpitans,
685 481 697 509 a
708 464 808 526 quodam
819 463 887 520 fratre

123 528 239 573 viaticum
247 527 379 588 postulavit.
413 527 485 578 Quod
496 527 564 571 frater
581 528 681 572 invenire
692 545 719 572 ex
734 529 832 572 instanti⁴
841 542 887 571 non

123 592 207 648 valens,
218 593 270 654 quia
281 592 338 637 mori
350 590 425 636 subito
438 591 575 647 credebatur,
587 591 645 637 beati
656 592 780 654 Augustini
791 590 886 639 verbum

123 656 155 702 illi
167 657 263 719 protulit
279 656 369 704 dicens:
388 654 462 702 Crede
478 666 501 702 et
517 655 662 703 manducasti.
697 657 804 720 Sequenti
819 656 887 719 igitur

124 733 190 768 nocte
207 721 285 768 beatus
302 721 434 768 Franciscus
455 737 507 766 eum
526 738 549 767 x1
567 720 673 768 fratribus
689 722 722 768 illi
741 721 843 784 apparuit
865 732 887 768 et

124 786 182 832 inter
189 785 257 832 ubera
265 797 355 847 portans
366 784 503 847 agniculum,
512 786 539 830 ad
547 786 631 831 lectum
642 787 690 832 eius
701 787 790 832 accessit
799 804 805 844 3
822 802 888 830 voca·

124 850 202 914 vitque
218 868 271 896 eum
287 867 314 895 ex
331 850 429 904 nomine,
440 849 531 894 dicens:
549 850 604 895 Noli
621 851 708 905 timere,
723 851 887 906 Bartholomee‚

124 931 170 961 non
181 916 303 977 prevalebit
316 916 434 961 adversum
445 925 466 960 te
478 914 588 972 inimicus,
599 915 639 978 qui
651 926 673 962 te
684 932 725 978 pro
736 933 787 962 meo
797 915 888 962 servitio

124 981 198 1026 voluit
214 981 329 1043 impedire,
347 980 400 1042 quia
416 995 466 1025 ecce
482 996 548 1026 sanus
567 997 667 1043 exurges.
701 980 750 1026 Hic
766 990 800 1026 est
815 997 887 1043 agnus

126 1060 194 1106 quem
205 1044 246 1090 tibi
257 1045 306 1090 dari
322 1043 419 1105 petebas,
430 1059 498 1105 quem
509 1053 531 1088 et
542 1054 634 1106 propter
650 1045 736 1089 bonurn
753 1046 887 1090 desiderium

126 1109 248 1169 suscepisti.
281 1108 343 1155 Nam
353 1118 376 1153 et
387 1106 454 1153 frater
465 1107 520 1153 utile
531 1109 650 1154 consilium
661 1109 702 1154 tibi
713 1109 781 1156 dedit.
816 1109 846 1154 Et
857 1110 888 1154 sic

125 1189 165 1235 per
175 1173 267 1219 vulnera
279 1189 371 1219 manum
382 1172 473 1229 ducens,
481 1172 508 1219 ad
517 1188 574 1234 opus
585 1172 648 1235 quod
657 1182 744 1236 ceperat
752 1189 805 1220 eum
815 1173 888 1219 redire

126 1239 230 1302 precepit.
272 1238 319 1300 Qui
341 1237 406 1284 valde
425 1254 491 1283 mane
511 1254 648 1300 consurgens
667 1249 689 1284 et
710 1238 752 1284 hiis
774 1238 814 1301 qui
836 1255 887 1284 eum

126 1304 259 1348 seminecem
270 1304 407 1363 reliquerant
421 1303 540 1347 incolumis
551 1313 573 1347 et
584 1319 650 1348 sanus
660 1320 775 1363 apparens,
785 1304 886 1349 ammira-

125 1366 210 1412 tionem
221 1366 297 1413 intulit
307 1376 330 1412 et
341 1376 462 1428 stuporem.
496 1364 609 1412 Putabant
622 1382 698 1413 revera
709 1383 787 1413 omnes
798 1377 888 1429 propter

125 1432 258 1495 insperatam
280 1431 374 1478 salutem
396 1429 505 1477 fantasma
532 1431 608 1478 videre
630 1448 675 1478 non
697 1430 820 1489 hominem,
842 1449 886 1479 non

126 1514 214 1543 carnem
236 1498 274 1543 sed
297 1496 401 1558 spiritum
423 1496 514 1542 intueri.
557 1495 644 1542 Verum
661 1495 714 1559 quia
735 1497 762 1542 de
782 1509 888 1544 vconstru-

126 1561 189 1607 endis
208 1560 298 1607 edifitiis
317 1560 344 1607 ad
363 1560 433 1607 sancti
452 1560 519 1606 huius
538 1561 647 1606 honorem
666 1562 752 1607 mentio
771 1560 829 1607 facta
847 1572 887 1619 est,

36 1633 75 1672 Fol.
86 1637 199 1682 55¹⁰unum
210 1641 293 1687 ponere
303 1625 339 1671 hic
350 1625 484 1671 miraculum
495 1624 548 1670 satis
559 1624 659 1670 mirabile
670 1627 765 1686 dignum
776 1626 837 1672 duxi.
859 1662 863 1683 3

175 1689 235 1737 Cum
250 1690 297 1736 duo
312 1688 340 1734 de
354 1688 480 1734 minoribus
496 1687 602 1735 fratribus
617 1690 716 1753 quodam
732 1699 831 1764 tempore
846 1705 888 1752 pro

125 1753 253 1801 fabricanda
263 1754 370 1800 ecelesia
364 1771 387 1799 m
398 1754 484 1799 honore
500 1755 569 1799 sancti
580 1755 649 1817 patris
661 1755 786 1801 Francisci
782 1771 805 1801 11
817 1766 888 1802 castro

125 1819 263 1884 Prescriptii,
281 1819 381 1880 dyocesis
398 1818 520 1880 Sipondne,
539 1818 693 1882 fatigationem
711 1836 757 1865 non
776 1820 887 1867 modicam

126 1894 303 1946 assumpsissent,
310 1897 350 1928 nec
356 1893 500 1944 suppeterent
508 1884 628 1929 necessaria
636 1900 678 1945 pro
686 1884 770 1929 edifitio
778 1883 887 1941 faciendo,

128 1961 192 1994 nocte
214 1949 311 2012 quadam
333 1965 386 1993 cum
408 1946 436 1993 ad
457 1946 581 1993 reddendas
609 1946 684 1994 laudes
706 1948 852 1994 surrexissent
875 1966 887 1994 a

127 2028 229 2075 sompno,
241 2013 369 2060 cadentium
377 2013 478 2073 lapidum
487 2029 568 2058 sonum
577 2023 645 2074 atque
653 2011 799 2059 collusionem
810 2013 887 2060 audire

127 2087 242 2139 ceperunt.
274 2078 369 2124 Etcum
381 2093 404 2122 se
415 2077 443 2123 ad
454 2078 550 2123 invicem
567 2076 710 2126 hortarentur
722 2088 748 2123 ut
759 2079 887 2124 accederent

126 2142 153 2187 ad
170 2142 302 2196 videndum,
316 2151 422 2187 exeuntes
438 2140 504 2198 foras,
521 2151 615 2187 cernunt
631 2142 750 2188 hominum
767 2143 885 2188 maximam

125 2215 232 2264 turmam,
250 2206 289 2270 qui
305 2205 406 2252 certatim
422 2204 507 2267 lapides
523 2205 694 2280 congregabant.
728 2204 793 2250 Ibant
809 2223 886 2252 omnes

63 2273 66 2278 ⁴
125 2286 178 2317 cum
196 2271 285 2318 silentio
302 2281 325 2317 et
344 2270 445 2316 redibant
462 2270 560 2317 universi
577 2269 632 2317 albis
648 2269 749 2317 vestibus
766 2271 884 2321 candidati

125 2336 315 2384 Coadunatorum
328 2336 430 2398 lapidum
446 2352 527 2399 magna
544 2336 657 2399 congeries
673 2336 772 2382 ostendit
781 2353 829 2383 rem
841 2353 886 2383 non

123 2401 192 2446 fuisse
213 2401 361 2457 fantasticam,
383 2417 435 2446 cum
457 2417 529 2462 usque
551 2401 578 2446 ad
600 2402 798 2461 complementum>
814 2403 885 2463 operis

123 2465 304 2512 indefectibiliter
325 2464 485 2513 successissent.
520 2464 580 2510 Nam
599 2475 622 2510 et
640 2465 759 2511 hominum
778 2465 802 2510 in
822 2482 885 2512 carne

124 2531 201 2578 vivent
202 2532 250 2577 ium
263 2531 399 2593 patrantium
416 2530 467 2575 talia
485 2531 558 2576 omnis
568 2530 614 2577 fuit
624 2529 695 2577 ablata
707 2530 779 2591 suspit
781 2531 810 2588 10,
822 2548 884 2586 cum,

123 2596 224 2658 undique
241 2596 361 2659 diligenter
378 2595 471 2658 quesita
484 2594 581 2642 nullus
577 2606 684 2646 inventus
700 2593 769 2642 fuerit
782 2612 821 2659 qui
815 2596 885 2642 talia

122 2662 246 2722 'cogitasset

171 2724 242 2769 Filius
253 2722 371 2769 cuiusdam
383 2698 451 2767 nobil
437 2723 464 2767 hs
476 2723 499 2767 in
511 2732 584 2768 castro
593 2722 665 2768 Sancti
675 2694 801 2768 Geminiani
810 2723 885 2769 valido

121 2785 213 2852 langore
220 2788 331 2844 detentus
341 2803 403 2833 omni
396 2785 446 2833 itul
438 2786 505 2833 terius
513 2786 615 2862 desperat
606 2785 693 2834 ttasalu
685 2796 713 2844 te,
723 2787 796 2834 adt
759 2803 786 2833 ex
787 2797 884 2835 tremum

123 2870 195 2919 usque
206 2855 328 2918 perductus
340 2863 380 2903 est
414 2853 485 2901 Rivus
499 2852 613 2919 sanguinis
625 2851 657 2900 ab
674 2853 725 2903 ocul
727 2853 745 2901 is
762 2851 883 2911 emanabat,
