1919 3169
153 126 181 185 78
340 123 542 174 sancturus
560 126 734 180 sacunous

151 238 191 282 per
208 223 286 268 orbem
302 222 434 268 distantium
451 222 555 268 audiebat
573 222 689 284 magnalia.
722 222 812 270 Accidit
827 222 919 269 fratrem

152 286 279 348 quemdam,
294 283 412 331 barbarum
424 285 522 343 nomine,
534 302 609 332 coram
623 286 723 350 quodam
739 286 809 332 nobili
825 286 875 332 viro
892 287 920 332 de

151 350 227 397 Insula
239 350 301 414 Cipri
313 350 381 397 semel
397 351 420 397 in
433 350 527 398 fratrem
544 351 613 399 alium
624 352 720 400 verbum
737 352 815 399 iactare
831 350 918 408 iniuria,

150 416 189 478 qui
207 433 265 472 cum,
284 432 312 461 ex
330 414 392 462 verbi
409 416 516 462 conflictu
537 416 617 473 lesum,
635 416 799 479 aliquantulum
822 427 920 463 cerneret

150 480 250 537 fratrem,
261 480 347 530 asinino
358 490 455 526 stercore
471 492 567 543 sumpto,
582 482 605 527 in
618 481 701 528 suimet
718 497 821 528 accensus
832 481 919 528 vindic-

151 554 196 589 tam
208 545 241 590 ori
253 543 346 606 proprio
358 543 415 590 illud
429 546 589 591 conterendum
603 545 709 591 immictit
719 546 811 592 dicens:
831 547 919 591 Stercus

150 610 300 658 commasticet
311 607 389 670 lingua
399 626 443 672 que
454 608 477 656 in
489 608 581 657 fratrem
592 626 668 657 meum
679 609 793 656 iracundie
804 626 917 656 venenum

150 674 243 730 effudit„
278 673 395 735 Aspiciens
415 674 459 720 hoc
480 675 551 734 miles,
572 685 664 736 stupore
687 675 796 721 attonitus
820 676 918 721 nimium

150 739 289 794 hedificatus,
307 738 401 784 dicensit
418 750 440 785 et
458 755 485 783 ex
504 750 558 785 tunc
577 756 599 784 se
617 750 639 785 et
656 755 696 785 sua
712 739 806 785 liberare
823 738 919 785 fratrum

151 802 263 850 voluntati
290 802 399 864 exposuit.
445 801 500 847 Hoc
526 819 605 848 omnes
626 802 704 849 fratres
725 802 871 848 infallibiliter
892 819 920 848 ex

152 883 214 914 more
230 865 391 926 servabantur
404 865 484 930 siquis
499 883 577 914 eorum
593 867 656 915 alteri
673 867 768 914 verbum
784 867 921 931 quandoque

153 932 287 979 turbationis
300 931 399 990 inferret,
411 934 515 994 protinus
530 934 554 978 in
570 943 629 979 terra
644 944 768 995 prostratus
784 932 824 979 lesi
839 933 920 995 pedem

153 998 189 1044 vel
207 998 273 1046 inviti
292 995 362 1043 beatis
379 996 456 1043 oculus
473 997 615 1044 demulceret.
649 997 771 1043 Exultabat
789 1008 878 1043 sanctus
897 998 921 1043 in

153 1062 241 1120 talibus,
253 1079 304 1107 cum
315 1078 367 1107 suos
377 1061 435 1107 filios
450 1062 553 1108 audiebat
564 1080 591 1108 ex
601 1080 624 1108 se
635 1063 687 1123 ipsis
699 1061 800 1123 exempla
812 1062 921 1108 sanctitati

153 1128 255 1183 educere,
267 1126 458 1173 benedictionibus
475 1128 536 1173 omni
553 1127 680 1188 acceptione
696 1126 832 1188 dignissimis
843 1125 922 1173 fratres

153 1191 204 1238 illos
223 1189 370 1248 accumulans,
387 1190 427 1254 qui
446 1189 522 1247 verbo,
540 1191 577 1237 rel
593 1207 661 1254 opere
679 1191 707 1237 ad
727 1191 802 1237 christi
820 1208 920 1238 amorem

153 1257 285 1303 inducerent
296 1267 427 1318 peccatores.
454 1255 588 1302 Animarum
599 1255 656 1312 zelo,
664 1273 711 1319 quo
719 1255 817 1318 perfecte
825 1257 922 1320 repletus

155 1331 209 1378 erat,
220 1321 309 1366 volebat
320 1320 362 1364 sibi
373 1319 431 1365 filios
441 1336 494 1366 vera
504 1319 652 1366 similitudine
661 1321 801 1381 respondere.
843 1353 845 1357 -

44 1477 148 1520 [A-cxxxfl
194 1471 229 1514 De
241 1469 377 1523 quibusdam
390 1469 475 1512 malurn
490 1468 621 1521 exemplum
636 1468 744 1513 dantibus
757 1473 780 1513 et
794 1469 922 1513 maledictio

154 1525 272 1567 sanceias
285 1535 338 1576 eos;
355 1527 378 1566 et
391 1534 461 1575 quam
474 1523 574 1574 graviter
587 1523 630 1565 hoc
643 1522 736 1565 serebat.

200 1599 262 1689 Sic
272 1632 340 1677 etiarn
351 1631 390 1694 qui
402 1646 485 1676 sacram
495 1630 590 1677 violaret
602 1630 734 1693 religionem
749 1631 831 1693 iniquis
847 1630 921 1693 operi-

154 1696 202 1757 bus,
214 1697 250 1743 vel
263 1694 377 1759 exemplis,
388 1695 551 1741 maledictionis
564 1695 612 1741 eius
629 1696 781 1758 gravissimam
795 1694 921 1742 incurrebat

152 1763 292 1810 sententiam.
336 1762 397 1806 Nam
423 1776 476 1806 curn
497 1761 533 1807 die
559 1777 604 1806 una
625 1761 711 1807 dictum
732 1771 789 1807 esset
809 1761 837 1819 ei,
859 1760 921 1824 quod

154 1828 276 1874 Fundanus
286 1825 402 1888 episcopus
413 1825 505 1871 dixisset
515 1824 603 1871 duobus
613 1823 719 1872 fratribus
730 1825 836 1872 euntibus
846 1841 920 1872 coram

153 1907 187 1950 eo,
199 1893 239 1954 qui
252 1891 293 1937 sub
306 1890 378 1950 specie
388 1889 478 1935 maioris
490 1890 524 1933 sui
536 1899 683 1950 contemptus,
696 1890 786 1935 barbam
796 1890 921 1952 longiorem

154 1956 296 2003 nutriebant:
318 1953 401 2000 Cavete
417 1971 445 2000 ne
462 1952 576 2017 religionis
593 1953 736 2017 pulchritudo
754 1954 921 2017 presumptione

153 2024 281 2069 novitatum
300 2019 453 2066 huiuscemodi
470 2019 620 2081 deturpetur,
642 2019 738 2066 surrexit
759 2030 847 2066 sanctus
869 2036 920 2065 con-

152 2087 217 2132 tinuo
233 2097 256 2131 et
274 2084 302 2131 ad
318 2083 390 2129 celum
407 2083 519 2145 protensis
534 2083 644 2139 manibus,
656 2083 759 2145 lacrymis
775 2083 887 2146 perfusus,
898 2085 921 2129 in

154 2150 283 2197 huiusmodi
295 2147 402 2194 orationis
413 2146 487 2203 verba,
496 2146 531 2194 vel
538 2147 613 2210 potius
626 2147 796 2209 imprecationis
811 2148 919 2209 erumpit:

153 2216 252 2262 Domine
266 2216 317 2261 lesu
332 2214 419 2270 christe,
431 2214 470 2275 qui
487 2214 617 2260 duodenum
632 2211 786 2276 apostolorum
801 2230 920 2258 numerum

153 2281 248 2345 elegisti,
269 2280 297 2326 de
322 2294 368 2341 quo
391 2276 443 2324 licet
466 2294 512 2325 uno
534 2279 633 2334 cadente,
656 2278 722 2323 ceteri
744 2287 819 2324 tamen
841 2278 921 2324 adher-

153 2357 214 2392 entes
231 2344 272 2391 tibi
289 2353 391 2389 sanctum
406 2341 546 2404 evangelium
562 2360 609 2388 uno
625 2343 707 2404 spiritu
723 2343 873 2404 predicarunt,
886 2353 918 2399 tu,

154 2410 252 2465 domine,
264 2409 287 2454 in
303 2407 343 2451 hac
357 2406 412 2451 hora
428 2406 549 2452 novissima
564 2406 655 2467 antique
671 2406 779 2451 memorie
795 2422 921 2451 memorans

153 2472 250 2522 fratrum
272 2470 377 2535 plantasti
398 2469 529 2533 religionem
546 2469 570 2515 in
591 2478 630 2516 tue
649 2469 700 2516 fidei
719 2468 877 2517 fulcimentum
898 2480 921 2517 et

90 2555 93 2558 ’
154 2551 180 2586 ut
202 2537 311 2602 evangelii
333 2535 367 2582 tui
388 2550 427 2597 per
448 2552 486 2582 eos
507 2535 657 2581 ministerium
678 2536 816 2597 impleretur.
860 2537 920 2588 Quis

154 2621 209 2666 ergo
235 2620 278 2665 pro
303 2600 357 2662 ipsis
383 2616 456 2646 coram
483 2610 505 2646 te
531 2598 655 2657 satisfaciet,
677 2600 695 2645 si
717 2600 746 2646 ad
769 2600 832 2663 quod
859 2600 920 2647 missi

154 2679 215 2726 sunt,
235 2684 281 2713 non
302 2664 375 2711 solum
397 2662 501 2710 omnibus
521 2664 577 2710 lucis
599 2665 700 2726 exempla
722 2680 767 2710 non
788 2674 920 2723 monstrent,

155 2734 194 2781 sed
208 2733 284 2795 potius
298 2728 402 2777 ostendat
418 2744 485 2790 opera
504 2728 663 2776 tenebrarum?
695 2729 718 2775 A
737 2739 766 2784 te,
784 2729 921 2776 sanctissime

155 2799 246 2847 domine
262 2808 284 2844 et
301 2813 314 2842 a
330 2804 379 2842 tota
397 2793 472 2840 celesti
488 2794 549 2840 curia
566 2804 589 2841 et
608 2812 621 2841 a
637 2811 680 2851 me,
698 2795 794 2857 parvulo
810 2804 858 2851 tuo,
874 2795 920 2842 sint

154 2864 266 2910 maledicti
285 2861 324 2923 qui
343 2877 385 2906 suo
407 2859 466 2906 malo
486 2861 589 2920 exemplo
610 2858 738 2907 confudunt
758 2870 781 2906 et
801 2860 920 2908 destruunt
