1919 3169
139 67 167 123 98
356 62 517 108 LEGENon
534 63 687 123 anatona

71 225 134 265 [CC-V]
183 190 308 272 Volebat
315 221 333 265 si
340 220 425 267 virtute
434 222 528 284 negleta,
539 223 629 267 seientia
637 231 776 284 quereretur,
787 222 905 283 presertim

138 285 156 331 si
168 301 214 331 non
225 285 248 330 in
260 300 284 330 ea
295 284 410 330 vocatione
427 286 522 348 quisque
539 285 672 347 persisteret,
683 286 707 330 in
724 302 769 348 qua
785 295 877 331 vocatus
894 303 906 329 a

138 349 248 413 principio
266 348 341 396 fuerit.
374 348 470 405 Fratres,
487 350 525 407 ait,
543 350 594 406 mei,
612 351 652 413 qui
668 349 759 397 scientie
779 350 906 398 curiositate

138 416 262 472 ducuntur,
285 415 309 460 in
330 414 366 460 die
390 415 545 462 retributionis
571 432 650 461 manus
677 416 792 461 invenient
819 432 904 462 vacuas.

138 479 226 523 Vellem
247 494 285 522 eos
306 477 378 538 magis
398 478 499 524 roborari
520 479 652 535 virtutibus,
674 490 707 534 ut,
729 496 782 525 cum
804 489 906 540 tempora

138 540 289 589 tribulationis
300 542 410 599 venirent,
421 559 498 588 secum
513 542 619 588 haberent
630 542 653 587 in
664 543 767 607 angustia
777 543 905 588 dominum.

139 607 200 653 Nam
211 618 233 653 et
244 616 340 652 ventura
350 616 391 662 est,
403 606 492 670 inquid,
503 607 626 664 tribulatio,
636 624 681 670 qua
691 607 742 653 libri
758 608 786 653 ad
797 608 906 654 nichilum

140 671 205 717 utiles
216 672 239 716 in
250 670 352 716 fenestris
362 671 515 732 prohiciantur
526 683 549 717 et
559 671 656 717 latebris.
688 672 744 718 Non
758 672 801 718 hoc
812 671 906 727 dicebat,

139 734 202 797 quod
213 734 322 795 scripture
335 735 410 779 studia
420 735 571 796 displicerent,
583 736 621 782 sed
632 753 680 798 quo
695 752 708 781 a
724 736 838 796 superflua
854 752 907 782 cura

139 799 238 845 discendi
249 799 366 844 universos
376 798 498 844 retraheret
508 809 530 845 et
541 815 643 862 quosque
652 799 723 861 magis
731 800 820 844 caritate
828 799 906 856 bonos,

140 879 209 927 quam
220 862 349 908 curiositate
359 862 441 909 sciolos
451 879 498 908 esse
508 863 582 910 vellet.

188 927 368 974 Preodorabatur
389 927 456 974 etiam
477 939 581 992 tempora
604 945 650 975 non
674 928 741 991 longe
762 939 863 986 ventura,
883 927 906 973 in

140 993 224 1054 quibus
235 992 371 1038 occasionem
388 993 453 1039 ruine
467 992 515 1039 fore
531 994 646 1039 scientiam
662 993 734 1050 sciret,
744 993 837 1054 spiritus
854 1009 908 1038 vero

141 1055 299 1104 fulcimentum
318 1056 471 1119 spiritualibus
489 1057 617 1105 intendisse.
651 1058 725 1103 Fratri
742 1059 805 1119 layco
823 1057 908 1104 volenti

142 1122 220 1166 habere
231 1121 362 1181 psalterium
373 1132 395 1166 et
405 1122 432 1165 ab
443 1138 470 1166 eo
486 1122 598 1167 licentiam
615 1121 738 1183 postulanti
754 1122 850 1167 cinerem
867 1138 908 1181 pro

142 1186 246 1248 psalterio
262 1183 351 1231 obtulit.
386 1185 517 1236 Quemdam
534 1185 646 1231 sotiorum
664 1184 851 1246 predicationibus
868 1184 909 1230 ali—

142 1250 234 1312 quando
257 1249 411 1296 intendentem
438 1260 489 1312 post
516 1260 612 1296 mortem
639 1250 663 1295 in
689 1248 776 1297 visione
802 1265 909 1311 apparens

142 1312 267 1375 prohibuit,
286 1313 346 1359 viam
367 1314 515 1375 simplicitatis
535 1315 637 1361 incedere
658 1314 729 1360 iussit.
770 1314 846 1360 Testis
867 1313 908 1359 sibi

143 1387 176 1423 est
192 1379 255 1431 deus
272 1387 357 1422 tantam
377 1388 428 1438 post
445 1378 555 1423 visionem
574 1379 630 1422 hane
649 1379 742 1422 sensisse
759 1378 909 1433 dulcedinem,

144 1451 170 1487 ut
182 1439 285 1504 pluribus
295 1440 374 1486 diebus
385 1440 501 1487 rorificum
513 1442 581 1502 patris
591 1440 716 1503 alloquium
733 1441 778 1488 suis
794 1441 909 1487 videretur

145 1506 237 1552 auribus
247 1505 532 1566 presentialiterinstillare.

307 1650 342 1690 De
355 1648 492 1699 specialibus
505 1648 663 1691 devotionibus
676 1651 750 1691 sancti

98 1776 144 1816 [oo]
196 1732 329 1825 speciales
350 1763 482 1810 devotiones
502 1763 571 1809 sancti
593 1762 705 1808 Francisci
729 1760 834 1809 brevibus
860 1778 912 1823 per-

149 1831 248 1885 transire,
271 1827 371 1875 fortassis
392 1844 432 1873 nec
453 1826 540 1884 inutile,
562 1844 602 1872 nec
626 1827 746 1889 indignum
768 1827 817 1873 erit.
850 1827 911 1872 Cum

149 1897 209 1941 enim
225 1895 261 1941 vir
278 1893 319 1939 iste
336 1893 434 1939 devotus
450 1902 507 1937 esset
523 1893 547 1937 in
564 1891 675 1947 omnibus,
695 1901 775 1953 utpote
792 1892 832 1953 qui
850 1890 912 1937 frue-

149 1961 215 2005 batur
233 1958 326 2019 spiritus
345 1957 458 2011 unctione,
477 1956 564 2017 speciali
583 1966 658 2002 tamen
677 1955 759 2002 affectu
778 1955 911 2002 movebatur

150 2024 206 2070 circa
216 2021 318 2084 specialia
332 2020 436 2083 quedam.
469 2020 530 2066 luter
547 2020 588 2065 alia
606 2019 680 2078 verba,
698 2036 798 2083 quorum
816 2035 870 2065 usus
887 2019 911 2064 in

149 2087 264 2136 communi
274 2102 383 2141 sermone,
396 2100 494 2130 amorem
506 2084 542 2130 dei
553 2101 598 2130 non
609 2084 656 2130 sine
667 2085 764 2147 quadam
782 2085 816 2130 sui
828 2085 912 2129 immu—

149 2154 232 2201 tatione
242 2150 331 2199 valebat
345 2150 438 2206 audire3
455 2149 532 2197 subito
549 2167 647 2212 namque
664 2148 692 2196 ad
710 2149 814 2196 auditum
832 2148 913 2195 amoris

149 2220 194 2264 Dei
212 2216 357 2271 excitabatur,
376 2214 519 2268 afficiebatur,
537 2214 726 2270 inflammabatur,
745 2215 807 2276 quasi
827 2214 913 2275 plectro

148 2283 211 2330 vocis
229 2281 351 2327 extrinsece
370 2280 438 2324 corda
457 2278 530 2323 cordis
548 2277 641 2323 interior
658 2289 794 2340 tangeretur.
833 2277 913 2322 Talem

148 2364 191 2408 pro
215 2342 377 2405 heleemosynis
398 2358 489 2389 censum
511 2342 590 2389 offerre
612 2342 710 2388 nobilem
732 2340 913 2405 prodigalitatem

149 2411 237 2457 dicebat
269 2420 291 2455 et
327 2423 373 2464 eos,
406 2407 446 2470 qui
479 2408 554 2453 minus
589 2408 671 2467 ipsum,
707 2423 775 2468 quam
811 2406 913 2451 denarios

149 2483 287 2538 reputarent,
318 2489 365 2518 esse
394 2471 544 2518 stultissimos.
594 2471 645 2533 lpse
677 2486 731 2517 vero
763 2470 912 2533 propositum,

149 2541 212 2603 quod
240 2538 361 2584 mundanis
387 2536 460 2581 adhuc
488 2535 606 2581 immixtus
633 2535 716 2581 fecerat
738 2537 765 2580 de
787 2551 833 2579 non
860 2535 913 2579 faci—

150 2605 209 2651 endo
229 2603 342 2665 repulsam
364 2599 405 2646 ulli
423 2600 515 2662 pauperi
533 2600 618 2661 petenti
640 2608 732 2660 propter
750 2615 850 2644 amorem
869 2599 913 2655 dei,

71 2683 110 2721 Fol.
121 2695 143 2733 91
151 2685 223 2732 usque
244 2668 272 2715 ad
294 2676 393 2713 mortem
414 2663 561 2711 infallibiliter
580 2663 712 2712 observavit.
747 2664 807 2710 Nam
829 2664 915 2726 petenti

150 2734 219 2780 semel
230 2732 322 2794 pauperi
333 2740 425 2793 propter
438 2746 537 2775 amorem
549 2730 592 2786 dei,
605 2746 657 2775 cum
675 2729 721 2790 ipse
738 2729 806 2775 nichil
816 2728 914 2785 haberet,

150 2796 265 2845 forficibus
294 2794 396 2841 clanculo
430 2794 533 2856 sumptis,
561 2792 685 2840 tuniculam
713 2792 790 2855 partiri
817 2792 914 2839 festinat.
