1919 3169
275 113 435 160 LEGENDA
452 113 606 174 ANTIQUA
787 131 829 177 103

66 227 119 256 cum
135 211 196 270 apud
213 221 314 256 sanctum
331 210 469 255 Damianum
485 209 567 254 faceret
586 225 680 263 moram,
697 220 724 255 ut
743 210 831 256 filiabus

66 283 201 336 proponeret
211 273 307 319 verbum
318 272 354 318 dei
365 272 434 334 ipsius
445 272 536 317 tandem
547 272 653 316 instantia
663 272 766 318 devictus
776 289 831 318 con-

65 339 136 383 cessit.
170 338 318 401 Congregatis
329 346 404 383 autem
416 337 549 383 dominabus
567 353 593 382 ex
608 353 677 393 more,
690 347 716 383 ut
734 337 829 385 verbum

65 402 101 448 dei
113 403 223 457 audirent,
235 403 274 448 sed
285 418 331 447 non
343 402 417 447 minus
429 411 455 447 ut
472 413 558 463 patrem
575 401 683 457 viderent,
695 402 772 447 levatis
784 404 829 465 ipse

65 469 88 513 in
105 466 177 514 celum
194 468 271 523 oculis,
285 466 324 513 ubi
340 483 379 512 cor
391 482 477 528 semper
488 467 589 522 habebat,
601 467 629 513 ad
647 467 756 513 christum
771 469 829 530 cepit

65 546 135 576 orare.
168 532 271 576 Cinerem
283 531 376 590 proinde
387 529 427 575 sibi
445 530 526 575 deferri
543 531 612 585 iubet,
625 531 653 575 de
671 546 718 591 quo
734 532 791 576 circa
805 548 828 577 se

65 595 88 639 in
99 594 228 656 pavimento
239 593 348 638 circulum
360 592 419 649 fecit,
430 593 544 656 reliquum
555 609 622 655 super
632 595 750 656 proprium
762 604 829 657 caput

65 661 188 720 imponens.
229 658 405 720 Expectantibus
422 657 513 703 beatum
533 668 619 720 patrem
638 660 696 704 intra
715 660 827 706 cinereum

65 723 174 768 circulum
185 740 237 768 cum
245 725 334 769 silentio
342 724 505 784 persistentem,
514 734 594 783 stupor
602 724 625 769 in
637 739 713 769 earum
723 723 828 771 cordibus

64 804 109 832 non
121 803 203 849 parvus
213 787 322 832 oboritur.
356 788 431 849 Surgit
442 786 517 832 subito
528 796 617 833 sanctus
628 796 650 832 et
661 786 704 832 illis
714 789 827 844 amonius,

64 852 179 894 Misereris
190 853 234 894 mei
245 853 316 904 Deus,
327 853 405 894 recitat
416 867 457 911 pro
468 867 577 905 sermone,
590 867 636 912 quo
647 852 718 906 finito,
729 851 827 896 celeriter

63 913 123 959 foras
134 914 254 976 egreditur.
289 914 369 960 Huius
381 914 465 960 virtute
476 913 552 977 alludij
565 923 627 959 tanta
637 913 731 961 fuerunt
743 914 826 962 famule

63 979 107 1024 Dei
120 978 265 1025 contrictione
275 980 367 1041 replete,
379 989 405 1025 ut
415 979 564 1041 lacrymarum
580 979 700 1026 educentes
716 979 827 1041 profluvia

63 1045 101 1088 vix
112 1061 124 1088 a
134 1045 169 1089 sui
180 1045 278 1089 vindicta
289 1060 368 1090 manus
377 1045 477 1104 proprias
485 1045 632 1090 continerent.
661 1044 736 1105 Opere
747 1045 825 1091 docuit

63 1107 118 1163 illas,
130 1123 152 1151 se
164 1107 259 1151 cinerem
270 1118 379 1168 reputare,
393 1107 505 1168 nichilque
517 1107 579 1151 cordi
590 1108 637 1152 eius
650 1106 711 1152 aliud
722 1110 826 1169 approxi-

63 1187 123 1216 mare
139 1172 167 1217 de
184 1172 243 1233 ipsis,
255 1173 297 1218 nisi
314 1172 354 1219 hac
371 1172 512 1234 reputatione
530 1171 676 1235 condignum.
709 1171 762 1218 Hec
779 1184 825 1219 erat

63 1237 201 1282 conversatio
218 1238 266 1282 eius
283 1253 336 1282 curn
353 1237 442 1281 feminis
457 1238 545 1292 sanctis,
563 1237 603 1282 hec
621 1237 719 1282 visitatio
736 1237 825 1284 illarum

63 1299 172 1359 perutilis,
183 1311 258 1345 coacta
268 1310 344 1346 tamen
352 1312 375 1346 et
386 1316 440 1354 rara,
449 1299 490 1344 hec
498 1299 604 1346 voluntas
612 1299 659 1344 eius
667 1315 708 1359 pro
717 1298 825 1346 fratribus

62 1360 174 1418 omnibus,
182 1378 240 1425 quos
248 1364 279 1407 eis
285 1364 315 1408 ita
322 1380 364 1426 pro
375 1363 465 1418 christo,
474 1363 510 1407 cui
521 1362 622 1408 serviunt
633 1362 716 1408 servire
727 1363 824 1420 volebat,

60 1436 86 1472 ut
102 1442 190 1488 semper
207 1427 276 1474 velud
293 1428 396 1473 animalia
413 1437 509 1489 pennata
530 1428 622 1489 laqueos
643 1443 717 1472 coram
738 1430 824 1489 positos

60 1502 210 1553 precaverent.

221 1634 255 1675 De
268 1633 463 1676 commendatione
476 1634 555 1684 regule
568 1633 663 1675 fratrum

108 1721 282 1811 Clommunem
306 1753 466 1816 professionem
493 1763 516 1800 ct
542 1754 644 1815 regulam
671 1754 864 1804 ardentissimum]

60 1824 174 1871 zelabatur
196 1830 219 1865 et
240 1820 297 1874 illos,
320 1819 359 1880 qui
381 1819 438 1864 circa
465 1833 514 1863 eam
542 1819 626 1863 zelotes
654 1828 724 1874 erant,
746 1820 823 1881 singu-

60 1889 100 1933 lari
130 1884 285 1933 benedictione
319 1883 412 1928 dotavit.
462 1882 531 1926 Hanc
563 1882 623 1927 enim
656 1882 702 1927 suis
736 1882 822 1928 dicebat

60 1952 143 1997 librum
162 1951 216 2003 vite,
235 1963 298 2007 spem
317 1947 400 2001 salutis,
418 1946 540 1992 medullam
559 1946 675 2007 evangelii,
692 1947 751 1992 viam
771 1957 899 2007 per-Fol.95

60 2015 168 2072 fectionis,
179 2013 264 2061 clavem
275 2010 374 2073 paradisi,
384 2020 475 2072 pactum
483 2008 554 2056 eterni
565 2008 646 2056 federis
655 2008 723 2055 Hanc
731 2009 821 2057 volebat

61 2080 137 2127 haberi
148 2080 175 2126 ab
186 2077 298 2133 omnibus,
310 2076 370 2137 [sciri
381 2074 408 2120 ab
420 2074 533 2136 omnibus]
552 2084 573 2119 et
591 2075 675 2136 ubique
693 2076 715 2120 in
733 2075 822 2123 allevia-

60 2146 145 2190 tionem
161 2143 214 2204 tedij
228 2152 251 2187 et
267 2141 397 2186 memoriam
414 2140 501 2200 prestiti
517 2138 635 2186 iuramenti
651 2155 703 2185 cum
720 2139 821 2187 interiori

61 2209 151 2254 homine
161 2205 263 2253 fabulari.

108 2274 194 2319 Docuit
215 2287 264 2316 eam
285 2283 372 2329 semper
394 2268 416 2313 in
438 2266 638 2313 commonitionem
664 2268 750 2327 agende
776 2268 822 2315 vite

60 2348 149 2399 portare
159 2353 199 2400 pre
210 2334 287 2390 oculis,
298 2332 406 2395 quodque
417 2331 468 2393 plus
479 2342 520 2388 est,
531 2348 583 2377 cum
594 2332 640 2393 ipsa
650 2347 713 2376 mora
724 2331 819 2379 debere:

62 2403 125 2447 cuius
142 2401 239 2447 instituti
256 2415 302 2444 non
318 2398 438 2442 immemor
455 2396 547 2457 quidam
563 2396 639 2456 laycus
657 2394 732 2451 frater,
751 2412 820 2457 quem

61 2466 119 2510 intra
130 2475 256 2527 martyrum
267 2476 388 2506 numerum
400 2459 511 2504 credimus
521 2475 568 2503 esse
585 2458 711 2515 colendum,
723 2459 820 2520 palmam

61 2541 173 2578 assecutus
192 2537 225 2575 est
243 2526 339 2590 gloriose
361 2524 466 2581 victorie;
491 2539 542 2569 nam
562 2539 613 2569 cum
634 2539 647 2568 a
667 2524 774 2569 saracenis
792 2525 820 2572 ad

62 2596 195 2656 martyrium
216 2600 337 2655 peteretur,
359 2589 452 2634 summis
477 2588 578 2635 manibus
606 2586 706 2649 regulam
735 2599 818 2648 tenens,

61 2660 155 2720 genibus
172 2658 288 2705 humiliter
304 2654 432 2711 incurvatis,
443 2653 473 2699 sic
490 2654 548 2699 sorio
566 2652 636 2698 dixit:
654 2652 690 2697 De
707 2652 818 2712 omnibus,

62 2739 106 2784 que
117 2733 195 2768 contra
204 2731 303 2766 sanctam
316 2719 380 2762 istam
398 2717 447 2771 feci,
458 2716 527 2761 frater
545 2716 658 2760 karissime
675 2727 726 2761 ante
743 2718 820 2762 oculos

62 2787 181 2833 maiestatis
191 2797 214 2832 et
224 2801 299 2831 coram
316 2793 338 2828 te
356 2779 488 2843 culpabilem
505 2797 541 2826 me
558 2780 678 2842 proclamo.
712 2781 819 2827 Successit

61 2852 121 2897 brevi
131 2851 263 2897 confessioni
271 2849 366 2912 gladius,
373 2862 420 2909 quo
428 2847 536 2907 martyrio
543 2846 611 2891 vitam
619 2845 699 2901 finiuit,
707 2846 819 2909 signisque
