1919 3169
247 75 450 124 TRACTATUS
466 75 643 123 SECUNDUS
799 87 827 140 57

63 175 236 230 succendentes3
262 191 343 221 vocans
363 183 440 220 autem
460 175 557 232 fratrem,
578 174 711 221 Silvestrum
731 175 842 231 nomine,

63 241 138 287 virum
147 240 241 298 domini,
249 240 317 302 digne
325 239 482 301 simplicitatis,
492 240 591 301 precepit
599 239 619 284 ei
628 249 651 284 ct
660 240 735 285 dicens
745 257 750 285 :
767 240 829 285 Vade

63 315 113 352 ante
120 315 208 368 portam
216 305 312 352 civitatis
320 321 326 361 3
344 315 366 350 et
373 322 399 349 ex
406 315 468 366 parte
475 305 638 367 omnipotentis
645 304 688 363 dei,
696 304 829 351 demonibus

63 372 159 432 precipe,
167 381 193 413 ut
204 386 272 431 quam
283 372 328 414 cito
340 379 417 413 exeant
429 367 549 415 civitatem.
585 371 686 415 Festinat
697 371 733 431 pia
744 369 830 430 simpli-

64 434 118 479 citas
126 434 154 479 ad
161 432 310 480 obedientiam
317 433 493 494 prosequendam
504 450 510 488 3
523 444 545 478 et
552 449 703 494 preoccupans
711 434 734 478 in
741 433 830 478 laudem

63 496 142 544 faciem
154 496 247 555 domini,
258 497 337 543 clamat
348 507 398 543 ante
405 507 494 558 portam
505 497 621 544 valenter:
640 497 676 543 Ex
692 506 755 560 parte
761 497 797 543 dei
808 506 831 543 et

64 564 125 609 iussu
143 563 211 624 patris
228 563 298 608 nostri
315 561 424 607 Francisci
441 562 519 623 procul
536 562 587 608 hinc
603 563 711 609 discedite
725 562 831 608 demones

64 627 169 674 universi.
199 628 267 673 Redit
275 628 303 673 ad
310 643 386 687 pacem
393 628 460 688 paulo
471 637 522 688 post
532 627 608 672 civitas
616 637 639 672 et
647 627 769 683 civilitatis,
777 628 800 672 in
809 644 831 672 se

65 693 113 736 iura
128 708 209 752 magna
219 691 378 752 tranquillitate
390 692 536 746 custodiunt3
553 692 613 737 unde
626 692 770 752 postmodom
782 708 832 752 pre-

65 756 140 801 dicans
172 755 203 799 eis
235 754 313 801 beatus
345 754 506 801 Francischus:
538 754 607 800 Vobis
632 756 689 801 sicut
717 756 830 817 quondam

65 818 162 882 dyabolo
189 818 312 882 subiugatis
336 829 359 866 et
387 819 469 866 vinctis
496 819 625 878 demonum,
653 819 741 884 loquor,
774 836 831 884 quos

65 896 140 931 tamen
157 884 203 930 scio
219 885 335 931 cuiusdam
351 886 453 947 pauperis
469 885 571 946 precibus
587 886 697 932 liberatos.

67 1096 72 1104 ⁸
100 1044 141 1103 pe
158 1043 305 1103 conversione
322 1042 424 1084 eiusdem
443 1043 519 1085 fratris
534 1043 632 1085 silvestri
648 1046 671 1085 et
687 1044 715 1085 de
733 1044 901 1094 quadam-XC]

66 1106 139 1147 ipsius
152 1106 244 1136 visione.

113 1183 239 1266 Predicti
256 1206 355 1253 Silvestri
372 1206 546 1263 couversionem,
566 1206 662 1269 qualiter
680 1223 733 1252 eum
752 1207 780 1254 ad
798 1207 833 1253 in-

67 1274 171 1319 trandum
193 1272 296 1318 ordinem
318 1272 408 1332 spiritus
433 1272 542 1326 moverit,
559 1288 604 1316 non
626 1272 745 1334 indignum
767 1273 833 1318 credo

66 1337 206 1399 presentibus
222 1336 328 1397 copulari.
356 1336 460 1394 Silvester
476 1335 551 1397 itaque
567 1335 668 1380 sacerdos
684 1335 757 1382 fuerat
769 1350 833 1381 ‘secu-

66 1401 117 1448 laris
129 1402 156 1449 de
168 1400 256 1449 civitate
267 1398 354 1457 Assisii,
366 1417 378 1445 a
389 1416 435 1462 quo
448 1398 533 1461 lapides
549 1416 591 1461 pro
607 1401 729 1462 reparanda
744 1400 835 1447 ecclesia

68 1468 183 1530 quondam
204 1476 287 1510 emerat
309 1466 378 1510 homo
399 1464 441 1511 dei.
486 1464 535 1509 Hic
562 1481 612 1509 cum
640 1466 727 1511 videret
751 1466 789 1511 illo
811 1467 834 1511 in

67 1543 168 1593 tempore
189 1530 282 1575 fratrem
303 1529 449 1585 Bernardum,
468 1529 507 1590 qui
529 1540 581 1590 post
600 1540 701 1575 sanctum
718 1531 753 1575 dei
775 1531 835 1582 min-

68 1613 135 1641 orum
156 1595 241 1641 ordinis
260 1593 331 1653 prima
348 1592 446 1654 plantula
468 1592 519 1648 fuit,
537 1609 576 1637 sua
597 1593 694 1654 perfecte
711 1594 835 1657 relinquere

68 1677 92 1705 ac
103 1663 156 1707 dare
167 1658 308 1721 pauperibus,
320 1657 392 1702 veraci
409 1657 531 1718 cupiditate
547 1673 670 1713 succensus
683 1659 743 1720 apud
752 1660 836 1704 ¹virum

68 1724 104 1771 dei
132 1725 160 1771 de
189 1722 300 1785 lapidibus
332 1722 387 1767 olim
411 1721 453 1767 sibi
481 1721 578 1769 venditis
610 1735 686 1770 movet
715 1723 835 1786 querelam,

70 1790 132 1853 quasi
143 1805 189 1834 non
200 1787 324 1850 perfectum
335 1787 354 1831 ei
370 1786 467 1848 pretium
479 1786 578 1832 solutum
594 1788 698 1834 extiterit.
732 1789 836 1835 Subridet

70 1853 216 1899 Francischus
237 1852 338 1896 animum
360 1851 480 1896 sacerdotis
502 1852 619 1896 advertens
640 1854 731 1897 avaritie
750 1870 836 1900 veneno

68 1916 193 1971 infectum,
209 1915 248 1960 sed
258 1914 401 1976 refrigerium
412 1914 532 1959 maledicto
548 1915 621 1959 ardori
638 1917 728 1976 cupiens
744 1927 835 1961 utcum-

71 1998 113 2045 que
135 1991 239 2044 prestare,
257 1995 336 2024 manus
357 1979 404 2023 eius
423 1995 470 2024 non
487 1990 603 2024 numerata
619 1982 736 2040 pecuniam
757 1983 836 2043 replet.

70 2047 165 2092 Gavisus
176 2056 208 2091 est
219 2045 334 2106 presbyter
342 2043 445 2089 Silvester
453 2045 476 2088 in
484 2043 542 2089 datis
552 2059 557 2098 ;
574 2044 613 2089 sed
621 2044 671 2105 plus
681 2045 836 2097 liberalitatem

71 2111 144 2157 dantis
166 2109 266 2163 miratus,
288 2108 382 2153 domum
403 2123 515 2170 regressus
536 2107 618 2153 factum
647 2125 697 2171 sepe
721 2111 836 2174 recogitat,

71 2185 220 2226 senescentem
235 2174 278 2218 iarn
297 2189 319 2216 se
337 2171 430 2231 diligere
447 2174 559 2218 mundum
577 2189 692 2218 murmure
709 2174 767 2220 felici
785 2175 838 2220 sub-

71 2247 196 2284 murmurat
217 2239 240 2282 et
261 2236 364 2281 iuvenem
386 2234 457 2293 illum,
474 2235 505 2279 sic
524 2246 604 2280 cuncta
622 2236 733 2298 despicere
754 2249 836 2300 stupet.

73 2303 150 2351 Odore
170 2302 230 2350 bono
248 2301 292 2347 iam
308 2299 402 2362 proinde
422 2300 489 2362 pleno
506 2300 657 2347 misericordie
676 2318 714 2348 sue
734 2302 837 2350 Christus

71 2369 142 2430 aperit
153 2369 243 2413 sinum:
259 2365 357 2411 ostendit
368 2366 388 2409 ei
399 2380 438 2426 per
449 2366 557 2411 visionem
569 2382 638 2427 opera
648 2367 766 2425 Francisci,
775 2370 837 2432 quod

71 2434 166 2488 valeant,
179 2441 261 2495 quanta
271 2446 345 2476 coram
356 2431 405 2490 ipso
419 2431 539 2476 eminentia
549 2430 655 2493 fulgeant,
667 2449 734 2494 quam
750 2434 838 2495 magni-

74 2499 113 2543 fice
124 2508 195 2543 totam
213 2496 291 2541 mundi
309 2494 434 2539 machinam
452 2495 584 2555 compleant.
617 2495 685 2541 Videt
702 2514 798 2560 namque
815 2499 837 2544 in

73 2560 173 2624 sompnis
200 2575 287 2606 crucem
314 2573 402 2603 auream
430 2559 457 2604 de
479 2574 518 2604 ore
542 2560 698 2622 procedentem
721 2561 838 2620 Francisci,
871 2616 873 2618 ¹

74 2627 138 2674 cuius
156 2625 274 2672 summitas
291 2623 349 2669 celos
365 2622 476 2685 tangebat,
493 2624 556 2671 cuius
574 2623 680 2683 bracchia,
696 2636 800 2688 protensa
815 2629 838 2674 in

73 2692 152 2748 latum,
165 2701 285 2751 utramque
296 2688 376 2733 mundi
387 2697 473 2748 partem
485 2690 630 2750 amplexando
642 2690 765 2752 cingebant.

124 2757 281 2815 Compunctus
307 2752 408 2796 sacerdos
436 2752 460 2796 in
490 2753 541 2798 visu
576 2753 721 2813 dampnosam
753 2757 838 2801 excutit

75 2837 168 2876 moram,
194 2818 290 2884 reliquid
320 2815 439 2873 mundum,
467 2816 510 2863 viri
538 2816 573 2863 dei
601 2817 712 2881 perfectus
740 2820 839 2868 imitator
