1919 3169
432 88 538 131 INDEX

246 234 278 272 De
287 231 362 283 quodam
370 230 423 267 fratre
432 231 454 267 ab
462 232 608 281 impugnationem
617 230 696 268 demonis
705 229 777 268 liberato
786 260 791 268 .

153 291 169 340 J.
247 286 278 323 De
287 296 339 335 porca
348 282 426 320 malefica
434 296 468 333 que
476 284 586 321 manducavit
594 297 677 332 agnum¹
730 312 735 320 .
788 311 792 320 .

176 370 181 380 .
248 338 277 376 De
291 335 372 384 fugienda
385 334 500 373 familiaritate
514 336 604 373 mulierum
612 345 631 372 et
639 335 711 386 qualiter
720 348 760 372 cum
768 336 793 371 eis

298 387 398 438 loquebatur

175 474 180 484 ,
248 441 486 489 Enigmacontraaspectum
495 439 621 476 mulierum.
674 469 679 477 .

249 490 357 541 Exemplum
366 491 420 527 sancti
430 500 490 527 contra
498 493 568 528 nimiam
576 491 710 529 familiaritatem
732 519 737 527 .
790 519 794 526 .

175 578 180 587 ,
229 582 231 586 ,
249 544 281 582 De
293 543 433 593 temptationibus
451 545 506 581 sancti
521 553 538 581 et
552 543 640 594 quomodo
657 542 796 594 temptationibus

300 595 386 645 superavit

188 679 193 688 .
253 646 349 695 Quomodo
364 645 449 695 dyabolus
463 659 526 683 vocans
535 660 574 682 eum
583 647 605 682 de
614 647 681 683 luxuria
695 648 766 682 tentavit
779 655 797 681 et

302 696 375 747 qualiter
384 706 452 733 sanetus
461 698 547 747 superavit
562 726 796 736 .....

200 783 205 794 ,
253 749 349 801 Quomodo
362 749 455 800 quemdam
467 749 539 787 fratrem
552 762 562 787 a
572 752 684 802 temptatione
693 750 771 788 liberavit
780 758 798 787 et

302 804 347 839 bone
356 803 473 853 temptationis
506 831 797 841 ......

179 888 184 899 ,
254 855 334 904 Qualiter
347 855 479 892 verberaverunt
491 868 531 891 eum
544 855 626 892 demones
634 864 652 892 et
661 855 709 905 quod
717 853 798 903 fugiende

114 1122 169 1219 cdi

114 1221 160 1258 crv

115 1273 156 1313 cu

117 1326 170 1376 cvr

117 1429 181 1477 cvu.

117 1480 191 1530 cvuy

118 1533 172 1571 mx.

119 1585 161 1623 cx.

119 1637 172 1686 exa

120 1689 183 1736 oxu.

120 1738 196 1788 oxus

120 1790 194 1830 cxut

121 1843 183 1883 cxx

122 1895 194 1946 exva

123 1947 206 1996 cxvu.

124 2048 218 2098 cxvna

126 2154 200 2192 cxix.

126 2257 188 2294 cxx

127 2309 201 2360 cxxi

127 2414 212 2463 cxxu.

129 2517 225 2566 cxxna

129 2567 216 2607 cxxiv

131 2671 212 2712 cxxu

131 2723 224 2775 cxxvi

132 2776 235 2826 cxxvu.

303 907 390 943 sibicurie

253 956 362 1007 Exemplum
371 957 394 993 ad
401 956 508 1006 propositum

253 1009 387 1059 Temptamenta
400 1021 433 1058 que
446 1020 504 1058 passus
517 1009 573 1046 estin
586 1009 661 1059 quodam
672 1009 712 1047 loco
721 1009 799 1046 solitario

304 1071 322 1099 et
331 1062 396 1099 visione
405 1061 493 1097 cuiusdam
502 1060 559 1097 fratris
565 1091 798 1100 .....

255 1115 286 1152 De
295 1114 370 1162 quodam
378 1113 431 1150 fratre
440 1127 450 1149 a
459 1114 553 1150 tentatione
561 1114 634 1151 liberato
680 1143 684 1152 .

256 1164 287 1201 De
296 1163 379 1213 spirituali
387 1163 442 1200 letitia
451 1173 468 1200 et
477 1163 512 1200 laus
521 1166 557 1200 eius
566 1173 584 1200 et
592 1165 614 1201 de
623 1164 669 1201 malo
678 1165 743 1201 accidie
796 1193 800 1202 .

254 1217 285 1254 De
293 1217 360 1253 cithara
368 1214 446 1263 angelica
455 1228 505 1265 quam
514 1215 579 1252 audivit
623 1245 628 1253 .
681 1246 685 1254 .
738 1246 742 1255 .
796 1245 800 1254 .

258 1268 324 1319 [Quod
333 1268 392 1319 spiritu
401 1266 506 1306 exhilaratus
516 1276 583 1306 sanctus
592 1267 655 1318 gallice
664 1269 753 1318 cantabat]
797 1297 801 1306 .

259 1321 339 1371 Qualiter
352 1320 443 1371 quemdam
454 1320 526 1357 fratrem
534 1322 600 1358 tristem
609 1322 696 1370 redarguit
704 1331 722 1359 et
730 1320 802 1372 qualiter

308 1387 326 1410 se
334 1373 406 1409 deberet
413 1373 476 1409 habere
484 1375 550 1409 monuit
569 1402 802 1412 .....

255 1424 334 1473 Qualiter
344 1436 406 1473 eorpus
415 1424 523 1460 tractandum
532 1435 558 1460 est
566 1435 585 1460 ut
594 1439 627 1461 non
636 1435 721 1462 mumuret
740 1456 744 1463 .
797 1456 801 1463 .

257 1476 288 1513 De
297 1477 355 1524 inepta
364 1474 418 1511 letitia
427 1484 487 1511 contra
495 1475 593 1522 vanagloria
602 1485 618 1512 et
628 1478 721 1525 ypocrisim
742 1506 745 1514 .
799 1505 803 1513 .

258 1527 289 1566 De
298 1526 373 1578 quadam
382 1539 411 1563 sua
420 1526 528 1563 confessione
537 1536 596 1563 contra
605 1528 710 1578 hypocrisim
742 1558 746 1565 .

260 1579 291 1618 De
301 1578 409 1617 confessione
418 1588 478 1616 contra
486 1579 602 1628 vanagloriam
628 1610 633 1617 .

259 1632 320 1670 Verba
328 1632 419 1669 monitoria
427 1633 445 1668 in
454 1645 472 1668 se

264 1684 323 1721 Verba
332 1693 392 1720 contra
400 1696 418 1719 se
426 1683 515 1719 laudentes

263 1734 294 1771 De
303 1732 419 1771 occultatione
427 1734 526 1781 stigmatum
573 1762 806 1772 .....

261 1785 316 1836 Quod
324 1786 352 1836 pia
360 1785 420 1823 fraude
429 1785 499 1836 quidam
507 1784 537 1823 illa
545 1785 634 1836 inspexit.
688 1816 692 1825 ,
745 1816 749 1825 .
802 1816 806 1824 ,

261 1840 292 1877 De
301 1839 371 1877 vulnere
379 1837 539 1888 laterisaquodam
548 1839 635 1889 inspecto.
688 1868 693 1876 .
746 1869 750 1876 .
803 1868 807 1876 .

265 1893 307 1941 [De
316 1891 424 1928 occultandis
432 1891 532 1940 virtutibus]

265 1943 363 1981 Humilitas
376 1943 431 1979 sancti
443 1942 523 1978 francisci
535 1943 553 1978 in
566 1943 630 1988 habitu,
640 1956 689 1979 sensu
703 1944 777 1980 moribus
791 1952 809 1979 et

316 2003 377 2031 contra
385 1994 472 2042 proprium
481 2006 547 2030 sensum
574 2020 809 2032 .....

265 2045 297 2083 De
311 2044 408 2081 humilitate
420 2045 472 2093 ipsius
484 2045 507 2081 ad
519 2046 618 2094 episcopum
634 2046 780 2083 Interamnensem
792 2055 810 2082 et

316 2097 338 2135 ad
347 2095 440 2147 quemdam
448 2097 528 2135 rusticum
576 2126 809 2136 .....

266 2149 362 2199 Quomodo
377 2148 489 2198 prelationem
504 2151 522 2185 in
539 2149 614 2199 capitulo
632 2151 736 2199 resignavit;
754 2159 771 2186 et
788 2150 811 2186 de.

317 2202 395 2238 oratione
404 2200 477 2250 quadam
516 2227 810 2239 ......

266 2252 347 2301 Qualiter
355 2253 448 2298 resignavit
457 2254 509 2289 sotios
519 2280 810 2290 ......

268 2304 328 2341 Verba
343 2304 378 2340 eius
394 2312 453 2340 contra
467 2302 579 2353 prelationem
596 2312 672 2340 amantes
687 2312 705 2339 ct
719 2304 813 2355 descriptio

318 2357 375 2393 fratris
383 2356 453 2393 minoris
462 2383 811 2395 .......

267 2410 298 2447 De
307 2409 418 2453 subiectione,
427 2421 478 2459 quam
487 2407 556 2446 volebat
565 2408 625 2445 fratres
638 2409 702 2445 habere
709 2408 732 2445 ad
741 2408 814 2447 clericos

320 2470 338 2498 et
348 2473 400 2511 quare
408 2489 813 2499 ........

268 2514 300 2550 De
308 2514 404 2550 reverentia
412 2525 463 2562 quam
471 2513 552 2550 exhibuit
559 2514 641 2563 episcopo
651 2511 734 2549 lmolensi
751 2543 756 2551 .
809 2543 813 2551 .

270 2565 301 2601 De
313 2564 409 2601 humilitate
417 2565 468 2612 ipsius
477 2565 499 2599 ad
509 2572 586 2600 sanctum
595 2563 721 2607 Dominicum;
735 2575 753 2600 et
761 2567 815 2601 sancti

322 2615 414 2653 Dominici
422 2615 444 2652 ad
453 2616 508 2665 ipsum
517 2625 535 2652 ct
545 2615 568 2652 de
578 2624 637 2653 mutua
647 2616 730 2653 charitate
740 2618 815 2666 ipsorum

272 2667 352 2718 Qualiter
362 2681 380 2705 se
388 2666 430 2704 alter
439 2666 487 2704 alteri
496 2668 582 2705 commisit
638 2695 642 2704 .
696 2697 700 2705 .
753 2698 758 2706 .
811 2698 814 2707 ,

271 2721 326 2770 Quod
335 2733 401 2770 semper
410 2721 433 2756 ob
441 2733 498 2758 veram
508 2720 624 2757 obedientiam
635 2721 694 2756 habuit
705 2721 816 2768 guardianum

273 2774 368 2823 Quomodo
381 2785 440 2810 verum
455 2773 565 2809 obedientem
580 2772 681 2822 descripsit3
698 2772 750 2810 etde
764 2774 817 2810 tribus

324 2825 426 2866 obedientiis
467 2854 471 2865 ,
525 2852 528 2860 .
583 2854 586 2864 ,
640 2854 644 2861 ,
682 2843 701 2863 ’,
756 2854 759 2863 .
813 2855 817 2863 .
