1919 3169
388 76 495 121 INDEX

326 285 480 324 SECUNDUM
494 286 564 324 OPUS

201 402 232 440 De
245 401 318 438 duorum
331 410 414 436 annorum
423 406 489 435 tantum
502 407 519 435 et
528 398 551 435 de
565 398 612 436 felici
625 399 672 437 obitu
685 399 748 436 beatis-

252 460 291 495 simi
303 458 356 509 patris
369 456 450 494 francisci

202 528 233 565 De
242 540 309 564 summo
318 526 405 562 desiderio
414 526 459 562 beati
467 525 571 571 Francisci;
584 535 602 563 et
607 525 680 577 qualiter
686 527 704 563 in
710 526 749 563 libri

252 588 345 637 aperitione
353 585 441 623 intellexit
450 586 472 623 de
481 600 506 629 se,
515 587 581 623 domini
590 587 695 625 voluntatem
744 614 749 624 .

202 655 234 690 De
240 656 305 690 visione
312 653 386 688 hominis
392 653 490 701 ymaginem
497 653 581 702 seraphim
588 651 667 689 crucifixi
673 653 751 689 habentis

203 720 234 757 De
242 720 311 757 feruore
319 719 365 755 beati
374 718 454 756 francisci
463 727 481 754 et
489 717 588 756 infirmitate
597 718 686 756 oculorum
695 720 730 755 eius
744 745 749 755 .

203 788 282 837 Qualiter
292 788 338 837 apud
346 788 428 823 reatinam
437 787 524 823 civitatem
533 795 611 836 receptus
620 787 652 823 fuit
661 799 671 823 a
679 787 750 823 domino

254 849 323 896 hugone
336 847 417 897 episcopo
430 846 526 892 hostiensi3
546 857 563 884 et
578 847 666 897 quomodo
682 856 750 884 sanctus

254 922 294 945 eum
306 908 424 957 prenuntiabat
433 905 508 943 futurum
517 908 616 958 episcopum
626 909 678 945 totius
692 908 751 944 mundi

204 975 235 1012 De
248 975 323 1011 moribus
336 974 408 1011 fratrum
419 973 537 1011 famulantium
550 984 610 1011 sancto
622 973 720 1018 francisco;
734 982 752 1009 et

255 1033 328 1082 qualiter
341 1034 377 1082 ipse
389 1033 491 1082 disponebat
503 1034 636 1069 conversari.
689 1060 694 1070 .
747 1059 751 1068 .

206 1099 302 1147 Quomodo
315 1099 338 1136 de
347 1099 391 1136 senis
402 1099 449 1136 venit
461 1099 539 1136 assisium
547 1108 565 1135 et
573 1099 596 1136 de
609 1098 682 1135 eeclesia
695 1109 753 1135 sancte

256 1160 308 1195 marie
316 1160 334 1195 in
342 1158 451 1209 portiuncula
459 1166 477 1196 et
485 1160 508 1195 de
517 1156 588 1197 fratrum
597 1159 717 1197 benedictione
746 1187 751 1196 .

205 1227 260 1276 Quod
268 1226 329 1264 fecerit
338 1235 356 1263 et
364 1225 435 1273 dixerit,
445 1236 463 1264 et
471 1228 540 1277 quando
549 1226 623 1264 feliciter
633 1228 676 1264 obiit
690 1256 695 1265 .
747 1255 752 1264 .

205 1296 312 1330 Lomentum
327 1294 406 1339 fratrum,
419 1303 437 1330 et
454 1295 541 1341 gaudium,
555 1307 594 1330 cum
612 1306 650 1330 enm
665 1302 754 1330 cernerent

256 1353 304 1401 signa
316 1352 469 1390 ferentemcrucis
482 1362 500 1390 et
514 1353 537 1390 de
550 1352 581 1390 slis
594 1354 695 1403 seraphim.
748 1381 753 1389 .

208 1421 239 1459 De
252 1422 321 1472 planctu
333 1421 442 1459 dominarum
455 1422 500 1472 apud
513 1432 590 1459 sanctum
603 1421 721 1466 Damiannm;
737 1432 755 1458 et

258 1482 346 1532 quomodo
360 1495 399 1519 cum
412 1481 462 1518 laude
475 1491 493 1518 et
508 1482 562 1530 gloria
575 1482 650 1531 sepultus
663 1491 689 1519 est
749 1510 754 1519 .

209 1689 342 1730 TERTIUM
358 1690 531 1729 OPUSCULUM
547 1692 585 1729 DE
602 1691 756 1730 CANONIZA-

261 1754 349 1798 TIONE
388 1754 475 1793 BEATI
510 1755 614 1795 PATRIS
650 1756 755 1795 NOSTRI

261 1817 408 1856 FRANCISCI
419 1819 456 1856 ET
470 1818 508 1872 DE
523 1818 682 1857 MIRACULIS
692 1821 755 1859 EIUS

210 1938 337 1976 Cruourzsrro
350 1966 757 1978 ........

211 2006 312 2044 Mruucuna

212 2074 242 2110 De
251 2075 345 2112 contractis
354 2075 417 2112 sanatis

212 2140 242 2178 De
252 2142 297 2178 cecis
306 2143 361 2179 visum
370 2142 491 2192 recipientibus
523 2170 757 2181 .....

214 2207 245 2243 De
253 2208 359 2244 demoniacis

212 2274 243 2311 De
251 2273 323 2311 infirmis
332 2287 342 2311 a
350 2283 406 2311 morte
414 2275 506 2320 revocatis,
512 2275 534 2312 de
542 2275 617 2324 turgido,
625 2275 647 2313 de
656 2274 759 2326 hydropico,

265 2333 287 2371 de
309 2336 389 2380 artetico,
406 2334 429 2371 de
446 2335 539 2385 paraliticis
554 2345 572 2372 et
589 2335 612 2372 de
629 2335 666 2372 aliis
688 2336 760 2373 diversis

265 2392 389 2430 infirmitatibus

216 2458 247 2495 De
255 2458 326 2509 leprosis
335 2460 421 2497 mundatis
469 2488 760 2499 ......

216 2528 246 2564 De
255 2531 306 2565 mutis
315 2529 429 2578 loquentibus,
439 2539 456 2566 et
465 2530 520 2566 surdis
529 2530 637 2566 audientibus
697 2558 702 2567 .

802 2472 837 2508 109

755 2558 760 2566 .
802 2541 838 2566 110
