1919 3169
143 53 171 108 98
355 49 516 95 LEGENDA
534 50 692 97 GREGORH

144 144 300 192 comitantibus
321 146 396 208 ipsum
418 145 582 192 venerabilibus
604 144 760 203 cardinalibus,
780 145 808 191 ad
828 143 905 189 christi

144 209 238 256 famulas
260 211 347 257 mundo
371 220 472 257 mortuas
495 221 517 258 et
544 212 642 273 sepultas
669 211 779 273 benignus
806 208 904 265 advenit,

145 291 240 336 quarum
257 276 394 320 conversatio
411 286 486 320 sancta
486 286 622 337 ,paupertas
637 274 744 319 altissima
755 285 777 319 et
791 273 906 318 institutio

146 337 266 401 gloriosa
260 354 334 399 ipsum
354 354 404 383 cum
424 338 516 402 reliquis
535 349 612 386 movet
631 338 658 384 ad
673 338 786 399 lacrymas,
805 337 833 383 ad
852 352 905 381 con-

146 413 218 465 tempt
219 418 258 449 um
269 412 376 464 provocat
367 402 461 459 tseculi‚
475 404 503 450 ad
515 402 650 450 celibemt
617 412 650 452 111
652 419 688 450 am
698 402 805 450 accendit.

195 469 217 513 O
228 466 326 513 amabilis
337 469 441 515 omnium
452 469 575 531 gratiarum
590 469 667 514 nutrix
678 468 807 513 humilitas!
842 466 906 510 Prin·

147 549 198 594 ceps
209 530 296 578 orbist
287 541 404 589 t‚errarum
416 549 528 579 successor
545 533 651 595 principis
667 532 820 593 apostolorum
833 530 908 576 visitat

148 594 292 658 pauperculas
303 596 416 654 mulieres,
428 597 512 642 accedit
522 598 550 642 ad
561 596 631 642 abiect
623 607 654 642 tas
671 607 693 641 et
704 595 801 640 humiles
814 610 907 640 carcera-

148 671 186 707 tas.
221 659 252 706 Et
271 659 322 706 licet
344 661 435 723 digna
430 672 489 708 iusto
506 662 596 717 iudicio,
608 662 695 707 insueta
714 658 816 721 exemplo
832 668 908 705 tamen

149 724 263 771 humilitas
274 725 314 770 hec
323 725 338 757 ³⁸
349 735 372 771 et
383 725 461 771 multis
472 726 587 772 retroactis
597 725 691 772 seculis
686 734 805 787 inexperta.

197 790 304 850 Properat
332 790 383 845 iam,
403 801 507 851 properat
529 791 639 845 assisium,
657 790 695 837 ubi
723 790 763 834 sibi
785 788 909 850 gloriosum

149 854 276 915 depositum
287 864 437 910 conservatur,
450 865 475 900 ut
487 855 509 898 in
521 871 548 899 eo
559 855 631 915 passio
643 855 746 900 universa
762 862 784 899 et
795 852 909 898 tribulatio

150 919 258 979 ingruens
269 917 406 964 exturbetur.
440 920 479 964 Ad
491 919 538 964 eius
550 918 676 980 ingressum
688 927 735 965 tota
748 917 828 964 iubilat
839 916 909 978 regio,

149 983 226 1029 civitas
237 981 373 1028 exultatione
386 982 492 1043 repletur,
503 982 639 1044 populorum
656 982 722 1028 turba
733 998 814 1044 magna
829 981 910 1044 gaudia

150 1045 245 1094 celebrat
262 1056 284 1092 11
295 1045 407 1093 luminosa
418 1047 465 1092 dies
477 1047 542 1092 novis
553 1046 703 1093 luminaribus
720 1045 851 1093 inclarescit.
884 1045 910 1090 ln

150 1112 198 1158 eius
210 1127 329 1157 occursum
341 1112 414 1156 omnis
430 1113 499 1157 homo
510 1112 611 1173 procedit
622 1122 644 1157 et
661 1111 770 1158 solemnes
781 1109 873 1157 excubie
883 1109 911 1155 ab

150 1176 256 1222 omnibus
273 1176 426 1222 exsolvuntur.
466 1176 590 1236 Egreditur
609 1177 699 1222 obviam
720 1176 763 1221 ei³⁹
785 1190 911 1235 pauperum

150 1239 246 1285 fratrum
263 1238 298 1300 pia
317 1239 423 1295 societas;
441 1249 463 1284 et
478 1240 632 1303 unusquisque
649 1238 724 1285 christi
736 1239 823 1284 domini
839 1237 912 1284 dulcia

151 1305 234 1351 cantica
248 1304 339 1366 promit.
380 1303 486 1366 Applicat
502 1305 529 1351 ad
549 1304 625 1351 locum
642 1304 718 1350 christi
738 1304 832 1364 vicarius
850 1312 872 1349 et
888 1303 911 1348 in

151 1371 224 1432 primo
240 1370 348 1415 descensu
365 1369 506 1431 sepulchrum
519 1371 587 1415 sancti
604 1369 705 1415 francisci
722 1378 856 1424 reverenter,
868 1367 912 1412 ala-

151 1434 262 1496 criterque
269 1433 357 1480 salutat.
380 1434 506 1495 Ingeminat
518 1434 618 1495 suspiria,
626 1443 702 1495 pectus
713 1433 796 1490 tundit,
806 1433 913 1493 lacrymas

151 1497 228 1543 fundit
239 1507 261 1541 et
272 1496 372 1542 uberiori
385 1498 505 1543 devotione
516 1499 663 1543 reverendum
675 1507 741 1558 caput
751 1497 849 1543 inclinat.

200 1562 237 1606 Fit
253 1559 337 1605 interea
348 1561 376 1606 de
387 1561 457 1606 sancti
469 1561 638 1607 canonizatione
650 1560 755 1607 solemnis
767 1558 858 1608 collatio
868 1577 875 1615 ;
891 1569 913 1604 et

152 1642 218 1689 super
229 1625 386 1672 huiuscemodi
398 1626 489 1689 negotio
500 1626 588 1689 egregia
596 1626 741 1673 cardinalium
750 1625 828 1672 concio
839 1625 913 1686 sepius

152 1700 294 1737 convocatur.
329 1691 475 1737 Concurrunt
491 1691 592 1753 undique
609 1691 682 1748 multi,
699 1691 737 1754 qui
754 1706 792 1752 per
811 1699 913 1735 sanctum

152 1756 187 1802 dei
198 1754 286 1802 fuerant
297 1771 309 1800 a
320 1755 366 1801 suis
378 1754 476 1801 cladibus
492 1755 577 1802 liberati
588 1773 595 1813 ;
610 1766 632 1802 et
643 1755 803 1801 miraculorum
814 1755 914 1801 maxima

152 1819 275 1866 multitudo
292 1820 344 1865 hinc
361 1820 416 1867 inde
435 1832 542 1866 coruscat.
576 1821 745 1882 Approbantur,
764 1820 914 1877 verificantur,

152 1885 281 1937 audiuntur,
298 1884 443 1943 recipiuntur.

200 1947 277 2010 Urget
288 1946 378 1992 interim
397 1946 495 1992 officiosa
512 1948 635 2004 necessitas,
647 1964 705 1992 nova
722 1946 826 1991 imminet
844 1963 914 2004 causa,

153 2012 268 2085 perusium
291 2011 309 2057 it
327 2027 383 2074 papa
402 2010 486 2069 beatus,
506 2022 531 2058 ut
552 2010 740 2085 superabundanti
763 2021 785 2056 et
807 2009 914 2074 singulari

153 2078 222 2140 gratia
233 2093 274 2139 pro
284 2091 374 2122 summo
386 2077 478 2149 negotio
489 2077 572 2122 iterum
582 2076 684 2122 assisium
695 2084 791 2122 revertat
792 2091 826 2121 ur
854 2075 915 2120 Con-

154 2142 243 2187 venitur
259 2140 356 2204 denique
374 2141 456 2203 perusii
474 2155 582 2196 rursum;
594 2150 616 2187 et
633 2156 699 2202 super
717 2141 774 2186 hanc
792 2155 880 2185 causam
892 2140 915 2185 111

153 2222 238 2252 camera
255 2205 341 2250 domini
363 2221 419 2267 pape
436 2205 597 2250 venerabilium
639 2204 772 2250 ardinalium
793 2203 915 2249 celebratur

154 2285 212 2316 sacer
234 2279 364 2315 conventus
407 2268 553 2315 Concordant
574 2269 656 2331 pariter
678 2278 701 2315 et
692 2268 801 2315 tdicunt
817 2268 915 2330 idipsum

154 2351 235 2381 omnes.
272 2333 383 2381 Miracula
399 2332 506 2397 leguntur
522 2344 544 2380 et
561 2334 686 2396 plurimum
702 2342 849 2380 veneranturs
865 2349 916 2378 um-

154 2401 241 2462 misque
268 2400 379 2460 preconiis
404 2400 474 2445 vitam
496 2399 554 2445 beati
581 2399 649 2461 patris
672 2409 694 2444 et
724 2398 916 2445 conversationem

154 2464 273 2511 extollunt.
307 2464 361 2509 Non
378 2463 471 2525 indiget,
483 2463 596 2525 inquiunt,
607 2464 747 2510 attestatione
757 2462 916 2508 miraculorum

154 2528 285 2574 sanctissimi
308 2527 354 2573 vita
371 2527 514 2584 sanctissima,
534 2544 603 2590 quam
619 2526 691 2572 oculis
711 2526 793 2572 nostris
809 2525 914 2582 vidimus,

154 2592 258 2638 manibus
270 2593 464 2650 contrectavimus,
476 2592 582 2654 magistra
593 2591 687 2639 veritate
698 2591 851 2653 probavimus.

201 2657 339 2718 Tripudiant
351 2657 458 2714 universi,
470 2657 575 2715 letantur,
586 2657 737 2718 lacrymantur
748 2665 771 2702 et
783 2655 875 2718 quidem
893 2655 917 2700 in

322 2776 338 2805 3⁸
347 2779 367 2814 L.
377 2780 417 2814 huc.
445 2780 481 2813 Ox.
491 2779 535 2814 huic.
614 2782 629 2805 39
639 2779 671 2813 Os.
682 2779 738 2814 omits.
