1919 3169
106 79 149 121 104
288 64 487 112 TRACTATUS
504 67 680 116 SECUNDUS

101 159 257 222 Triumphum
284 179 363 208 revera
392 164 521 223 expectabat
553 165 678 226 intrepidus
707 175 730 211 et
762 166 869 212 consertis

102 225 205 281 manibus
224 226 307 273 iustitie
329 226 520 288 complectebatur
541 245 652 275 coronam.
686 229 777 277 Positus
796 231 826 277 sic
845 231 868 276 in

102 298 168 349 terra,
180 292 264 338 saccina
274 301 335 338 veste
351 292 459 355 deposita,
470 293 549 340 faciem
566 295 633 341 solito
650 295 734 342 levavit
750 296 777 342 ad
796 295 868 342 celum

101 365 124 401 et
142 358 259 403 intendens
277 358 309 402 illi
328 359 399 420 glorie
420 368 490 415 totus,
509 377 578 405 manu
599 361 685 404 sinistra
703 361 776 406 dextri
794 360 868 406 lateris

102 420 186 467 vulnus
203 439 232 466 ne
248 421 371 479 videretur,
386 422 472 468 obtexit
489 435 512 469 et
528 425 558 469 ait
577 425 605 470 ad
624 423 718 471 fratres:
736 426 788 488 Ego
805 426 868 488 quod

103 500 180 530 meum
191 494 224 529 est
234 484 292 539 feci3
310 486 374 547 quod
385 495 487 532 vestrum
498 497 531 532 est
541 488 637 532 christus
648 489 745 533 edoceat.

150 549 257 596 Videntes
276 549 318 595 hoc
337 550 376 595 filii
401 551 531 614 producunt
555 551 642 598 rivulos
659 551 824 613 lacrymarum
845 562 868 597 et

103 615 130 660 de
156 615 240 660 intimis
260 614 329 677 longa
358 617 591 678 trahentes'suspiria‚
613 617 683 662 nimio
710 616 782 663 dolori
807 633 867 663 com-

102 679 208 738 patiendo
229 679 386 725 succumbunt.
419 681 506 727 Interea
525 682 602 743 sopitis
621 692 746 744 utcumque
763 682 867 745 singulti-

103 742 151 801 bus,
174 744 310 804 guardianus
340 745 394 801 eius,
422 747 462 807 qui
487 746 565 791 volum
593 747 662 791 sancti
689 747 765 792 divina
793 746 868 792 verius

103 808 245 871 inspiratione
272 810 385 872 cognorit,
407 809 502 855 festinus
527 810 623 855 surrexit
648 820 671 855 et
688 811 798 872 acceplam
815 828 867 857 curn

103 873 247 920 femoralibus
282 876 388 932 tunicam,
427 875 580 938 saccinamque
619 875 766 937 cappellulam
811 876 868 922 dixit

103 938 131 983 ad
166 949 268 999 patrem:
302 939 415 985 Tunicam
444 940 508 985 istam
538 951 560 985 et
590 939 704 985 femoralia
734 957 786 986 curn
817 958 868 1002 cap-

103 1000 186 1062 pellula
204 1002 330 1047 obedientie
351 1013 425 1048 sancte
445 1005 552 1048 mandato
569 1020 581 1047 a
598 1020 634 1047 me
655 1004 696 1049 tibi
713 1006 868 1050 accommoda-

103 1076 150 1110 tam
167 1067 314 1130 cognoveris3
332 1068 371 1113 sed
391 1078 417 1113 ut
436 1068 497 1124 scias,
508 1078 531 1113 te
549 1068 616 1114 nichil
632 1068 773 1130 proprietatis
786 1069 809 1113 in
825 1068 868 1113 illis

103 1130 189 1189 habere,
212 1131 280 1178 dandi
302 1132 344 1177 hoc
365 1132 430 1178 alicui
452 1149 542 1178 omnem
564 1131 604 1178 tibi
627 1131 704 1178 aufero
727 1142 867 1195 potestatem.

104 1197 194 1244 Gaudet
215 1207 303 1243 sanctus
329 1207 352 1242 et
381 1198 460 1243 iubilat
488 1215 528 1259 pre
555 1197 626 1243 letitia
654 1197 733 1256 cordis,
761 1198 868 1261 quoniam

103 1262 172 1306 fidem
194 1262 291 1307 tenuisse
313 1263 402 1307 domine
419 1264 546 1323 paupertati
563 1279 636 1324 usque
654 1264 677 1308 in
696 1262 740 1308 fine
759 1279 781 1308 se
798 1263 866 1311 videt.

104 1325 194 1371 Fecerat
211 1328 270 1372 enim
285 1326 326 1371 hec
341 1326 415 1371 omnia
432 1326 569 1388 paupertatis
590 1326 648 1383 zelo,
666 1336 693 1371 ut
711 1343 752 1371 nec
766 1326 868 1372 habitum

104 1390 197 1453 quidem
214 1390 332 1452 proprium
347 1390 370 1437 in
384 1391 428 1437 fine
442 1391 508 1438 vellet
522 1390 609 1449 habere,
623 1391 662 1436 sed
679 1392 742 1454 quasi
757 1390 784 1437 ab
798 1391 869 1437 altero

10 1459 48 1495 Fol.
60 1457 281 1507 38'⁰comm0datum.
331 1455 483 1517 Cappellulam
501 1473 556 1502 vero
572 1455 706 1501 saccinulam
724 1456 828 1518 portabat
845 1458 868 1502 in

103 1520 181 1580 capite,
204 1531 230 1565 ut
258 1520 368 1565 cicatrices
397 1530 532 1582 contegeret,
560 1536 602 1580 pro
630 1521 722 1564 sanitate
750 1520 868 1566 oculorum

103 1593 223 1644 susceptas,
250 1584 292 1637 cui,
321 1585 372 1628 satis
401 1585 549 1629 necessarium
575 1593 621 1627 erat
651 1583 744 1644 pilleum
771 1585 869 1629 cuiusvis

103 1649 199 1708 pretiose
215 1649 264 1694 lane
280 1649 390 1693 suavitate
405 1647 549 1694 lenissimum.

150 1713 222 1759 Levat
240 1721 291 1776 post
313 1714 353 1758 hec
374 1723 464 1758 sanctus
482 1713 566 1775 palmas
582 1711 610 1756 ad
629 1712 703 1757 celum
719 1721 741 1757 et
760 1711 868 1758 christum

35 1834 37 1837 .
102 1793 170 1823 suurn
181 1777 314 1840 magnificat,
326 1778 443 1840 quodiam
455 1779 603 1823 exhoneratus
619 1776 724 1823 omnibus
734 1775 790 1822 liber
807 1777 869 1824 vadit

103 1841 131 1886 ad
153 1843 235 1902 ipsum.
279 1843 365 1887 Verum
387 1852 413 1887 ut
435 1842 561 1887 ostenderet
582 1858 605 1885 se
626 1841 712 1885 domini
733 1841 768 1885 sui
793 1842 869 1886 christi

103 1923 183 1952 verum
194 1906 330 1953 imitatorem
342 1907 364 1951 in
376 1905 487 1964 omnibus,
497 1906 577 1951 fratres
586 1914 607 1950 et
618 1905 683 1962 filios,
692 1920 750 1967 quos
761 1904 869 1951 dilexerat

103 1973 241 2034 aprincipio,
253 1972 275 2016 in
287 1971 355 2017 finem
366 1971 443 2017 dilexit
462 1988 505 2019 eos.
539 1971 600 2017 Fecit
618 1970 678 2015 enim
695 1970 774 2015 fratres
792 1986 869 2016 omnes

103 2037 229 2082 assistentes
247 2036 330 2082 ibidem
348 2037 376 2082 ad
393 2053 416 2081 se
432 2038 507 2082 vocari
524 2047 547 2082 et
563 2034 636 2081 verbis
654 2033 805 2081 consolatoriis
827 2052 869 2096 pro

103 2116 143 2146 sua
151 2111 224 2146 morte
232 2099 366 2157 demulcens,
376 2110 470 2161 paterno
481 2100 564 2146 affectu
575 2100 602 2145 ad
613 2100 717 2144 divinum
725 2108 759 2143 est
766 2099 870 2144 hortatus

102 2181 220 2221 amorem;
246 2166 273 2210 de
294 2165 399 2227 patientia
420 2175 442 2209 et
463 2173 593 2227 paupertate
614 2163 722 2208 servanda
742 2178 868 2209 sermonem

103 2231 218 2292 protraxit,
230 2231 307 2276 ceteris
318 2230 427 2276 institutis
443 2240 546 2276 sanctum
566 2228 707 2290 evangelium
724 2237 868 2289 anteponens.

104 2295 324 2343 Circumsedentibus
340 2312 395 2341 vero
416 2295 522 2341 omnibus
543 2293 656 2350 fratribus,
679 2293 779 2339 extendit
800 2293 869 2340 frater

103 2376 141 2404 eos
162 2361 276 2406 dexteram
297 2376 377 2414 suam3
399 2370 421 2404 et
439 2361 545 2420 incipiens
561 2377 573 2403 a
590 2359 673 2405 vicario
691 2375 739 2415 suo,
759 2357 868 2418 capitibus

103 2424 246 2488 singulorum
257 2424 372 2486 imposuit.
405 2422 482 2469 Valete
501 2423 577 2486 inquit
593 2421 633 2468 filii
650 2437 727 2467 ornnes
746 2422 769 2466 in
786 2421 868 2467 timore

103 2490 189 2536 domini
200 2500 223 2535 et
239 2499 368 2551 permanete
383 2488 406 2533 in
422 2489 472 2551 ipso
488 2505 581 2550 semper.
615 2487 647 2533 Et
664 2487 771 2550 quoniam
790 2485 868 2533 futura

103 2555 222 2616 temptatio
230 2565 252 2599 et
261 2553 376 2600 tribulatio
385 2554 557 2616 appropinquat,
565 2551 639 2597 felices
647 2552 687 2613 qui
694 2551 869 2612 perseverabunt

104 2620 127 2664 in
134 2620 176 2663 hiis
183 2635 227 2682 que
236 2628 349 2679 ceperunt.
383 2618 434 2679 Ego
444 2617 504 2662 enirn
515 2618 543 2662 ad
555 2616 674 2661 dominum
685 2631 792 2675 prospero
804 2615 868 2661 cuius

103 2683 174 2746 gratie
186 2699 226 2729 vos
239 2698 317 2728 ornnes
328 2681 444 2727 comendo.
460 2688 464 2694 ”
476 2681 638 2742 Benedixitque
649 2680 672 2723 in
683 2678 735 2734 illis,
751 2679 791 2740 qui
805 2690 868 2724 erant

104 2748 141 2806 ibi,
150 2748 256 2795 omnibus
263 2745 377 2803 fratribus
385 2746 424 2809 qui
433 2745 517 2809 ubique
526 2743 713 2791 conversabantur
720 2743 743 2788 in
751 2743 839 2789 mundo
846 2754 869 2790 et

104 2816 143 2879 qui
154 2814 245 2862 venturi
256 2824 318 2860 erant
329 2822 380 2875 post
389 2813 448 2874 ipsos
459 2828 531 2873 usque
542 2811 565 2855 in
574 2810 642 2856 finem
653 2809 721 2855 seculi
732 2808 866 2858 seculorum.
