1919 3169
152 139 186 182 82·
336 129 535 178 TRACTATUS
554 129 730 177 SECUNDUS

152 230 344 280 scribisOmnes
367 227 486 289 theologos
510 236 533 272 et
554 227 593 289 qui
616 225 745 273 ministrant
765 224 830 273 nobis
852 224 920 273 verba

153 295 235 351 divina,
254 292 361 340 debemus
380 291 488 336 honorare
508 300 530 336 et
549 291 649 336 venerari
667 300 782 353 tamquam
799 290 839 352 qui
857 288 923 335 nobis

153 360 280 407 ministrant
299 358 403 419 spiritum
423 365 446 403 et
462 356 525 413 vita3
543 365 565 402 et
584 354 649 402 beato
665 354 768 402 Antonio
785 371 836 401 cum
853 354 921 401 semel

153 425 266 481 scriberet,
278 424 309 470 sic
320 422 373 485 poni
387 419 439 469 fecit
454 422 478 467 in
494 421 604 484 principio
619 420 713 468 lictere:
730 420 803 478 Fratri
820 420 922 467 Antonio

154 492 259 552 episcopo
269 504 327 533 meo.

15 668 151 711 [n-crucxvuJ]
193 660 280 755 Cplrgpra
299 663 357 700 vane
377 658 449 709 glorie
477 658 617 708 appetitores
643 660 667 699 et
693 657 837 708 expositione
859 656 921 699 verbi

155 724 211 765 prop
253 723 291 755 ton

200 795 371 889 plangendos
398 834 474 870 tamen
500 825 558 870 dixit
582 824 738 885 predicatores,
760 826 799 888 qui
820 826 923 871 vendunt

155 910 206 958 sepe
217 892 277 958 quod
289 889 380 947 faciunt,
392 888 459 936 obolo
469 906 526 937 vane
536 888 609 935 laudis
618 905 624 946 ;
641 887 721 935 talium
731 905 786 936 vero
796 888 924 936 tumoribus

155 959 194 1006 tali
205 957 342 1022 quandoque
352 954 485 1002 medebatur
498 954 615 1001 antidoto:
634 954 680 1001 Cur
697 956 724 1002 de
736 956 847 1003 conversis
858 956 923 1001 hom-

155 1023 230 1070 inibus
242 1019 376 1085 gloriamini,
387 1036 445 1083 quos
456 1018 534 1065 fratres
545 1019 589 1064 mei
602 1019 713 1082 simplices
723 1021 770 1066 suis
786 1021 924 1066 orationibus

156 1086 299 1134 convertere?
336 1084 397 1130 Illud
414 1084 511 1146 denique
527 1083 630 1143 verbum,
647 1084 719 1131 donec
736 1086 822 1147 peperit
843 1085 924 1132 sterilis

156 1153 266 1216 plurimos
291 1160 314 1195 et
335 1158 412 1195 contra
430 1148 504 1194 taliter
520 1147 659 1210 exponebat:
676 1149 767 1206 Sterilis,
786 1149 873 1212 inquid,
890 1159 924 1196 est

156 1217 225 1263 frater
241 1231 304 1262 meus
314 1214 469 1277 pauperculus,
480 1213 519 1276 qui
536 1214 656 1275 generandi
667 1213 691 1259 in
707 1213 795 1261 ecclesia
809 1214 867 1262 filios
878 1231 924 1260 non

157 1281 223 1328 habet
239 1280 344 1325 officium.
378 1277 426 1323 Hic
442 1278 514 1339 pariet
529 1277 553 1322 in
569 1277 653 1324 iudicio
669 1279 787 1339 plurimos,
798 1280 851 1342 quia
866 1295 924 1342 quos

158 1361 218 1390 nunc
237 1342 328 1404 privatis
345 1341 483 1386 orationibus
502 1342 622 1396 convertit,
642 1358 681 1387 sue
700 1341 771 1404 glorie
786 1353 840 1388 tunc
857 1343 925 1388 iudex

158 1406 274 1456 adscribet.
308 1405 361 1458 Que
377 1403 462 1450 multos
477 1404 543 1450 habet
560 1404 616 1451 filios
633 1404 790 1465 infirmabitur,
806 1407 859 1469 quia
875 1422 925 1468 pre-

158 1474 251 1530 dicator,
258 1472 299 1536 qui
310 1470 388 1516 multis
399 1470 462 1516 velut
472 1485 513 1516 sua
521 1470 607 1517 virtute
617 1470 698 1532 genitis
708 1471 797 1534 gaudet,
807 1482 925 1534 cognoscet

158 1549 213 1586 tunc
232 1535 300 1584 nichil
318 1535 436 1598 proprium
449 1534 551 1581 habuisse
567 1535 590 1581 in
606 1536 644 1581 eis.
677 1534 731 1582 Illos
748 1546 828 1593 autem,
846 1536 884 1601 qui
902 1552 925 1582 se

159 1604 229 1667 magis
244 1602 352 1660 rethores,
369 1616 437 1663 quam
454 1600 603 1662 predicatores
618 1600 704 1647 laudari
717 1602 819 1664 cupiunt,
836 1611 924 1660 ornatu,

159 1684 204 1714 non
226 1667 308 1712 affectu
334 1666 457 1727 loquentes,
480 1681 526 1709 non
547 1666 644 1710 multum
666 1665 758 1713 amabat.
802 1667 850 1712 Eos
871 1683 926 1713 vero

158 1732 246 1781 dicebat
267 1728 324 1777 male
345 1728 452 1786 dividere,
475 1729 514 1793 qui
540 1728 684 1792 predicationi
705 1739 786 1788 totum,
810 1730 925 1778 devotioni

160 1797 227 1845 nichil
238 1795 379 1859 impendunt.
412 1794 527 1841 Laudabat
537 1810 613 1841 revera
628 1795 795 1857 predicatorem,
809 1796 847 1844 sed
864 1813 924 1853 eum,

160 1864 199 1925 qui
211 1878 253 1923 pro
263 1873 364 1920 ternpore
375 1856 417 1904 sibi
428 1870 521 1920 saperet,
532 1859 619 1922 sibique
629 1870 734 1921 gustaret.
873 1863 874 1866 ’

41 2052 157 2093 [mmm]
367 2031 401 2072 De
410 2030 601 2082 contemplatione
610 2031 726 2075 creatoris.

160 2157 162 2159 ’
208 2122 350 2204 mundum
367 2148 429 2212 quasi
446 2148 626 2210 perigrinationis
642 2150 734 2194 exilium
750 2152 809 2196 exire
822 2150 928 2206 festinans

112 2269 113 2272 Ἰ
160 2214 279 2262 iuvabatur
309 2212 363 2258 felix
390 2212 432 2257 iste
462 2213 535 2259 viator
564 2213 597 2272 iic,
622 2229 666 2275 que
696 2214 719 2259 in
748 2212 840 2261 mundo
868 2227 927 2272 sunt,

162 2298 208 2328 non
230 2277 346 2326 modicum
365 2275 464 2341 quidem.
506 2276 595 2339 Nempe
612 2277 640 2323 ad
657 2278 767 2341 principes
785 2279 926 2327 tenebrarum

162 2345 268 2393 utebatur
286 2360 313 2389 eo
335 2352 361 2388 ut
382 2358 461 2403 campo
483 2344 613 2399 certaminis,
638 2343 666 2389 ad
685 2343 803 2391 dominum
824 2361 880 2392 vero
901 2355 928 2391 ut

162 2410 284 2455 clarissimo
310 2405 401 2467 speculo
427 2406 539 2462 bonitatis,
566 2407 589 2452 in
616 2407 710 2454 artificio
737 2409 838 2471 quolibet
866 2426 928 2456 corn-

162 2474 255 2522 mendat
281 2469 395 2526 artificem,
415 2469 526 2534 quidquid
553 2469 576 2515 in
602 2469 667 2517 factis
691 2472 781 2534 reperit,
804 2474 886 2537 regerit
904 2473 928 2519 in

162 2538 276 2598 factorem,
294 2534 378 2582 exultat
395 2534 418 2580 in
439 2537 524 2582 cunctis
540 2536 643 2600 operibus
665 2552 772 2584 manuum
795 2539 881 2586 domini
906 2551 929 2587 et

162 2622 202 2667 per
223 2602 371 2651 iucunditatis
387 2601 510 2661 spectacula
532 2602 619 2649 vivifica
644 2603 746 2650 intuetur
770 2605 879 2650 rationem
905 2616 929 2652 et

163 2684 258 2716 causam.
298 2665 421 2729 Cognoscit
437 2665 460 2710 in
481 2665 564 2727 pulcris
585 2666 769 2727 pulcherrimum,
787 2679 866 2715 cuncta
886 2669 928 2715 sibi

163 2735 228 2789 bona,
246 2732 285 2795 qui
305 2746 346 2776 nos
365 2729 418 2775 fecit
439 2740 472 2774 est
494 2731 601 2792 optimus,
623 2730 734 2788 clamant;
762 2749 802 2795 per
823 2731 929 2795 impressa

163 2798 230 2846 rebus
241 2795 336 2859 vestigia
346 2795 471 2858 insequitur
482 2795 566 2859 ubique
577 2796 691 2854 dilectum,
700 2796 753 2843 facit
763 2797 805 2844 sibi
817 2799 845 2846 de
855 2800 929 2846 omni-

165 2864 206 2912 bus
217 2863 302 2918 scalam,
315 2878 359 2926 qua
375 2861 517 2924 perveniatur
528 2861 555 2907 ad
567 2862 654 2911 solium.
689 2862 792 2911 Inaudite
803 2864 930 2912 devotionis
