1919 3169
131 96 161 141 24
345 82 506 129 inunum
522 82 679 143 numqua

130 178 188 237 Itur,
199 177 360 235 commictitur‚
371 177 466 223 bellatur
479 188 501 223 et
512 178 540 224 de
555 178 636 223 nostris
649 178 768 223 dimicatur
785 177 812 222 ab
828 178 899 223 hosti-

130 242 179 289 bus.
213 243 240 290 In
251 243 300 305 ipso
310 258 365 289 vero
376 258 451 306 pugne
464 251 573 305 tempore,
585 258 705 306 suspensus
716 242 799 300 animo,
810 252 899 289 sanctus

131 309 216 355 sotium
233 325 325 370 surgere
342 308 369 354 ad
386 308 524 354 intuendum
537 308 597 365 facit,
609 307 722 370 nichilque
738 308 813 369 primo
827 318 850 353 et
865 324 900 353 se-

132 373 208 420 cundo
216 372 331 419 videntem
341 372 409 418 tertio
419 370 482 417 iubet
492 372 605 434 inspicere.
629 372 660 417 Et
671 388 721 417 ecce
732 381 779 417 tota
790 372 813 416 in
822 370 899 435 fugam

133 453 196 483 versa
206 437 286 482 militia
296 437 422 494 christiana,
434 437 502 482 finem
513 437 565 482 belli
582 436 717 499 obprobium
733 452 843 498 regerens,
855 452 901 481 non

133 503 280 562 triumphum.
314 502 388 546 Tanta
404 517 459 547 vero
477 512 551 562 strage
569 512 699 547 nostrorum
716 501 851 547 imminutus
868 511 902 546 est

134 579 249 621 numeruS,
264 573 290 608 ut
306 580 345 608 sex
367 564 435 609 millia
453 564 539 609 fuerint
558 565 615 609 inter
633 573 736 608 mortuos
754 573 776 608 et
793 564 900 624 captivos.

135 627 237 691 Urgebat
256 643 310 691 ergo
329 639 432 676 sanctum
449 628 478 676 de
495 628 549 691 ipsis
567 628 698 692 compassio,
714 644 754 675 nec
771 627 847 675 minus
864 644 902 675 eos

134 694 243 755 penitudo
268 694 297 739 de
320 693 397 749 facto;
425 709 505 739 verum
527 695 632 756 precipue
655 710 751 756 yspanos
775 694 902 756 plangebat,

134 773 233 820 quorum
250 758 414 819 promptiorem
426 759 449 804 in
460 759 527 804 armis
543 759 656 805 audatiam
675 758 777 804 cernebat
794 758 903 820 pauculos

134 821 257 883 reliquisse.

183 885 296 931 Noverint
307 885 350 931 boc
361 885 472 947 principes
483 885 542 931 orbis
553 896 612 931 terre
629 897 651 931 et
667 886 744 942 sciant,
755 885 811 949 quia
826 896 903 931 contra

136 950 203 995 deum
221 966 322 1012 pugnare
339 967 385 995 non
404 960 438 996 est
456 950 527 1007 facile,
544 951 602 997 idest
621 960 698 997 contra
716 951 803 997 domini
821 950 903 997 volun-

136 1024 211 1062 tatem.
246 1014 338 1060 Exitiali
349 1016 392 1061 fine
404 1016 518 1061 terminari
529 1016 586 1062 solet
595 1015 716 1077 protervia,
728 1032 772 1077 que
785 1017 841 1062 dum
858 1016 904 1062 suis

136 1078 222 1123 viribus
241 1078 329 1134 nititur,
346 1080 424 1123 celeste
444 1079 569 1124 subsidium
589 1095 634 1123 non
653 1089 757 1126 meretur.
803 1080 825 1124 Si
844 1080 904 1123 enim

137 1158 164 1187 ex
182 1142 228 1188 alto
250 1143 332 1204 sperari
354 1142 421 1189 debet
440 1143 541 1201 victoria,
558 1143 637 1190 divino
658 1152 712 1189 sunt
732 1143 813 1206 spiritu
835 1143 905 1204 prelia

137 1208 305 1253 committenda.

64 1346 132 1390 [ri-ru]
185 1303 243 1393 &o
264 1346 365 1398 tempore
384 1351 436 1381 curn
455 1345 606 1383 reverteretur
627 1344 717 1382 sanctus
736 1335 764 1381 de
786 1336 905 1382 ultramare

138 1402 223 1447 sotium
235 1399 316 1446 habens
328 1400 421 1446 fratrem
432 1401 576 1446 Leonardum
592 1401 621 1446 de
637 1400 729 1456 Assisio,
741 1400 836 1462 contigit
852 1416 904 1445 eum

138 1466 216 1509 itinere
238 1463 357 1524 fatigatum
379 1474 402 1508 et
423 1464 518 1524 lapsum,
540 1480 658 1524 parumper
683 1464 770 1508 asinum
797 1464 904 1524 equitare.

138 1528 279 1591 Subsequens
290 1538 366 1574 autem
376 1527 450 1574 socius
464 1537 486 1573 et
502 1528 554 1588 ipse,
569 1543 614 1574 non
631 1527 745 1574 modicum
757 1524 834 1584 fessus,
846 1527 905 1588 cepit

138 1593 211 1640 dicere
226 1592 285 1638 intra
295 1609 318 1637 se
328 1591 455 1638 humanum
472 1590 556 1655 aliquid
573 1608 664 1654 passus:
682 1591 737 1637 Non
753 1590 861 1637 ludebant
878 1591 905 1637 de

137 1659 186 1722 pari
197 1667 299 1721 parentes
310 1657 375 1703 huius
388 1667 411 1702 et
427 1657 477 1702 mei.
511 1657 547 1702 En
564 1666 639 1702 autem
656 1657 702 1719 ipse
718 1657 804 1719 equitat
824 1667 846 1702 et
863 1672 905 1719 ego

137 1723 240 1784 pedester
250 1722 337 1766 asinum
348 1722 396 1766 eius
407 1722 472 1768 duco.
507 1722 563 1766 Hoc
577 1721 616 1765 illo
632 1722 752 1781 cogitante,
763 1721 866 1781 protinus
877 1722 905 1766 de

138 1787 199 1833 asino
215 1786 331 1833 descendit
348 1795 435 1830 sanctus
452 1795 474 1829 et
491 1785 536 1830 ait:
557 1785 619 1843 Non,
635 1783 711 1841 frater,
730 1800 775 1829 non
792 1785 904 1841 convenit,

138 1851 226 1915 inquid,
243 1860 269 1898 ut
286 1866 329 1914 ego
346 1849 454 1914 equitem,
466 1858 492 1896 tu
511 1849 585 1896 venias
603 1848 677 1912 pedes,
695 1848 748 1912 quia
767 1848 863 1896 nobilior
882 1858 904 1896 et

139 1917 253 1979 potentior
270 1916 293 1961 in
310 1916 385 1962 seculo
402 1931 438 1960 me
455 1913 523 1962 fuisti.
568 1916 600 1960 Et
616 1915 703 1977 stupuit
719 1914 779 1960 illico
794 1914 863 1960 frater
882 1924 905 1960 et

139 1982 221 2027 rubore
233 1981 332 2026 suffusus
343 1980 506 2041 deprehensum
518 1996 540 2024 se
552 1980 658 2042 cognovit
669 1997 681 2024 a
691 1989 787 2025 sancto.>
804 1980 906 2025 Procidit

139 2046 168 2091 ad
186 2043 254 2105 pedes
272 2044 319 2089 eius
335 2052 358 2088 et
374 2043 478 2105 lacrymis
496 2043 609 2104 irrigatus,
621 2043 710 2088 nudum
727 2043 851 2104 cogitatum
867 2058 906 2087 ex-

141 2109 217 2170 posuit
228 2108 363 2170 veniamque
374 2106 482 2169 poposcit.

60 2252 134 2295 [ir-1111]
186 2204 288 2295 ⁸Hlius
301 2246 347 2281 erat
358 2235 426 2280 frater
437 2233 496 2280 fama
507 2250 580 2280 coram
592 2235 720 2281 hominibus
733 2236 825 2294 celeber,
835 2236 906 2298 gratia

140 2304 247 2350 celebrior
264 2311 314 2346 ante
330 2300 406 2352 deum,
426 2298 490 2343 cuius
506 2298 629 2344 virtutibus
645 2299 755 2354 invidens
771 2300 816 2356 ille,
833 2301 905 2344 omnis

139 2367 224 2415 invidie
240 2374 309 2428 pater,
319 2363 402 2426 cogitat
417 2361 529 2407 succidere
539 2362 641 2407 arborem
652 2362 696 2408 iam
707 2363 765 2407 celos
776 2373 905 2426 tangentem

140 2443 163 2479 et
179 2433 207 2479 de
223 2429 325 2478 manibus
341 2442 447 2474 coronam
460 2427 575 2489 preripere.
609 2428 702 2483 Circuit,
715 2429 801 2484 evertit,
814 2429 906 2475 discutit

140 2508 163 2544 et
184 2494 279 2543 ventilat
300 2510 345 2556 que
367 2502 421 2538 sunt
443 2492 497 2548 ciue,
514 2493 531 2536 si
553 2509 621 2554 quem
641 2503 717 2553 aptum
735 2504 804 2553 ponat
820 2493 905 2539 obicem

140 2561 211 2606 fratri.
246 2559 331 2618 Ingerit
342 2573 403 2617 ergo,
412 2555 454 2600 sub
465 2556 536 2615 specie
547 2556 636 2601 maioris
647 2555 795 2616 perfectionis,
805 2573 906 2618 segrega-

140 2623 207 2669 tionis
218 2621 330 2677 affectum‚
343 2629 369 2664 ut
380 2618 470 2663 tandem
481 2618 566 2663 irruens
577 2635 644 2680 super
656 2619 730 2663 solum
747 2620 812 2664 citius
828 2620 906 2666 cadere

140 2686 212 2745 faciat,
234 2696 256 2731 et
281 2701 333 2731 cum
357 2683 419 2729 solus
443 2682 552 2740 ceciderit,
572 2699 617 2727 non
643 2682 721 2728 habeat
744 2683 903 2730 sublevantem.

140 2752 204 2813 Quid
220 2750 309 2796 multa?
328 2757 414 2810 separat
436 2763 458 2792 se
480 2763 492 2792 a
513 2746 606 2793 fratrum
628 2748 743 2810 religione,
763 2749 847 2795 vadens
866 2765 906 2810 per

140 2817 253 2863 mundum
269 2813 400 2875 peregrinus
417 2820 439 2856 et
455 2810 542 2871 hospes.
