1919 3169
124 37 153 70 aa
343 23 503 70 LEGENDA
519 24 677 85 ANTIQUA

368 152 459 221 [PARS
480 154 649 222 saeuiunt]

361 288 472 331 Introitus
486 289 515 331 ad
529 288 659 333 Secundam

88 409 120 452 [Α]
170 357 291 450 Insignia
314 398 404 448 patrum
427 391 597 449 precedentium
618 391 725 434 reservari
752 391 780 434 ad
806 407 893 434 merno-
959 386 960 395 ³

126 453 182 498 riam
193 452 299 506 filiorum,
310 451 402 499 illorum
418 452 518 509 honoris,
529 453 612 500 horum
622 470 678 500 vero
688 453 769 500 amoris
785 453 892 502 inditium
959 452 960 473 ³

126 527 167 563 est.
192 518 247 563 Sane
256 516 295 580 qui
306 532 386 563 eorum
397 517 531 579 presentiam
542 517 680 581 corporalem
697 534 744 564 non
760 517 890 581 attigerunt,

126 581 227 644 ipsorum
237 592 313 627 tamen
323 582 392 644 gestis
402 593 553 645 provocantur
563 583 586 629 in
595 584 687 640 bonum,
695 592 860 644 promoventur
870 583 893 628 in

127 646 215 702 melius,
226 646 283 693 dum
294 656 375 720 patres,
387 656 517 709 temporum
529 648 667 695 successione
682 647 806 695 disiunctos
822 663 892 694 mern-

127 712 211 757 oranda
234 712 363 757 testimonia
390 711 441 756 filiis
468 723 627 786 representem
682 713 718 758 Ac
744 713 843 774 primum
870 722 893 758 et

127 775 242 822 modicum
259 774 361 823 fructum
380 776 433 823 inde
451 777 617 841 consequimur,
634 776 787 840 cognitionem
803 777 893 851 proprie

127 840 250 912 parvitatis,
266 840 370 885 videntes
389 851 521 902 quantar
490 841 533 885 11113
553 843 622 901 copia,
639 852 723 902 quanta
739 841 823 885 nobis'
818 843 894 902 inopia

128 903 267 950 meritorum.
302 903 396 949 Extimo
412 913 494 961 autem,
507 903 598 950 beatum
615 905 759 950 Franciscum
776 904 893 978 specqlum

127 969 243 1033 quoddam
262 968 427 1016 sanctissimum
446 942 558 1017 doririnice
577 970 700 1017 sanctitatis
721 980 743 1016 et
765 970 893 1034 ymaginem

127 1034 313 1095 perfectionisl
288 1034 321 1080 1111
315 1051 365 1081 11131
389 1035 444 1090 eius,
461 1036 560 1097 inquam,
578 1037 653 1082 omnia
670 1046 717 1082 tam
734 1035 809 1108 verba,
826 1052 893 1098 quam
956 1065 957 1069 =

127 1098 172 1144 fact
164 1109 186 1144 ta
196 1099 301 1144 divinum
313 1099 427 1162 quoddam
438 1072 547 1146 divinitus
558 1100 668 1155 redolent,
677 1116 750 1163 que
732 1116 750 1145 s
744 1099 894 1162 diligentem
956 1104 958 1144 ἓ

127 1163 248 1208 habeant
243 1174 399 1224 inspectorem,
418 1162 572 1226 humilemque
597 1164 741 1225 discipulum,
763 1164 808 1209 cito
835 1164 894 1209 salu-

126 1227 211 1274 taribus
223 1226 345 1290 disciplinis
356 1226 470 1273 imbutum
482 1244 570 1273 summe
581 1227 614 1273 illi
627 1228 784 1301 phylosophye
794 1227 894 1273 reddunt

126 1302 249 1355 acceptum.
283 1292 423 1355 Postquam
418 1292 488 1356 igitur
499 1293 536 1338 vel
548 1291 612 1339 tenui
623 1292 675 1338 stilo
686 1293 782 1339 transitu
794 1292 893 1355 quodam

127 1358 201 1420 aliqua
223 1358 283 1404 de
278 1374 327 1419 ipso
349 1358 455 1418 premissa
473 1368 534 1415 sunt,
557 1374 602 1405 non
624 1358 766 1421 superfluum
788 1368 844 1420 puto
866 1358 894 1404 de
956 1414 958 1416 v

127 1423 204 1468 multis
215 1438 285 1481 pauca
295 1421 432 1477 subnectere,
437 1422 527 1493 quibus
541 1433 564 1467 et
577 1423 748 1468 commendetur
766 1433 855 1468 sanctus
871 1432 894 1468 et
957 1471 959 1474 ,

126 1496 204 1534 noster
214 1484 386 1547 sompnolentus
397 1484 507 1532 excitetur
517 1485 617 1532 affectt.us

71 1621 120 1663 111-1]
160 1616 194 1658 Dc
207 1614 293 1665 Spiritu
308 1614 425 1666 prophetie
439 1625 506 1664 quem
520 1614 602 1656 beatus
616 1614 770 1655 Francischus
783 1614 863 1655 habuit

171 1700 286 1785 Beatus
303 1740 366 1790 pater
377 1745 444 1789 super
460 1729 573 1774 mundana
590 1729 686 1791 quadam
703 1729 826 1774 elevatione
841 1728 894 1774 sub·
959 1733 960 1736 ’

126 1803 211 1849 vectus,
224 1793 334 1856 quicquid
345 1793 368 1839 in
386 1793 440 1839 orbe
456 1792 501 1839 fuit
519 1792 575 1839 mira
591 1792 679 1840 virtute
696 1791 823 1854 subegerat,
841 1809 893 1837 cum

126 1876 214 1908 summe
234 1857 267 1904 illi
286 1857 331 1905 luci
351 1873 438 1920 semper
457 1856 570 1904 obiectans
589 1857 681 1904 oculum
700 1857 828 1905 intellectus
847 1873 893 1904 non

126 1926 201 1971 solum
228 1924 314 1986 agenda
341 1923 417 1969 divina
438 1923 573 1969 revelatione
594 1922 684 1979 sciebat,
706 1924 746 1970 sed
767 1924 894 1985 predicebat
956 1954 958 1956 v

126 1990 199 2038 multa
210 1988 292 2050 spiritu
303 1987 428 2051 prophetie,
436 1987 523 2034 occulta
534 1987 637 2034 cordium
649 1987 779 2044 rimabatur,
789 1987 893 2034 noscebat
956 2004 960 2051 j

127 2054 231 2109 absentia,
242 2053 373 2115 previdebat
389 2062 411 2098 et
428 2053 544 2099 enarrabat
561 2052 643 2099 futura.
677 2053 777 2098 Probant
793 2054 895 2115 exempla
959 2067 960 2070 ’

128 2118 960 2184 1111111111111113Η

175 2184 253 2230 Frater
271 2181 362 2246 quidam
380 2191 434 2238 erat,
450 2191 561 2255 quantum
575 2198 588 2227 a
604 2180 658 2227 foris
676 2180 795 2227 videbatur
812 2180 893 2227 sancti·
958 2226 960 2230 ,

127 2249 180 2294 tatis
191 2247 278 2303 eximie,
290 2247 458 2292 conversatione
475 2247 574 2319 insignis,
585 2256 660 2292 tamen
676 2247 833 2292 admodum
817 2263 892 2309 singu·
955 2271 958 2308 3

127 2312 188 2369 laris;
216 2312 278 2355 omni
304 2321 407 2370 tempore
433 2310 528 2355 orationi
554 2327 635 2356 vacans
663 2320 725 2355 tanta
753 2311 893 2356 districtione
955 2328 960 2369 ς

127 2375 242 2423 silentium
267 2373 406 2429 observabat,
432 2373 495 2436 quod
517 2383 662 2419 consueverat
688 2390 735 2418 non
761 2390 784 2418 se
810 2373 892 2429 verbis,
956 2395 959 2419 ;

128 2441 167 2487 sed
183 2439 276 2487 nutibus
292 2439 402 2494 confiteri,
419 2438 443 2483 in
465 2438 538 2484 verbis
559 2439 669 2500 scripture
691 2454 798 2500 magnum
820 2440 893 2484 conci·
955 2464 960 2490 3:

128 2504 203 2567 piebat
219 2505 329 2561 ardorem,
346 2503 445 2565 ipsisque
461 2503 549 2562 auditis,
566 2504 622 2548 mira
641 2502 759 2548 dulcedine
778 2503 892 2566 gestiebat.

129 2569 192 2631 Quid
209 2569 298 2616 multa?
331 2568 378 2615 Ter
389 2577 478 2613 sanctus
492 2567 519 2614 ab
530 2568 636 2614 omnibus
646 2567 770 2614 tenebatur.
802 2569 893 2616 Accidit

53 2633 219 2679 Folnbeatum
241 2643 327 2694 patrem
346 2633 424 2677 venire
444 2633 472 2677 ad
494 2633 576 2686 locum,
595 2632 672 2677 videre
693 2632 793 2688 fratrem,
816 2634 893 2679 audire
954 2661 955 2665 =

126 2708 236 2745 sanctum.
280 2695 497 2743 Commendantibus
519 2707 595 2742 autern
620 2694 725 2741 omnibus
747 2705 769 2742 et
790 2696 893 2759 magnifi-

127 2761 230 2810 cantibus
246 2760 316 2815 illum.
329 2761 446 2824 respondit
462 2769 539 2823 pater:
564 2761 633 2807 Sinite
648 2759 735 2819 fratres,
746 2777 787 2806 nec
803 2761 858 2806 mihi
869 2761 892 2806 in
956 2789 958 2825 j
