1919 3169
154 59 199 93 110
364 43 525 90 LEGENDA
542 44 701 91 GREGORII

151 139 259 188 francisco
275 142 350 203 ipsum
366 140 440 187 modis
456 139 562 187 omnibus
578 141 700 188 devoveret
717 150 739 187 et
755 141 786 187 ait
800 141 828 188 ad
843 140 916 187 filiurn

152 223 219 252 suum
230 224 235 252 :
252 207 293 251 Vis
304 216 334 260 te,
343 205 382 261 fili,
390 221 472 251 vovere
482 215 559 252 sancto
567 204 682 264 francisco,
691 206 821 268 qui-multis
832 206 917 269 ubique

152 280 255 318 coruscat
266 269 384 325 miraculis
394 279 420 314 ut
431 269 451 313 ei
462 269 547 330 placeat
553 279 576 315 te
582 270 609 315 ab
619 269 660 315 hac
670 270 799 332 egritudine
810 270 917 316 liberare?

152 335 202 386 Qui
218 334 362 395 respondens,
374 333 420 379 ait:
437 334 505 389 Volo,
516 345 586 395 pater.
620 335 682 380 Fecit
698 334 775 380 statim
791 346 853 395 pater
870 334 918 380 eius

152 398 265 463 apportari
281 397 385 460 papirurn
401 407 424 443 et
435 397 475 444 filii
486 408 572 445 statura
582 398 606 444 in
616 397 759 461 longitudine
771 414 796 444 ac
809 399 918 461 grossitu-

152 465 204 511 dine
218 472 359 509 mensurata:
377 462 447 523 Erige
464 472 493 521 te,
505 463 586 526 inquit,
600 463 632 509 fili
649 473 672 509 et
689 462 756 510 beato
770 462 879 509 francisco
895 474 917 510 te

152 530 238 576 devove
248 535 266 583 3⁷
278 536 300 572 et
310 527 442 572 liberatione
452 527 494 573 tibi
506 528 604 584 donata,8
615 527 730 573 candelam
741 527 783 573 sibi
793 538 833 574 tue
843 527 918 589 longi-

69 599 82 623 '-
151 593 237 640 tudinis
244 591 339 654 singulis
348 591 410 637 annis
418 591 475 639 dum
483 592 571 649 vixeris,
581 591 712 654 apportabis.
742 591 790 645 Qui
797 592 824 639 ad
831 591 917 639 iussum

152 658 220 719 patris
235 667 361 718 utcumque
372 673 395 701 se
406 657 501 719 erigens,
515 657 614 719 junctis⁹
625 657 736 715 manibus,
753 657 812 719 cepit
827 668 944 703 atrurn..

148 720 314 787 queffwheatit
335 719 436 765 francisci
458 721 634 767 misericordiam
657 722 787 784 suppliciter
806 722 918 778 invocare,

151 795 257 849 suscepta,
264 787 338 848 itaque
349 802 454 832 mensura
464 786 536 847 papiri
553 796 576 832 et
587 785 698 849 completa
714 785 821 842 oratione,
834 784 894 832 illico
906 803 918 833 a

151 851 212 913 lepra
230 860 320 897 sanatus
338 860 372 895 est
393 860 416 896 et
436 866 530 912 surgens
547 851 602 897 dans
618 852 713 913 gloriam
730 853 790 909 deo;
811 861 834 897 et
853 851 919 898 beato

150 914 259 961 francisco
270 914 328 975 cepit
339 930 392 959 cum
404 914 488 974 gaudio
495 923 511 940 ¹²
522 915 643 960 ambulare.

157 997 159 1000 ’
201 980 228 1027 In
246 978 335 1025 civitate
349 977 395 1024 fani
403 986 418 1010 ¹³
434 976 523 1024 iuvenis
539 978 640 1041 quidam,
658 979 749 1024 nomine
766 978 917 1037 bonushomo,

150 1045 213 1108 quia
229 1042 320 1089 medicis
336 1042 448 1090 universis
464 1042 587 1090 habebatur
603 1043 732 1105 paraliticus
749 1054 771 1089 et
787 1043 895 1105 leprosus,
903 1060 920 1090 a

149 1109 279 1171 parentibus
291 1108 337 1155 suis
357 1109 422 1155 beato
436 1106 545 1154 francisco
562 1108 644 1155 devote
660 1107 757 1165 oblatus,
768 1110 892 1156 mundatus
908 1126 920 1155 a

150 1175 211 1234 lepra
233 1184 256 1219 et
278 1173 378 1233 effugato
398 1173 478 1219 morbo
497 1173 603 1234 paralisis,
622 1173 712 1235 plenam
731 1185 865 1221 consecutus
887 1187 920 1222 est

150 1238 274 1283 sanitatem.

86 1416 147 1457 [evj]
244 1407 291 1448 De¹
301 1408 371 1448 mutis
380 1405 526 1457 loquentibus
535 1421 539 1450 ;
554 1408 577 1448 et
587 1406 663 1448 surdis
672 1406 823 1449 audientibus.

197 1486 307 1579 „Hpud
324 1526 422 1563 castrum
433 1515 504 1577 plebis
521 1532 577 1576 puer
592 1533 652 1562 unus
670 1526 732 1562 erat²
749 1518 918 1578 pauperrimus²

151 1592 173 1628 et
185 1581 310 1637 mendicus,
322 1581 362 1644 qui
382 1596 409 1624 ex
420 1589 469 1625 toto
489 1589 565 1624 mutus
576 1590 599 1625 et
617 1581 698 1627 surdus
714 1591 786 1627 erata
803 1582 919 1629 nativitate

151 1665 197 1695 sua.
239 1645 346 1694 Habebat
367 1662 464 1709 namque
490 1643 593 1707 linguam
620 1644 650 1691 ita
677 1643 831 1693 brevissimam
847 1655 919 1710 atque

151 1724 243 1771 curtam,
257 1713 320 1775 quod
331 1711 463 1758 multotiens
476 1727 489 1755 a
504 1708 607 1772 pluribus
617 1711 735 1773 exquisita,
747 1712 815 1758 incisa
831 1713 920 1774 penitus

152 1778 274 1824 videretur.
308 1777 360 1819 Sero
371 1791 425 1819 vero
437 1774 536 1835 quodam
548 1775 639 1819 accessit
650 1776 677 1820 ad
688 1776 784 1822 domum
801 1777 918 1823 cuiusdam

151 1843 194 1888 viri
211 1841 311 1887 eiusdem
328 1838 401 1895 castri,
420 1838 459 1900 qui
476 1836 598 1885 vocabatur
615 1854 708 1898 marcus,
720 1855 760 1902 per
777 1839 875 1904 signum,
893 1850 918 1887 ut

152 1908 225 1953 solent
236 1905 301 1961 muti,
313 1903 341 1951 ab
353 1920 380 1950 eo
394 1913 472 1966 petens
483 1902 614 1965 hospitium.
648 1904 768 1952 inclinavit
779 1906 839 1951 enim
850 1916 918 1968 caput

152 1972 257 2031 exlatere
274 1969 363 2015 maxille
375 1984 442 2029 super
459 1984 545 2028 ponens
561 1984 660 2023 manum,
674 1979 701 2014 ut
718 1985 757 2031 per
775 1970 818 2015 hoc
835 1970 919 2017 intelli-

151 2046 249 2096 geretur,
261 2034 324 2095 quod
336 2043 402 2078 nocte
413 2033 467 2077 illa3
478 2032 615 2078 desiderabat
629 2032 736 2094 hospitari
747 2050 798 2080 curn
810 2050 843 2082 eo.
878 2035 919 2081 Vir

152 2110 227 2144 autern
242 2097 280 2142 ille
294 2096 393 2141 hilariter
408 2096 505 2154 suscepit
522 2112 575 2141 eum
586 2097 610 2141 in
626 2096 696 2142 domo
713 2113 769 2154 sua;
786 2108 809 2143 et
824 2098 919 2143 libenter

151 2162 225 2211 tenuit
236 2177 288 2210 eum
298 2173 382 2217 secum,
389 2159 443 2223 quia
454 2168 605 2222 competenter
616 2169 709 2206 noverat
717 2160 820 2221 famulari
831 2162 919 2207 iuvenis

151 2228 195 2288 ille.
229 2228 292 2275 Bone
311 2224 395 2272 indolis
412 2234 458 2271 erat
475 2240 538 2288 puer,
560 2225 614 2289 quia
630 2226 683 2271 licet
699 2226 782 2273 surdus
798 2236 821 2272 et
838 2238 918 2274 mutus

150 2304 228 2340 esseta
240 2292 407 2352 cunabulis‚per
419 2292 510 2352 signum
518 2300 593 2336 tamen
602 2308 692 2353 queque
704 2302 796 2338 noverat
802 2292 917 2355 imperata.

152 2359 252 2403 Cenante
274 2356 324 2415 viro
345 2354 446 2415 predicto
468 2364 533 2399 nocte
552 2356 648 2414 quadam
668 2372 719 2399 curn
742 2372 812 2400 uxore
835 2374 874 2402 sua
895 2360 918 2402 e't

151 2423 252 2469 adstante
273 2435 344 2483 puero
366 2434 441 2463 coram
463 2417 501 2475 eis,
524 2417 583 2463 dixit
609 2418 675 2464 uxori
696 2434 751 2465 sue:
793 2419 848 2467 Hor
875 2435 918 2482 ego

151 2485 275 2533 maximum
295 2482 428 2530 miraculum
445 2492 580 2545 reputarem,
600 2484 618 2528 si
635 2482 712 2530 beatus
728 2481 849 2530 franciscus
865 2484 918 2532 huic

152 2552 255 2598 auditum
266 2549 371 2594 redderet
382 2557 405 2593 et
416 2546 536 2609 loquelam.
570 2547 602 2593 Et
612 2548 692 2593 adiecit
704 2565 710 2593 ε
732 2548 812 2595 Voveo
823 2549 918 2596 domino

177 2673 228 2709 7Os.
237 2669 300 2706 devote
308 2667 358 2706 offer.
391 2667 484 2705 8L.data.
517 2671 567 2706 905.
577 2671 634 2706 omits.
668 2670 798 2714 ¹⁰L.,H.and
807 2674 898 2710 Osornit.

178 2729 192 2749 11
203 2723 224 2762 L.
234 2722 291 2760 omits.
322 2752 324 2755 ,
369 2722 384 2745 1²
394 2717 427 2757 Os.
437 2719 508 2768 gaudiis.
586 2723 601 2749 ¹³
610 2721 633 2759 L.
642 2714 734 2771 pharavf

178 2776 218 2815 1E.
228 2776 262 2813 and
270 2773 298 2812 H.
308 2773 368 2816 omit.
401 2773 544 2823 ²Oapauperis.
572 2772 599 2812 H.
609 2782 645 2811 erat
654 2774 754 2825 pauperiori.
788 2774 833 2814 3Η.
842 2777 899 2815 omits.
