1919 3169
242 64 402 114 LEGENDA
420 63 580 111 GREGORII
768 79 796 125 39

66 263 186 316 Quomodo
195 262 277 304 beatus
287 259 424 300 Franclscus
434 256 511 318 docuit
520 257 602 298 tratres
610 267 688 305 orare;
701 259 725 299 et
734 256 762 298 cle
801 256 895 298 [nxan]

213 310 342 356 obedientia
354 313 377 352 et
391 312 490 360 purrtate
504 310 605 351 fratrum.

77 375 222 462 Deorecati
233 413 286 449 sunt
298 418 350 447 eum
362 399 442 447 fratres
453 410 554 463 tempore
566 398 612 456 illo,
621 410 647 445 ut
658 400 748 446 doceret
759 418 797 446 eos

33 487 102 529 orare,
119 452 226 533 quoniam
246 468 270 513 in
290 466 432 528 simplicitate
448 465 541 527 spiritus
562 465 702 511 ambulantes
723 465 796 511 adhuc

33 536 206 584 ecclesiasticum
214 532 328 578 officium1
340 529 479 593 ignorabant.
513 529 604 591 Quibus
615 530 663 592 ipse
669 530 700 576 ait
710 548 715 576 z
734 529 796 577 Cum

33 600 130 657 orabitis,
147 599 215 645 dicite
231 597 298 642 Pater
315 605 391 641 noster
408 604 430 640 et
448 595 567 640 adoramus
589 604 611 639 te
630 594 712 640 christe
730 605 752 641 et
768 595 796 640 ad

33 679 112 711 omnes
133 661 234 707 ecclesias
256 670 312 715 tuaS,
335 675 380 722 que
401 668 454 704 sunt
476 659 499 704 in
518 659 624 704 universo
646 659 752 716 mundo;
774 669 797 705 et

33 727 184 774 benedicimus
196 725 244 783 tibi,
256 725 309 787 quia
326 741 364 786 per
381 734 479 769 sanctam
497 740 585 768 crucem
602 734 664 769 tuam
682 723 796 769 redemisti

33 792 152 837 mundum.
702 837 703 840 Ἴ

81 854 136 900 Hoc
146 862 220 898 autem
231 851 274 913 ipsi
286 850 366 896 fratres
377 849 408 912 pii
420 850 520 912 magistri
531 849 635 912 discipuli
647 866 735 897 summa
745 867 796 896 cum

34 918 150 982 diligentia
166 916 282 965 observare
299 915 421 963 curabant.²
454 915 516 967 Quia
532 931 578 962 non
594 931 620 962 ea
636 925 734 974 tantum,
753 932 796 980 que

35 984 112 1029 beatus
134 991 196 1044 pater
217 980 338 1026 franciscus
360 979 447 1026 dicebat
469 980 500 1025 eis
521 978 619 1025 fraterno
642 980 741 1037 consilio,
759 997 798 1026 seu

34 1058 126 1109 paterno
147 1046 250 1107 imperio,
271 1060 352 1091 verum
379 1044 445 1088 etiarn
473 1045 491 1089 si
513 1060 538 1088 ea
554 1060 598 1106 que
619 1044 739 1106 cogitabat,
761 1045 798 1090 vel

35 1110 186 1157 meditabatur
207 1109 261 1170 ipsc,
283 1107 359 1170 aliquo
380 1108 435 1153 scire
457 1106 548 1169 possent
569 1107 660 1166 indicio,
677 1108 798 1155 studebant

35 1174 183 1219 efficacissime
193 1172 321 1234 adimplere.
355 1170 450 1216 Dicebat
465 1171 525 1215 enim
539 1171 570 1216 eis
581 1171 629 1233 ipse
640 1171 718 1217 beatus
729 1182 798 1233 pater,

35 1254 111 1283 veram
122 1237 271 1283 obedientiam
278 1235 327 1281 fore
335 1251 380 1280 non
389 1235 462 1280 solum
471 1236 588 1296 prolatam,
596 1236 634 1281 sed
643 1237 797 1299 excogitatam,

36 1320 80 1348 non
97 1301 169 1348 solum
185 1301 325 1362 imperatam,
342 1300 380 1346 sed
398 1300 561 1355 desideratam;
579 1301 622 1346 hoc
638 1312 677 1356 est,
695 1302 713 1347 si
730 1301 799 1347 frater

35 1366 110 1412 fratris
120 1366 198 1429 prelati
209 1365 312 1411 subditus
324 1381 370 1409 non
381 1364 455 1410 solum
466 1364 541 1409 audiat
551 1380 636 1420 vocem,
649 1366 686 1411 sed
699 1381 800 1428 compre-

36 1431 118 1477 hendat
130 1432 279 1486 voluntatem,
296 1430 372 1475 statim
388 1430 416 1475 ad
433 1429 584 1475 obedientiam
601 1440 676 1475 toturn
692 1447 715 1475 se
732 1430 798 1476 debet

36 1494 138 1555 colligere
160 1510 184 1539 ac
203 1493 274 1538 facere
291 1494 353 1555 quod
375 1509 426 1538 eum
448 1493 506 1538 velle
522 1494 587 1554 signo
604 1493 679 1556 aliquo
696 1510 799 1555 compre-

36 1558 134 1604 hendet.³

84 1623 109 1667 ln
121 1637 262 1683 quocumque
274 1630 406 1682 propterea4
422 1621 472 1667 loco
484 1621 558 1683 aliqua
569 1621 659 1667 ecclesia
673 1632 800 1668 constructa

37 1684 95 1730 foret
111 1685 212 1730 etiamsi⁵
229 1694 341 1745 presentes
358 1685 420 1729 non6
442 1693 521 1739 erant,⁷
538 1695 627 1733 tantum
644 1695 735 1746 possent
752 1702 800 1732 eam

37 1758 161 1811 utcumque
183 1764 272 1793 cernere
294 1748 321 1794 de
343 1748 441 1807 remotio,
459 1748 594 1794 inclinabant
616 1765 638 1794 se
655 1765 733 1795 versus
752 1766 800 1796 eam

37 1814 102 1872 proni
119 1822 279 1872 superterram
296 1822 319 1857 et
335 1813 442 1857 inclinato
453 1823 550 1873 utroque
567 1814 666 1869 homine,
678 1814 801 1859 adorabant

38 1875 216 1937 omnipotentem
236 1875 350 1922 dicentes:
368 1876 498 1922 Adoramus
510 1886 532 1922 te
543 1876 624 1922 christe
635 1877 673 1923 et8
684 1878 712 1923 ad
724 1893 802 1923 omnes

38 1939 137 1985 ecclesias
149 1949 214 1995 tuas,
231 1940 289 1986 sicut
306 1956 344 1986 eos
357 1941 464 1987 docuerat
480 1950 569 1987 sanctus
586 1951 654 2003 pater.
689 1942 728 2000 Et,
740 1943 802 2005 quod

39 2020 83 2048 non
94 2005 168 2049 minus
179 2013 228 2049 est⁹
240 2005 422 2063 admirandum,¹⁰
434 2004 570 2068 ubicumque
581 2022 676 2062 crucem,
685 2007 720 2052 vel
732 2008 803 2052 crucis

39 2067 127 2128 signum
138 2068 293 2126 intuebantur,
301 2069 348 2115 sive
358 2077 372 2094 ¹¹
381 2070 404 2114 in
414 2079 479 2125 terra,
490 2070 537 2116 sive
546 2078 560 2094 ³¹
569 2070 592 2114 in
601 2071 691 2130 pariete,
700 2071 747 2116 sive
756 2079 770 2095 ²²
779 2072 802 2116 in

39 2130 160 2188 arboribus,
170 2139 185 2157 ¹²
196 2132 265 2177 sive¹¹
277 2132 300 2177 in
311 2132 401 2195 sepibus
413 2134 507 2190 viarum,
519 2132 629 2179 faciebant
639 2135 682 2180 hoc
695 2134 761 2182 idem.

281 2284 371 2314 sanctu
390 2278 561 2315 srmrmcrrns.¹³

86 2355 119 2399 Sic
147 2356 207 2400 enim
236 2372 273 2401 eos
297 2358 422 2419 repleverat
446 2367 521 2403 sancta
549 2358 684 2420 simplicitas,
707 2361 737 2405 sic
765 2377 804 2406 eos

40 2417 164 2478 innocentia
175 2421 221 2465 vite
233 2421 333 2479 docebat,
346 2423 376 2466 sic
390 2439 428 2467 eos
442 2424 516 2468 cordis
528 2424 615 2485 puritas
630 2424 765 2486 possidebat,
777 2436 804 2471 ut

40 2497 801 2512 Ἣ

79 2526 85 2544 1
99 2522 132 2560 Os.
143 2524 226 2561 ordinem.
343 2526 387 2563 2Ι-Ι.
399 2527 433 2563 and
442 2528 474 2564 W.
484 2540 531 2565 vana
541 2539 653 2565 autumnum,
713 2561 715 2563 .

78 2577 86 2601 ³
100 2575 125 2610 L.
132 2577 291 2625 comprehenderet.
315 2576 349 2612 Os.
357 2578 391 2613 and
398 2578 436 2615 Ox.
445 2580 600 2629 comprehenderit.
628 2580 659 2616 W.
667 2581 802 2629 comprehendit.

79 2629 86 2653 l
100 2625 131 2660 W.
141 2636 223 2672 preterea.
275 2630 282 2654 ⁵
296 2627 324 2662 H.
334 2629 368 2663 and
378 2628 417 2665 Ox.
427 2632 465 2666 etsi.
517 2629 525 2653 ⁶
539 2631 566 2666 H.
577 2631 611 2666 and
620 2630 651 2666 W.
661 2641 714 2667 eraut.

68 2675 87 2702 *7
101 2675 125 2711 L.
135 2675 168 2711 and
178 2677 208 2712 W.
219 2677 253 2713 add
262 2686 285 2714 et.
449 2679 457 2703 ⁸
474 2680 506 2720 Os.
516 2682 559 2719 adds
568 2682 690 2719 benedicamus
698 2683 736 2718 tibi.

79 2730 87 2753 ⁹
101 2727 124 2763 L.
135 2729 169 2764 ancl
178 2729 209 2765 W.
219 2731 267 2766 omit.
346 2733 361 2751 1⁰
375 2730 407 2768 Os.
418 2734 474 2769 omits.
553 2737 567 2756 ¹¹
582 2733 621 2770 Ox.
631 2734 665 2770 and
673 2733 705 2770 W.
716 2747 750 2771 seu.

81 2780 95 2798 ¹²
109 2778 223 2818 Om'arbore.
277 2784 291 2809 ¹3
306 2781 325 2818 L.
336 2793 396 2819 omits.
