1919 3169
99 51 127 96 68
284 47 482 97 TRACTATUS
503 50 678 96 SECUNDUS

98 147 202 209 protinus
215 147 238 192 in
252 145 342 192 tristitia
358 145 492 209 subrogabat
506 146 618 193 affectum.
652 146 767 208 Tempore
777 144 865 208 yemali,

99 228 151 257 cum
170 212 259 257 nonnisi
277 227 322 255 una
340 211 415 256 tunica
432 222 521 257 sanctus
539 212 585 257 eius
604 212 764 271 corpusculum
780 221 866 272 tegere-

99 285 136 322 tur
154 275 220 338 petiis
236 274 361 321 admodum
377 273 459 320 vilibus
476 274 585 330 resarcita,
599 275 734 337 guardianus
750 291 812 331 suus,
826 274 865 337 qui

100 350 123 387 et
134 340 204 387 sotius
214 341 262 386 eius
274 348 328 395 erat,
340 355 413 386 unum
427 340 514 387 corium
530 340 658 402 vulpinium
674 340 790 403 acquirens
800 342 823 385 et
839 339 867 386 ad

100 406 174 468 ipsum
185 404 299 466 perferens
309 405 380 450 dixit:
398 405 473 461 Pater,
483 406 636 451 infirmitatem
649 405 731 465 pateris
747 405 829 466 splenis
845 415 867 450 et

101 470 226 523 stomachi3
248 484 326 529 precor
348 468 475 514 charitatem
498 480 560 514 tuam
582 470 605 514 in
627 469 727 526 domino,
746 479 773 514 ut
794 467 867 515 sultus

101 534 200 580 tunicam
211 532 299 595 patiaris
317 532 378 578 istud
396 533 473 578 consui
491 534 593 579 corium:
613 533 676 595 quod
693 533 711 579 si
728 542 804 578 totum
822 550 867 577 non

101 597 180 660 placet,
202 597 276 644 saltim
302 614 368 659 supra
394 607 517 643 stomacum
542 598 589 644 fieri
613 598 666 643 sine¹
722 598 766 643 Cui
791 596 868 643 beatus

102 662 264 710 Francischus:
288 661 310 708 Si
329 662 371 719 vis,
389 672 415 709 ut
432 662 473 709 sub
490 663 566 709 tunica
584 663 655 725 patiar
674 662 742 720 istud,
760 660 793 708 fac
812 662 867 709 mihi

101 728 201 773 eiusdem
218 743 320 772 mensure
337 727 420 787 petiam
435 729 533 773 exterius
547 727 658 787 applicari,
669 745 714 789 que
731 737 825 773 consuta
841 727 868 772 de

97 790 164 850 -foris,
177 791 261 837 indicet
277 790 405 836 hominibus
422 790 503 852 pellem
520 791 582 837 intus
597 790 756 836 absconditam.
795 789 870 836 Audit

102 854 178 914 frater,
194 871 235 901 nec
253 855 377 917 approbat;
397 856 471 912 instat,
488 871 529 901 nec
547 856 652 917 impetrat
670 855 736 901 aliud.
770 855 871 919 Aequic-

103 931 178 967 scente
188 921 278 966 tandem
289 919 419 982 guardiam,
431 920 491 981 petia
504 936 569 981 supra
584 920 668 982 petiam
682 921 761 977 suitur,
773 937 801 965 ne
815 920 870 966 alius

103 984 158 1031 foris
169 1001 237 1048 quam
248 985 310 1031 intus
321 984 466 1031 Francischus
476 1001 522 1031 esse
533 995 678 1031 monstretur.

26 1130 101 1171 [rr-01³1]
193 1126 228 1168 De
240 1125 339 1178 quadam
353 1137 397 1167 sua
410 1126 552 1167 confessione
565 1129 645 1168 contra
657 1126 783 1178 ypocrisim.

149 1203 286 1299 &empore
317 1236 416 1299 quodam
448 1236 507 1298 apud
534 1236 704 1282 heremitorium
734 1238 761 1283 de
783 1237 870 1296 -Podio,

105 1303 162 1349 circa
179 1302 319 1348 nativitatem
338 1300 424 1347 domini
444 1318 533 1362 magno>
545 1301 631 1363 populo
649 1301 677 1348 ad
696 1302 870 1364 predicationem

15 1372 192 1424 Fol.24*⁰vocato‚
203 1366 243 1412 tali
255 1364 352 1428 prologo
366 1381 457 1410 exorsus
469 1374 517 1411 est:
535 1365 583 1410 Vos
599 1365 689 1410 creditis
704 1382 740 1410 me
756 1367 871 1412 hominem

105 1441 207 1478 sanctum
229 1440 251 1477 et
273 1430 324 1476 ideo
345 1430 428 1476 devote
447 1430 546 1475 venistis.
580 1431 623 1476 Sed
644 1430 723 1485 fateor,
738 1432 780 1489 ait,
799 1431 871 1488 vobis,

105 1506 154 1543 tota
164 1497 205 1542 hac
215 1494 383 1559 quadragesima
394 1494 481 1557 cybaria
491 1494 554 1541 lardo
565 1495 654 1541 condita
665 1497 758 1543 comedi.
793 1497 871 1559 Sicque

106 1561 239 1624 frequentur
252 1559 365 1621 voluptati
381 1559 503 1622 imputavit
520 1560 583 1622 quod
599 1560 661 1621 prius
677 1560 802 1607 infirmitati
818 1578 873 1608 con-

106 1635 206 1672 cesserat.

38 1776 103 1816 [A-cx]
253 1770 288 1812 De
298 1771 440 1813 consessione
449 1773 528 1814 contra
536 1782 618 1814 vanam
627 1770 729 1823 gloriam.

153 1856 251 1944 Simili
271 1888 360 1935 fervore
376 1889 564 1950 quandocumque
579 1889 670 1950 spiritus
685 1891 732 1936 eius
749 1891 776 1936 ad
792 1909 873 1938 vanam

106 1952 201 2019 gloriam
229 1962 364 2009 moveretur,
388 1952 464 1998 statim
491 1968 567 1998 coram
594 1952 699 1999 omnibus
728 1955 789 2001 nuda
816 1956 872 2003 illud

107 2018 245 2065 confessione
256 2018 371 2081 prodebat.
404 2018 510 2078 Quodam
521 2019 582 2063 enirn
593 2029 702 2080 tempore,
716 2037 766 2066 curn
780 2021 822 2067 iret
832 2039 872 2082 per

107 2084 221 2131 civitatem
242 2083 328 2140 Assisii‚
341 2082 438 2128 occurrit
448 2083 469 2127 ei
485 2083 561 2129 vetula
577 2085 682 2146 quedam,
695 2094 773 2146 petens
790 2087 875 2149 aliquid

107 2148 135 2194 ab
151 2164 194 2203 e0;
211 2147 280 2194 nichil
301 2158 377 2192 autem
399 2146 480 2205 habens
501 2157 575 2208 preter
594 2148 733 2205 mantellum,
753 2149 834 2195 festina
855 2151 875 2195 ei

107 2211 239 2259 liberalitate
265 2211 390 2266 concessit3
412 2210 509 2256 sentiens
528 2227 582 2257 vero
603 2211 674 2258 inanis
695 2212 777 2259 favoris
799 2224 876 2260 motus

108 2278 211 2341 irrepere,
231 2276 308 2324 statim
329 2291 403 2323 coram
425 2275 529 2323 omnibus
550 2292 631 2324 vanam
652 2277 746 2340 gloriam
773 2278 875 2327 habuisse

108 2341 221 2390 confessus
236 2353 276 2389 est.

31 2491 107 2533 [a-ch]
133 2523 135 2526 ,
350 2478 426 2521 Verba
436 2480 556 2523 monitoria
568 2480 591 2522 in
603 2491 634 2523 se.

160 2564 293 2653 studebat
311 2594 370 2641 bona
391 2595 477 2641 domini
498 2595 533 2642 sui
554 2613 634 2642 arcano
655 2598 752 2661 pectoris
773 2601 875 2660 condere,

110 2664 189 2710 nolens
197 2673 272 2723 patere
281 2661 352 2723 glorie
360 2661 422 2722 quod
430 2671 505 2722 posset
516 2678 580 2708 causa
590 2679 637 2708 esse
648 2664 719 2711 ruine.
753 2665 813 2712 Nam
825 2684 876 2729 sepe

111 2744 162 2773 cum
173 2727 355 2772 beatificaretura
366 2723 475 2785 pluribus,
484 2726 580 2771 verbum
591 2727 746 2773 huiuscemodi
757 2732 875 2790 responde·

111 2792 165 2841 bat:
189 2791 259 2839 Filios
275 2801 297 2838 et
312 2789 369 2836 filias
386 2789 459 2836 adhuc
476 2787 555 2836 habere
571 2807 680 2854 possum3
699 2792 770 2839 nolite
785 2794 875 2842 laudare
