1919 3169
142 53 170 99 92
353 38 514 85 1111111111
531 38 691 85 oxaooxn

140 136 212 180 iesum
229 136 252 178 in
268 134 360 196 reliquis
376 134 484 178 memhris
500 151 587 195 semper
604 136 715 195 portabat.
748 137 770 179 O
790 136 902 196 quotiens,

141 215 193 245 cum
219 199 306 246 sederet
332 199 360 246 ad
386 198 515 260 prandium,
537 198 635 255 audiens,
662 199 699 245 vel
721 198 846 257 nominans,
868 197 904 242 vel

140 273 201 327 cogi
202 280 241 311 ans
252 279 332 320 1esum
348 262 470 326 corporahs
481 280 529 311 esce
545 263 602 311 oblit
584 273 630 311 itus
646 272 696 320 est;
713 272 736 310 et
746 273 773 311 ut
784 263 812 311 de
828 271 904 311 sancto

141 329 241 393 legitur:
258 301 343 374 Videris
356 344 402 374 non
412 325 518 376 videbat
515 339 538 374 et
550 329 640 375 audiens
652 345 697 375 non
708 328 818 379 audiebat.
854 328 905 375 lmo

142 404 164 440 et
178 393 310 440 multotiens
320 409 373 440 curn
384 409 423 454 per
437 393 496 441 viam
508 393 549 440 iret
560 393 671 440 meditans
684 404 706 440 et
722 404 814 440 cantans
825 394 904 449 iesum,

142 457 315 503 obliviscebatur
341 457 428 503 itineris
454 467 477 503 et
504 458 579 504 omnia
605 459 714 504 elementa
741 458 850 504 invitabat
877 431 905 503 ad

142 522 232 569 laudem
247 521 301 567 iesu.

189 587 222 633 Et
232 586 286 649 quia
296 586 355 632 miro
366 602 442 633 amore
453 602 542 649 semper
553 587 575 633 in
587 586 654 633 corde
664 603 706 633 suo
716 585 808 649 gerebat
819 596 907 633 et'con-

143 652 239 697 servavit
246 657 262 682 ⁴⁰
283 650 394 697 christum
417 651 488 696 iesum
507 660 529 696 et
550 651 612 697 hunc
631 651 770 709 crucifixum,
790 660 907 713 propterea

142 715 257 776 signaculo
274 730 316 760 suo
322 723 337 747 ⁴¹
354 713 514 775 gloriosissime
530 731 597 774 supra
614 725 698 760 ceteros
714 725 747 761 est
762 715 907 775 insignitus‚⁴²

142 794 210 842 quem
227 777 295 824 etiarn
313 787 388 824 mente
405 776 513 824 excedens
532 777 725 840 contemplabatur
744 778 767 824 in
785 778 856 842 gloria
872 778 905 822 in-

142 842 227 890 dicibili
243 852 266 889 et
283 842 502 905 incomprehensibili
520 843 635 890 sedentem
652 845 680 891 ad
696 844 810 890 dexteram
830 844 906 905 patris

143 925 196 955 cum
217 925 264 973 quo
291 907 339 970 ipse
366 908 514 954 coaltissimus
522 915 538 940 4³
560 908 661 955 altissimi
683 909 743 954 filius
771 909 794 954 in
821 909 908 954 unitate

143 974 236 1035 spiritus
257 973 329 1019 sancti
356 973 415 1019 vivit
442 983 464 1019 et
486 983 573 1035 regnat,
595 974 665 1019 vincit
686 983 709 1019 et
730 974 831 1036 imperat,
853 974 908 1020 deus

142 1037 269 1083 eternaliter
280 1036 392 1098 gloriosus
403 1052 443 1096 per
454 1037 530 1082 omnia
541 1038 614 1082 secula
625 1037 760 1083 seculorum.
793 1038 875 1084 Amen.

92 1301 119 1339 [Β
119 1302 141 1340 X]
189 1270 226 1344 De
230 1296 316 1373 parieta
326 1301 469 1343 dominarum
478 1302 552 1352 apud¹
562 1305 680 1343 sanetum¹
690 1303 833 1348 damianum
843 1306 866 1344 et

212 1353 361 1404 υβυυιυουο
370 1365 422 1396 cum
427 1353 512 1396 ²laude
520 1356 544 1396 et
552 1354 632 1405 gloria,
642 1355 748 1406 sepultus
758 1358 801 1398 est

191 1407 311 1515 Fratres
332 1458 404 1521 igitur
426 1468 449 1504 et
471 1458 518 1517 filii,
540 1459 579 1521 qui
601 1469 752 1505 convenerant
773 1475 825 1505 cum
848 1460 909 1505 omni

145 1523 294 1570 multitudine
305 1522 450 1584 populorum,
462 1540 505 1584 que
521 1539 548 1568 ex
564 1523 643 1570 vicinis
660 1523 788 1570 civitatibus
803 1525 872 1570 tantis
888 1540 910 1568 se

145 1588 273 1650 gaudebant
292 1588 398 1633 interesse
416 1587 536 1642 solemniis,
555 1597 627 1633 totam
644 1599 732 1634 noctem
749 1588 810 1634 illam
820 1584 850 1634 in
867 1606 912 1650 qua

145 1651 201 1698 obiit
213 1661 303 1697 sanctus
320 1659 398 1713 pater³
414 1651 497 1697 divinis
513 1650 617 1697 laudibus
633 1661 823 1698 consumaverunt
835 1653 873 1711 ita,
885 1661 911 1697 ut

145 1732 185 1778 pre
209 1715 368 1762 iubilationum
396 1715 515 1762 dulcedine
543 1731 568 1761 ac
595 1716 708 1762 luminum
737 1716 837 1763 claritate
863 1715 912 1762 fore

146 1780 276 1842 angelorum
289 1779 383 1826 excubie
393 1780 533 1826 viderentur.
566 1781 636 1825 Mane
647 1791 724 1827 autem
732 1781 798 1837 facto,
808 1781 913 1828 convenit

146 1844 270 1892 multitudo
287 1843 385 1892 civitatis
400 1844 480 1890 Assisii
497 1861 548 1891 cum
565 1845 672 1892 universo
683 1845 757 1903 cler03
773 1856 796 1892 et
807 1846 912 1892 tollentes

146 1925 233 1954 sacrum
252 1924 333 1969 corpus
354 1908 382 1953 de
403 1909 462 1966 loco,
481 1910 504 1952 in
526 1924 572 1970 quo
593 1908 687 1966 obierat,
709 1926 760 1955 cum
778 1911 868 1970 hymnis
890 1920 913 1954 et

146 1972 258 2029 laudibus,
274 1971 428 2035 clangentibus
445 1971 505 2017 tubis
521 1972 595 2032 ipsum
612 1973 639 2018 ad
656 1974 771 2019 civitatem
791 1973 912 2019 honorifice

146 2054 188 2102 per
190 2047 301 2085 ta.verunt

195 2104 339 2175 Acceperunt
347 2101 431 2163 singuli
440 2116 512 2146 ramos
521 2100 644 2147 olivarum⁴
653 2103 790 2165 aliarumque
798 2103 913 2157 arborum,

147 2183 218 2213 sacras
248 2165 351 2227 exequias
382 2164 511 2212 solemniter
543 2175 678 2228 exequentes
707 2176 730 2212 et
760 2167 914 2227 multiplicatis

148 2228 304 2287 luminaribus,
315 2228 408 2275 laudum
425 2236 532 2274 munera⁵
549 2229 642 2274 vocibus
658 2229 758 2275 altisonis
774 2231 914 2276 exolvebant.

149 2296 262 2359 Cumque,
270 2266 412 2355 peltantibus
420 2292 471 2337 filiis
482 2303 569 2354 patrem
580 2304 603 2338 et
614 2309 681 2356 grege
689 2305 796 2355 sequente
803 2306 914 2355 pastorem

149 2360 193 2406 ad⁶
204 2368 253 2421 past
254 2358 330 2404 orem⁶
352 2357 454 2403 omnium
476 2368 641 2420 properantem,
662 2369 798 2419 perventum
814 2369 871 2405 esset
887 2359 915 2405 ad

149 2423 250 2481 locum,
245 2440 268 2468 rn
279 2439 326 2485 quo
336 2422 369 2468 rel
370 2421 470 2493 igionem
481 2433 504 2468 et
514 2422 617 2468 ordinem
632 2438 745 2469 sacrarum
762 2423 876 2485 virginum
893 2433 915 2469 et

150 2487 292 2533 dominarum
312 2499 437 2547 pauperum
453 2485 501 2545 ipse
522 2485 596 2546 primo
618 2485 733 2546 plantavit,
751 2486 916 2547 deponentibus

190 2606 206 2633 ⁴⁰
215 2602 236 2640 L.
246 2600 280 2638 and
289 2601 322 2637 Os.
332 2599 450 2637 conservabat.
501 2603 516 2629 ⁴¹
527 2599 547 2637 L.
557 2601 619 2638 crucis.
671 2604 687 2630 4²
697 2601 723 2637 H.
732 2600 766 2637 and
776 2600 797 2638 L.
807 2600 888 2649 signatus.

190 2657 206 2685 43
216 2654 243 2693 H.
252 2652 350 2690 altissimus.
377 2652 415 2689 Ox.
425 2649 531 2689 coaltissimi.

191 2710 197 2730 ¹
207 2705 228 2744 L.
238 2703 312 2747 omits.
424 2705 431 2724 ²
441 2704 474 2740 0⁵·
483 2703 557 2745 omits.
669 2708 677 2732 ³
686 2704 708 2741 P.
717 2703 760 2741 adds
769 2704 869 2741 franciscus.

190 2759 241 2796 601.
251 2755 351 2806 palmarum.
416 2756 466 2792 ⁵0⁸.
477 2765 539 2792 mutua.
567 2758 605 2794 Ox.
615 2757 689 2793 numina.
755 2755 810 2793 6011,
820 2757 877 2794 omits.
