1919 3169
242 86 441 135 TRACTATUS
455 84 630 132 SECUNDUS
788 96 817 143 33

53 203 112 242 ver0,
131 185 159 231 de
178 195 306 245 paupertate
325 199 451 229 sermonem
473 181 561 236 faciens,
577 179 692 241 ingerebat
712 162 818 223 fratribus

54 248 207 311 evangelicum
229 247 298 293 illud:
322 246 407 307 Vulpes
423 244 498 292 foveas
517 243 600 290 habent
616 253 639 289 et
657 242 760 289 volucres
779 243 818 288 celi

55 316 124 369 nidos,
151 313 211 360 filius
237 321 312 359 autern
340 312 410 356 homo
435 326 481 356 non
505 309 582 355 habuit
607 307 645 354 ubi
670 306 741 370 capud
765 324 818 353 suus

55 378 176 427 reclinaret.

102 521 136 561 De
149 519 218 560 domo
231 529 300 569 quam
314 516 375 568 apud
390 516 559 559 Portiunculam
573 517 691 560 destruere
705 518 771 569 cepit.
821 523 906 569 [n-xtlfl

103 610 226 697 Quodam
237 648 344 698 tempore,
357 652 415 693 cum,
426 636 486 697 apud
503 646 600 682 sanctam
616 636 709 682 mariam
723 636 751 682 de
765 653 818 698 por-

57 704 163 757 tiuncula,
175 703 245 748 teneri
262 700 352 747 deberet
370 701 493 761 capitulum
509 702 586 745 etiam
601 710 690 761 tempus
701 701 819 758 instarum,

58 768 203 821 considerans,
209 765 305 827 populus
311 763 388 821 assisii,
397 763 490 808 domum
497 763 527 808 ibi
534 763 612 820 faeere,
620 765 729 811 nesciente
736 765 819 826 pariter

58 844 79 879 et
90 832 179 878 absente
187 832 237 877 viro
245 831 288 886 dei,
298 830 392 875 domum
401 844 442 890 pro
450 828 546 890 capitulo
555 829 659 875 citissime
668 838 803 876 construunt
813 846 819 886 余

59 914 104 961 quo
114 897 205 943 tandem
215 911 317 941 reversus
327 904 397 957 pater,
407 894 501 941 domum
512 894 595 955 aspexit
603 904 626 941 et
633 895 727 941 moleste
738 895 819 953 ferens,

59 979 103 1008 non
120 962 218 1006 molliter
235 960 315 1005 doluit.
360 959 418 1004 Mox
434 959 461 1004 ad
472 958 630 1005 eliminandam
641 958 718 1004 eadem
734 961 820 1021 primus

58 1026 162 1086 assurgit,
178 1034 263 1069 tectum
286 1022 413 1068 conscendit
434 1032 457 1066 et
472 1022 551 1068 lateres
573 1039 625 1067 cum
647 1023 734 1085 tegulis,
752 1040 820 1068 manu

60 1089 132 1135 valida
142 1086 247 1142 subruit余
264 1086 325 1131 iubet
342 1086 408 1131 etiarn
424 1084 504 1131 fratres
520 1086 635 1132 ascendere
646 1097 668 1133 et
684 1096 820 1145 monstrum,

60 1153 183 1217 paupertati
196 1151 333 1213 oppositum,
345 1151 432 1197 eminus
442 1150 555 1212 abrogare.
592 1151 686 1197 Dicebat
697 1151 764 1208 enim,
776 1152 821 1198 cito

60 1217 232 1281 expandendum
256 1232 295 1278 per
316 1215 418 1261 ordinem
440 1225 462 1261 et
486 1215 639 1277 accipiendum
666 1215 771 1263 omnibus
798 1217 821 1263 in

60 1281 194 1344 exemplum,
202 1281 313 1345 quidquid
324 1281 347 1325 in
354 1281 405 1326 loco
413 1279 452 1325 illo
461 1281 601 1342 arrogantius
609 1281 730 1327 videretur.
754 1281 822 1328 Hanc

61 1364 114 1408 ergo
129 1348 224 1391 domum
240 1344 345 1389 funditus
361 1345 484 1400 evertisset,
501 1345 543 1388 nisi
559 1344 648 1399 milites,
660 1346 698 1407 qui
715 1344 822 1402 astabant,

61 1426 108 1457 eam
129 1408 297 1456 communitatis
324 1417 346 1454 et
370 1423 417 1454 non
438 1406 534 1454 fratrum
555 1407 660 1465 dicentes,
682 1408 766 1458 fervori
788 1410 823 1457 sui

61 1476 153 1537 spiritus
169 1475 312 1521 obstitissent.

157 1618 191 1659 De
204 1617 272 1658 domo
285 1616 425 1666 bononiensi,
439 1616 468 1656 de
481 1626 527 1665 qua
540 1614 642 1658 infirmos
655 1615 721 1658 elicit.
825 1613 920 1655 [namu]

107 1702 170 1789 De
180 1749 269 1792 verona,
282 1733 379 1796 quodam
394 1740 503 1794 tempore,
513 1731 600 1779 rediens
610 1742 633 1779 et
647 1750 687 1796 per
703 1734 824 1783 bononiam

63 1799 154 1843 transire
177 1799 261 1854 volens,
285 1797 348 1842 audit
369 1796 464 1842 fratrum
488 1797 583 1843 domum
606 1799 694 1846 noviter
718 1799 749 1846 ibi
771 1818 822 1847 con-

0 1869 1 1883 続
64 1873 178 1918 structam,
193 1864 231 1925 qui
250 1879 282 1916 eo,
302 1862 363 1923 quod
380 1860 475 1907 fratrum
494 1862 588 1906 domum
607 1863 701 1909 verbum
719 1866 824 1922 insonuit,

0 1937 2 1965 2
64 1942 164 1988 gressum
175 1926 244 1972 vertit
254 1934 278 1972 et
288 1925 408 1971 bononiam
420 1941 466 1971 non
474 1926 585 1982 aceedem,
594 1926 682 1974 aliunde
690 1930 823 1992 pertransiit.

66 1991 161 2037 Mandat
171 1991 267 2055 denique
279 1990 383 2036 fratribus
394 1990 490 2036 domum
501 1991 630 2037 festinanter
641 1995 699 2039 exire
709 2009 714 2049 3
732 2006 826 2057 propter

0 2060 4 2069 '
66 2056 133 2117 quod,
140 2057 215 2101 relicta
226 2058 301 2109 domo,
309 2055 375 2099 etiam
386 2055 468 2099 infirmi
477 2071 522 2100 non
530 2067 651 2111 remanent,
660 2058 699 2103 sed
707 2059 825 2105 eiiciuntur

1 2143 7 2183 351
66 2134 117 2164 cum
128 2121 183 2177 aliis,
194 2135 234 2165 nec
243 2118 350 2164 redeundi
361 2118 449 2163 licentia
464 2119 536 2177 datur,
549 2120 620 2165 donec
637 2120 744 2167 dominus
761 2122 825 2187 Ugo,

1 2200 4 2231 続.
66 2182 194 2228 Hostiensis
201 2184 318 2245 episcopus
326 2192 348 2227 et
357 2183 380 2226 in
389 2181 525 2228 Lombardia
532 2183 626 2245 legatus,
635 2185 728 2231 domum
737 2190 825 2249 predic-

66 2255 117 2305 tam,
129 2249 212 2310 pudice
224 2264 286 2294 suam
298 2263 343 2292 esse
354 2246 488 2309 predicando
499 2250 628 2312 proclamat
657 2250 826 2300 Testimonium

66 2313 165 2372 perhibet
177 2324 199 2360 et
210 2313 284 2360 scribit
296 2314 345 2372 hoc,
357 2312 400 2368 ille,
411 2313 449 2376 qui
458 2323 513 2360 tune
524 2314 552 2361 de
562 2314 631 2361 domo
642 2325 733 2377 egrotus
743 2319 827 2365 eiectus

76 2386 115 2423 uit.

143 2505 177 2548 De
190 2505 247 2549 cella
260 2517 303 2549 suo
317 2504 401 2547 nomini
415 2504 481 2557 facta,
496 2518 564 2557 quam
580 2508 664 2550 intrare
677 2509 756 2553 noluit.
831 2529 913 2569 [mv

111 2588 235 2679 nolebat
262 2620 366 2669 locellum
394 2621 491 2684 aliquem
519 2622 598 2668 fratres
626 2623 757 2684 inhabitare,
787 2627 828 2671 nisi

68 2695 140 2731 certus
156 2688 184 2733 ad
195 2703 263 2749 quem
274 2687 398 2747 pertineret,
411 2696 522 2732 constaret
532 2696 646 2749 patronus.
678 2688 752 2752 Leges
768 2692 827 2737 enim

68 2751 197 2813 peregrinos
220 2751 244 2796 in
266 2750 316 2796 filiis
338 2766 424 2813 semper
446 2751 550 2814 quesivit,
573 2750 613 2797 sub
630 2752 702 2799 alieno
724 2754 827 2802 videlicet

69 2813 142 2878 colligi
154 2826 222 2873 tecto,
233 2817 322 2879 pacifice
334 2815 473 2878 pertransire,
484 2816 544 2863 sitire
555 2816 582 2863 ad
593 2817 694 2879 patriam.
735 2819 795 2867 Nam
806 2830 828 2868 et
