1919 3169
254 78 414 125 LEGENDA
431 77 590 124 GREGORII
768 84 805 138 '99

42 173 145 236 lacrymis
157 172 201 218 illis
212 172 339 223 benedictio
350 173 422 219 multa
432 188 438 229 3
464 174 614 236 lamiamque
626 174 686 219 diem
698 174 806 219 constitu-

43 248 85 285 unt
102 237 253 296 benedictum,
270 239 294 284 in
316 256 363 302 quo
379 248 454 284 totum
470 238 590 284 mundum
605 238 689 300 gaudio
709 237 808 300 repleant

43 303 139 350 salutari.
174 304 269 349 Adeste
289 320 380 366 quoque
400 304 448 349 dies
467 303 589 364 solempnis
608 313 657 348 toto
676 302 809 350 venerabilis

43 383 93 421 evo,
110 381 156 410 non
179 367 253 411 solum
275 376 350 424 terras,
368 368 446 412 sedet
468 367 544 412 celicas
564 367 662 411 officinas
680 367 807 411 sublimiori

44 429 144 493 tripudio
160 447 272 494 spargens.

93 495 255 542 Convocantur
266 495 371 557 episcopi,
383 494 478 541 abbates.
486 495 635 550 adveniunt,⁴¹
646 496 674 541 de
685 494 809 541 remotissi-

46 559 89 605 mis
116 559 216 621 partibus
243 559 322 621 prelati
350 558 439 606 ecclesie
466 559 563 615 adstant,
586 559 666 623 regalis
693 576 715 605 se
742 559 809 605 offert

46 624 155 685 presentia
170 625 279 669 comitum
296 634 318 669 et
335 639 454 684 procerum
466 623 557 669 advenit
574 623 654 668 nobilis
665 624 808 678 multitudo,

47 686 192 732 Comitantur
205 687 286 733 deinde
302 687 402 733 universi
414 686 533 733 dominum
547 687 609 732 omni
616 695 632 720 ⁴²
643 686 702 732 orbis
718 697 740 733 et
757 704 809 733 cum
831 707 833 710 ·

47 754 95 814 ipso
107 751 165 797 felici
176 767 259 814 pompa
270 753 384 797 civitatem
395 752 464 797 assisii
475 753 642 815 ingrediuntur.

94 817 191 863 Venitur
202 817 230 863 ad
239 817 314 863 locum
321 827 367 863 tam
378 816 489 878 solempni
500 818 602 863 occursui
609 825 624 849 ⁴³
635 827 777 878 preparatum
788 827 811 863 et

48 881 113 932 beato
142 897 209 942 pape
225 880 377 943 gloriosorum
404 881 575 937 cardinalium,⁴⁴
603 881 761 942 episcoporum
788 891 811 926 et

48 945 155 991 abbatum
169 945 351 1007 conglomeratur
362 945 490 1008 frequentia
501 955 555 993 tota.
590 945 624 991 lbi
635 946 777 992 sacerdotum
788 955 811 991 et

48 1010 180 1055 clericorum
192 1026 311 1055 concursus
322 1010 416 1055 eximius
433 1011 463 1055 ibi
478 1011 636 1071 religiosorum
647 1009 701 1055 felix
712 1021 735 1055 et
752 1026 812 1055 sacer

49 1083 181 1131 conventus,
203 1073 234 1118 ibi
256 1074 310 1120 sacri
332 1074 448 1120 velaminis
469 1075 618 1120 verecundior
639 1074 736 1132 habitus,
758 1074 812 1119 ibi⁴⁵

49 1139 152 1185 omnium
164 1137 301 1199 populorum
312 1140 410 1185 maxima
425 1139 492 1186 turba
508 1150 531 1185 ct
542 1140 659 1202 utriusque
676 1156 742 1186 sexus
755 1155 812 1201 pene

49 1201 220 1250 innumerabilis
230 1204 361 1250 multitudo.

98 1267 204 1312 Accurrit
215 1268 316 1328 undique
333 1284 357 1313 ac
368 1267 556 1313 desideratissime
567 1268 640 1312 omnis
651 1277 698 1312 etas
713 1277 778 1312 tanto
789 1284 813 1313 se

50 1329 173 1379 conventui
184 1341 328 1394 representat.
356 1330 442 1379 Parvus
453 1340 475 1377 et
486 1347 581 1395 magnus
591 1330 622 1377 ibi
633 1340 694 1390 sunt,
703 1348 780 1378 servus
791 1340 813 1378 et

50 1397 106 1443 liber
118 1413 130 1441 a
141 1396 235 1442 domino
246 1414 295 1443 suo.
323 1398 391 1442 Astat
401 1395 505 1459 pontifex
515 1413 625 1453 summus,
637 1397 714 1442 christi
726 1397 813 1443 ecclesie

53 1477 148 1523 sponsus
164 1470 280 1507 tantorum
291 1461 389 1507 filiorum
403 1462 511 1507 varietate
527 1462 679 1508 circumdatus
695 1471 717 1507 et
733 1478 814 1508 corona

52 1526 124 1587 glorie
145 1526 169 1569 in
177 1527 193 1557 ⁴⁶
215 1527 286 1585 capite
308 1543 350 1570 suo
371 1527 436 1587 signo
458 1526 581 1571 sanctitatis
599 1542 707 1586 expressa.
748 1529 815 1571 Astat

52 1587 218 1650 pontificalibus
253 1587 333 1635 infulis
361 1589 480 1635 decoratus
514 1599 537 1635 et
564 1590 664 1635 vestibus
696 1590 816 1636 sanctitatis

53 1653 155 1710 indutus,
167 1652 189 1697 in
206 1653 302 1715 ligatura
313 1653 360 1699 auri
371 1664 394 1699 et
404 1670 471 1716 opere
484 1653 584 1716 lapidarii
602 1654 717 1716 sculptilis.
751 1654 816 1700 Astat

52 1718 151 1764 christus
162 1717 249 1764 domini
260 1718 283 1763 in
294 1718 459 1781 magnificentia
470 1719 542 1782 glorie
553 1719 671 1765 deauratus
687 1730 710 1766 et
720 1737 816 1767 vernan-

53 1783 121 1840 tibus,
143 1782 312 1845 figuratisquev
331 1784 426 1846 gemmis
443 1794 549 1845 copertus
565 1800 643 1829 omnes
662 1783 767 1830 sollicitat
788 1784 816 1830 ad

54 1848 184 1894 videndum.
209 1847 356 1894 Circumdant
363 1864 416 1894 eum
423 1848 552 1894 Cardinales
560 1858 583 1894 et
591 1849 688 1910 episcopi
697 1848 818 1911 splendidi-

55 1912 131 1956 oribus
159 1912 230 1956 ornati
258 1912 380 1958 monilibus
407 1922 430 1957 et
457 1913 528 1958 niveis
550 1912 679 1974 fulgoribus
705 1914 817 1959 candidati

55 1974 238 2036 supercelestium
271 1975 461 2036 pulchritudinem
496 1976 616 2037 imaginem
647 1975 763 2038 preferunt
795 1986 818 2023 et

55 2038 232 2103 glorificatorum
249 2039 357 2102 gaudium
375 2041 553 2102 representant.⁴⁸

103 2105 214 2165 Expectat
227 2105 346 2149 universus
357 2106 454 2166 populus
465 2122 544 2150 vocem
555 2106 639 2167 gaudii,
651 2122 731 2151 vocem
741 2106 819 2162 letitie,

57 2184 137 2213 vocem
159 2184 248 2224 novam,
266 2184 346 2214 vocem
368 2170 429 2214 omni
457 2170 597 2215 dulcitudine
621 2169 717 2231 plenam,
740 2187 819 2215 vocem

57 2232 136 2290 laudis,
155 2250 235 2279 vocem
257 2243 365 2293 perpetue
386 2232 556 2279 benedictionis.
595 2234 698 2280 Predicat
716 2235 820 2295 primitus

58 2296 164 2343 universo
181 2296 266 2359 populo
281 2313 338 2358 papa
353 2297 488 2360 gregorius3
505 2308 527 2342 et
543 2297 625 2343 affectu
637 2297 752 2355 mellifluo,
764 2315 820 2344 voce

59 2377 139 2407 sonora
161 2362 251 2408 nuntiat
276 2362 379 2422 preconia
406 2363 460 2420 dei;
487 2372 589 2409 sanctum
617 2379 707 2426 quoque
734 2372 819 2425 patrem

58 2425 191 2474 franciscum
203 2425 342 2472 nobilissimo
354 2443 456 2473 sermone
472 2427 598 2485 collaudat;
613 2438 635 2474 et
646 2428 821 2475 conversationis

59 2492 108 2536 eius
124 2492 224 2537 recolens
237 2502 260 2536 et
276 2492 411 2537 annuntians
422 2493 545 2553 puritatem
556 2503 619 2538 totus
635 2492 739 2554 lacrymis
750 2494 822 2539 madi-

97 2602 113 2628 4ο
124 2600 162 2635 Ox.
172 2599 263 2636 statuitur·
345 2601 360 2627 4¹
371 2600 403 2636 Os.
413 2609 522 2638 concurrunt.
613 2604 628 2630 t2
638 2602 670 2639 Os.
680 2603 757 2640 universi.

98 2653 113 2679 43
123 2650 163 2687 Bol.
172 2650 216 2687 adds
226 2649 348 2688 Cardinalium.
502 2655 518 2680 44
528 2652 560 2689 Os.
570 2652 626 2690 omits.

98 2704 114 2731 45
124 2704 157 2740 Os.
167 2703 217 2739 omits
226 2702 249 2739 ibi
259 2703 334 2739 omnium
348 2730 353 2740 .
367 2730 372 2740 .
386 2731 391 2740 .
405 2703 492 2753 utriusque
501 2715 558 2741 sexus

98 2753 114 2784 4⁶
124 2756 156 2792 Os.
166 2755 217 2791 omits
227 2756 244 2790 in
253 2756 305 2804 capiti
321 2783 325 2791 .
340 2784 344 2792 .
359 2784 363 2791 .
377 2755 509 2805 pontificalibus.
563 2759 578 2786 47
589 2757 609 2794 L.
619 2756 770 2809 fulguraribusque,

99 2805 115 2835 ⁴⁸
124 2808 157 2843 Os.
167 2816 277 2855 representat.
689 2821 690 2825 ¹
