1919 3169
141 143 183 201 158
323 138 523 186 TRACTATUS
542 138 717 185 SECUNDUS

139 235 194 281 utile
205 236 309 280 recitatu.
343 233 414 278 Miles
430 233 531 295 quidam,
544 233 653 280 Gineldus
670 233 769 290 nomine,
783 235 812 279 de
827 235 905 298 Burgo

138 300 161 343 in
172 300 287 358 provintia
298 299 382 352 Masse,
393 298 452 342 beati
464 298 577 343 Francisci
591 298 697 359 operibus
708 309 730 343 et
741 299 904 345 miraculorum

138 362 206 425 signis
228 361 422 423 impudentissime
444 360 582 405 detrahebat.
628 361 742 407 Inferebat
769 363 841 407 multa
865 364 905 408 ob-

139 426 230 490 probria
241 425 364 489 peregrinis
375 426 404 472 ad
415 425 484 487 ipsius
495 428 628 472 memoriam
642 426 784 472 venientibus
795 439 818 473 et
830 438 907 474 contra

139 492 219 538 fratres
236 491 324 555 publica
340 491 425 536 insania
440 491 557 553 garriebat.
591 492 652 537 Cum
667 502 742 537 autem
757 492 793 537 die
808 494 904 555 quadam

139 558 228 604 luderet
243 557 271 603 ad
288 556 486 611 taxillos‚vesania
500 567 523 601 et
539 556 694 603 incredulitate
710 556 790 619 plenus
806 558 862 603 dixit
877 557 905 603 ad

140 622 327 666 circumstantes:
345 621 367 665 Si
379 621 512 665 Franciscus
527 631 560 666 est
575 631 670 675 sanctus,
683 622 810 666 octodecim
822 633 906 683 puncta

140 686 230 732 veniant
241 686 264 732 in
275 683 364 731 taxillis.
394 685 454 730 Mox
465 684 592 746 triplicatus
604 685 702 729 senarius
714 685 736 730 in
748 685 830 731 taxillis
838 695 906 747 appa-

140 751 194 808 ruit,
206 760 229 795 et
241 766 312 814 usque
327 750 354 795 ad
372 765 454 796 novem
472 750 530 795 vices
545 750 647 813 quolibet
663 767 704 796 suo
719 752 778 796 iactu
792 761 825 796 ter
840 768 905 797 senos

140 816 230 876 accepit.
250 839 252 842 ·
266 816 320 860 Non
337 814 424 876 quievit
441 814 540 870 insanus,
551 825 667 876 peccatum
681 824 772 876 peccato
785 815 873 862 addidit
884 826 906 861 et

140 878 278 924 blasfemiam
289 877 404 923 blasfemie
415 878 554 924 cumulavit:
573 879 595 922 Si
606 895 684 923 verum
695 889 736 933 est,
747 879 834 940 inquid,
843 880 905 941 quod

142 944 276 990 Franciscus
286 942 328 987 iste
339 942 368 988 sit
380 952 476 997 sanctus,
488 943 564 1004 gladio
575 943 639 988 cadat
650 942 717 989 hodie
728 959 811 1004 corpus
822 959 904 991 meum.

141 1009 163 1054 Si
176 1026 230 1054 vero
242 1018 330 1054 sanctus
341 1023 387 1054 non
398 1017 439 1063 est,
451 1008 544 1054 evadam
556 1008 681 1053 incolumis,
709 1008 764 1054 Non
775 1008 864 1055 distulit
874 1009 907 1055 ira

141 1074 193 1127 Dei,
201 1073 256 1136 quin
265 1072 343 1117 divino
352 1072 437 1118 iudicio
446 1071 508 1117 fieret
518 1073 565 1117 eius
576 1072 648 1118 oratio
657 1073 680 1117 in
691 1083 815 1132 peccatum.
837 1074 906 1120 Ludo

141 1136 213 1194 finito,
222 1153 274 1183 cum
283 1137 360 1198 nepoti
367 1152 409 1182 suo
415 1134 507 1182 inferret
513 1136 624 1192 iniuriam,
634 1136 717 1198 accepit
729 1136 764 1181 ille
772 1137 872 1199 gladium
885 1147 906 1183 et

140 1203 215 1264 patrui
227 1201 349 1247 visceribus
360 1202 494 1247 cruentavit.
528 1202 564 1246 Eo
575 1202 611 1246 die
622 1211 726 1246 mortuus
737 1212 770 1246 est
781 1201 907 1257 sceleratus,

141 1266 223 1312 inferni
232 1266 369 1327 mancipium
378 1265 452 1311 factus
460 1277 482 1311 et
491 1265 550 1311 filius
561 1265 710 1313 tenebrarum.
733 1266 839 1311 Timeant
849 1266 907 1312 blas-

141 1331 257 1387 femantes,
270 1346 310 1376 nec
321 1341 404 1391 putent
415 1346 467 1377 cum
478 1347 527 1375 aere
538 1330 605 1376 verba
616 1331 715 1388 transire,
725 1347 765 1376 nec
777 1342 905 1377 sanctorum

141 1396 228 1441 iniuriis
247 1397 323 1441 deesse
342 1395 448 1439 ultorem.
482 1395 570 1438 Mulier
589 1395 693 1455 quedam,
714 1395 789 1439 Sibilia
808 1397 906 1451 nomine,

49 1463 89 1500 Fol.
99 1460 258 1505 66¹⁰cecitatem
270 1459 388 1503 oculorum
400 1474 439 1520 per
450 1457 525 1519 plures
541 1474 612 1503 annos
628 1473 731 1519 perpessa
741 1460 769 1506 ad
780 1459 907 1519 sepulcrum

141 1526 184 1571 viri
201 1525 245 1571 Dei
262 1541 313 1570 ceca
329 1524 400 1570 tristis
417 1523 544 1570 adducitur.
579 1524 721 1586 Recuperato
741 1540 795 1570 vero
812 1523 908 1586 pristino

141 1590 234 1645 lumine,
249 1589 348 1653 gaudens
360 1598 382 1633 et
393 1589 496 1634 exultans
507 1589 603 1634 domum
615 1589 746 1634 revertitur.

189 1656 217 1699 In
234 1665 308 1699 castro
324 1653 375 1698 Vici
393 1653 455 1707 Albi,
470 1654 552 1698 Sorane
570 1653 671 1708 diocesis,
690 1653 764 1715 puella
781 1654 878 1716 quedam
895 1671 908 1699 a

142 1720 258 1765 nativitate
282 1734 338 1773 ceca,
365 1718 393 1762 ad
419 1717 536 1779 quoddam
561 1718 683 1761 oratorium
713 1718 771 1762 beati
798 1718 908 1762 Francisci

142 1801 154 1829 a
189 1794 260 1829 matre
295 1781 410 1844 perducta,
447 1782 539 1827 nomine
574 1782 686 1839 invocato,
722 1783 805 1839 visum,
840 1798 908 1843 quem

142 1865 258 1910 nunquam
298 1848 412 1901 habuerat,
454 1848 512 1892 beati
550 1847 662 1892 Francisci
702 1847 787 1892 meritis
825 1847 908 1893 meruit

142 1928 251 1957 invenire.

190 1977 217 2021 In
229 1975 321 2021 civitate
332 1974 414 2030 Aseni,
426 1972 506 2020 mulier
523 1990 568 2037 que
585 1989 625 2035 per
638 1988 650 2033 7
663 1989 734 2020 annos
750 1990 796 2020 non
811 1975 907 2030 viderat,

141 2041 165 2086 in
176 2041 266 2087 eeclesia
278 2040 336 2085 beati
348 2040 461 2085 Francisci
478 2056 548 2101 prope
564 2039 679 2085 civitatem
694 2049 824 2086 constructa
832 2039 907 2085 visum

142 2107 249 2152 amissum
260 2105 350 2166 recepit.

190 2172 217 2215 In
244 2170 322 2214 eadem
350 2170 440 2214 civitate
467 2168 526 2213 filius
553 2169 657 2229 pauperis
684 2168 785 2215 mulieris
807 2186 819 2213 a
841 2168 905 2215 beato

142 2236 267 2291 Francisco,
284 2234 320 2279 cui
338 2249 391 2279 eum
408 2231 491 2277 mulier
507 2243 608 2289 voverat,
625 2232 768 2279 illuminatus
784 2243 825 2277 est.

190 2301 260 2347 Cecus
282 2298 374 2361 quidam
393 2297 421 2343 de
438 2296 512 2359 Spello
531 2314 605 2342 coram
627 2297 717 2343 tumulo
737 2299 791 2343 sacri
809 2298 908 2360 corporis

142 2366 217 2411 visum
234 2365 274 2411 diu
291 2363 406 2424 perditum
422 2363 541 2408 reinvenit.

189 2430 215 2473 In
227 2427 300 2473 Podio
307 2428 394 2482 Bonizi‚
403 2426 533 2470 Florentine
540 2426 649 2487 dyocesis,
661 2426 742 2470 mulier
753 2428 850 2488 quedam
859 2443 908 2470 ceca

141 2493 244 2549 existens,
261 2507 300 2554 per
316 2489 473 2536 revelationem
495 2490 554 2550 cepit
574 2489 691 2536 oraculum
713 2490 829 2552 quoddam
851 2489 908 2535 beati

141 2558 251 2604 Francisci
273 2556 368 2602 visitare.
413 2554 466 2606 Que
488 2571 539 2600 cum
566 2553 619 2600 illuc
646 2555 718 2601 delata
743 2571 816 2601 coram
839 2555 908 2602 altare

140 2623 265 2668 miseranda
283 2622 371 2677 iaceret,
391 2620 498 2665 continuo
520 2620 594 2665 visum
615 2620 722 2681 recipiens
741 2620 788 2665 sine
805 2620 863 2666 duce
880 2619 907 2665 ad

140 2687 235 2748 patriam
251 2685 365 2731 remeavit.

187 2752 240 2797 Alia
255 2765 310 2797 vero
327 2748 408 2795 mulier
420 2748 447 2794 de
464 2747 590 2803 Camerino,
602 2764 655 2792 curn
672 2759 729 2793 esset
745 2747 831 2793 dexteri
848 2747 907 2792 oculi

139 2815 224 2862 lumine
246 2814 333 2877 privata
350 2829 377 2858 ex
399 2821 456 2868 toto,
475 2829 575 2875 pannum
595 2827 662 2874 quern
682 2812 760 2859 beatus
778 2813 908 2859 Franciscus

139 2882 244 2945 tetigerat
255 2888 356 2944 parentes
367 2879 415 2924 eius
427 2894 494 2940 supra
505 2877 632 2940 predictum
647 2878 739 2924 oculum
750 2889 875 2940 posuerunt
886 2888 908 2923 et
