1919 3169
106 101 137 147 94
291 83 491 131 TRACTATUS
508 84 685 133 SECUNDUS

106 182 211 228 crucifixi.
245 181 343 237 Multos,
355 180 442 242 inquid,
454 181 546 225 scientia
558 181 633 226 reddit
649 181 763 237 indociles,
773 183 874 245 rigidum

106 246 199 310 quidam
221 261 301 292 eorum
322 244 406 290 inflecti
430 260 476 290 non
499 245 573 291 sinens
597 245 724 293 humilibus
745 246 873 309 disciplinis.

106 313 253 374 Quapropter
269 310 350 357 vellem
369 310 405 365 ait,
424 319 450 356 ut
472 310 507 356 vir
523 309 635 357 litteratus
654 310 707 357 hinc
725 311 781 357 mihi
800 313 874 374 primo

105 393 194 439 precem
215 376 321 423 offerret:
349 374 414 430 Ecce,
437 374 512 432 frater,
534 375 574 422 diu
604 376 627 421 in
652 375 730 423 seculo
754 376 811 433 vixi,
834 394 874 423 nec

105 441 225 487 dominum
237 456 313 485 meum
324 455 375 483 vere
386 441 490 500 cognovi.
524 441 581 494 Oro,
592 442 688 485 concede
703 441 758 485 mihi
774 442 851 486 locum
862 459 874 487 a

104 504 201 569 strepitu
230 502 310 551 mundi
340 512 460 562 semotum,
488 519 535 567 quo
564 504 686 566 recogitem
716 520 785 551 annos
811 521 873 552 meos

104 571 128 617 in
158 570 242 628 dolore,
270 585 352 633 quove,
384 568 528 630 dispersionis
554 568 627 616 cordis
659 568 702 616 mei
734 567 872 633 recolligens,

104 635 205 681 animum
229 636 257 682 ad
281 634 373 680 meliora
395 633 523 680 reformem.
576 633 681 691 Qualem,
705 636 744 692 ait,
766 634 872 683 futurum

43 743 44 748 ,
103 698 223 754 crederitis,
243 699 283 761 qui
302 699 332 742 sic
351 698 475 759 inciperet?
507 697 614 742 Profecto
632 698 667 743 leo
684 709 825 745 excatenatus
843 701 872 746 ad

103 762 178 809 omnia
188 763 294 809 robustus
305 761 374 807 exiret
384 771 407 808 et
420 762 498 808 beatus
508 777 583 818 sucus,
594 778 663 825 quem
679 761 787 809 hausisset
797 761 870 819 initio,

102 829 214 875 continuis
244 829 267 874 in
294 844 322 873 eo
351 825 488 888 profectibus
516 837 627 874 cresceret.
661 827 708 874 Hic
734 828 824 874 tandem
852 830 870 874 si

102 893 226 939 ministerio
244 891 307 940 verbi
326 892 424 949 daretur,
441 901 534 947 certum,
553 892 606 955 quia
624 891 689 949 illud,
706 908 754 955 quo
772 892 869 950 bulliret,

101 956 235 1003 effunderet.

7 1098 98 1141 [ri-cavJ]
140 1085 244 1138 Qualiter
256 1083 346 1127 volebat
360 1094 400 1127 eos
413 1083 522 1127 ardescere
539 1086 562 1127 et
580 1083 677 1136 qualiter
694 1083 753 1127 sotio
767 1083 868 1137 predica-

101 1138 202 1181 tionibus
215 1138 342 1181 intendenti
355 1137 467 1189 apparuit.

148 1222 268 1309 Dolebat
280 1253 298 1298 si
308 1251 393 1298 virtute
402 1251 496 1315 negleta,
506 1251 596 1298 scientia
604 1262 743 1316 quereretur,
749 1252 866 1315 presertim

7 1334 45 1373 Fal.
56 1322 117 1383 34v⁰si
133 1339 179 1368 non
196 1321 219 1366 in
230 1335 255 1365 ea
266 1319 382 1364 vocatione
398 1317 494 1380 quisque
511 1316 644 1379 persisteret,
655 1318 680 1363 in
696 1335 741 1381 qua
752 1327 844 1365 vocatus
855 1335 867 1365 a

98 1386 209 1448 principio
226 1383 302 1430 fuerit.
335 1382 430 1436 Fratres,
448 1383 486 1437 ait,
504 1382 555 1437 mei,
573 1383 613 1444 qui
629 1383 720 1428 scientie
739 1383 866 1431 curiositate

98 1449 223 1505 ducuntur,
245 1447 269 1491 in
290 1446 327 1491 die
350 1445 505 1491 retributionis
532 1462 611 1490 manus
638 1446 752 1491 invenient
778 1464 865 1493 vacuas.

97 1513 185 1559 Vellem
207 1527 245 1558 eos
266 1509 338 1571 magis
358 1508 458 1555 roborari
479 1508 611 1565 virtutibus,
633 1519 666 1566 ut,
689 1526 741 1556 cum
763 1519 866 1572 tempora

98 1577 249 1625 tribulationis
260 1574 370 1630 venirent,
381 1590 457 1619 secum
472 1572 579 1619 haberent
590 1573 613 1619 in
624 1574 726 1637 angustia
737 1574 864 1622 dominum.

99 1644 160 1690 Nam
171 1653 194 1689 et
205 1650 300 1688 ventura
310 1649 351 1695 est,
363 1639 451 1702 inquid,
463 1638 586 1695 tribulatis,
595 1656 640 1701 qua
650 1638 701 1685 libri
717 1639 745 1685 ad
757 1639 864 1687 nichilum

101 1707 165 1754 utiles
176 1709 200 1751 in
210 1705 312 1750 fenestris
322 1703 475 1763 prohiciantur
486 1713 508 1747 et
519 1702 615 1748 latebris.
648 1704 702 1748 Non
717 1704 759 1749 hoc
770 1704 864 1759 dicebat,

61 1780 63 1784 ⁴
99 1771 162 1834 quod
173 1769 282 1831 scripture
294 1766 369 1812 studia
380 1765 529 1827 displicerent,
542 1765 580 1811 sed
591 1782 638 1829 quo
654 1783 667 1811 a
683 1766 796 1828 superflua
812 1783 865 1813 cura

98 1836 197 1882 discendi
209 1833 325 1882 universos
335 1830 456 1877 retraheret
466 1840 489 1876 et
499 1846 602 1894 quosque
610 1831 681 1893 magis
689 1832 778 1878 caritate
786 1832 863 1891 bonos,

98 1917 168 1964 quam
179 1898 307 1946 curiositate
317 1897 398 1942 sciolos
409 1912 455 1941 esse
466 1895 538 1942 vellet.

146 1959 415 2010 Preodorabaturetiam
436 1971 539 2020 tempora
562 1977 608 2004 non
632 1960 699 2022 longe
720 1970 821 2017 ventura,
840 1961 864 2006 in

98 2029 181 2092 quibus
192 2027 330 2075 occasionem
346 2024 411 2071 ruine
425 2021 473 2069 fore
488 2023 603 2069 scientiam
619 2024 691 2081 sciret,
701 2023 794 2086 spiritus
810 2041 865 2071 vero

98 2093 256 2141 fulcimentum
275 2087 429 2151 spiritualibus
447 2088 575 2134 intendisse.
609 2089 682 2134 Fratri
699 2091 762 2150 layco
779 2089 864 2136 volenti

98 2158 177 2205 habere
187 2154 318 2220 psalterium
329 2163 352 2200 et
362 2153 389 2198 ab
400 2168 427 2198 eo
443 2152 554 2200 licentiam
570 2151 693 2215 postulanti
710 2153 806 2200 cinerem
822 2170 864 2217 pro

98 2223 202 2284 psalterio
218 2220 307 2266 obtulit.
342 2217 473 2269 Quemdam
490 2218 601 2262 sotiorum
619 2218 806 2279 predicationibus
823 2220 864 2265 ali-

97 2286 189 2349 quando
213 2283 367 2331 intendentem
393 2291 444 2342 post
471 2291 568 2327 mortem
594 2281 618 2326 in
644 2282 730 2327 visione
757 2298 864 2344 apparens

97 2349 222 2413 prohibuit,
241 2348 301 2394 viam
323 2344 469 2408 simplicitatis
490 2345 591 2393 incedere
612 2346 683 2393 iussit.
724 2347 800 2393 Testis
821 2347 863 2393 sibi

96 2426 130 2462 est
152 2416 215 2471 deus,
237 2422 322 2459 tantam
344 2420 395 2472 post
417 2410 526 2456 visionem
548 2410 604 2456 hanc
626 2412 718 2457 sensisse
737 2411 863 2470 dulcedine,

97 2491 123 2526 ut
134 2479 238 2542 pluribus
248 2476 328 2523 diebus
338 2474 453 2521 rorificuni
464 2475 533 2535 patris
545 2474 670 2537 alloquium
686 2475 732 2523 suis
748 2477 863 2524 videretur

95 2544 188 2592 auribus
197 2539 360 2606 presentialiter
369 2537 481 2586 instillare.

1 2671 321 2769 n-ccviJJamlOJrzpppppalibus
330 2668 487 2712 devotionibus
496 2668 570 2711 sancti
579 2670 603 2711 et
611 2667 709 2720 qualiter
721 2667 862 2713 afficiebatur

142 2792 859 2887 specialesdevotionessanctiFranciscibrevibuspertransire,
