1919 3169
245 66 406 112 Leonum
423 66 581 112 exuentur
764 83 793 128 49

31 165 125 213 fervoris
137 173 190 221 erat,
203 179 312 226 magnum
324 163 390 209 etiam
402 162 458 208 circa
469 161 588 208 inferiores
599 172 621 208 et
636 163 795 209 irrationabiles

32 239 141 277 creaturas
152 230 241 291 pietatis
251 244 257 284 ;
274 238 341 290 atque
352 227 475 273 dulcedinis
486 243 566 289 gerens
577 227 682 273 affectum
696 228 795 274 alacriter

32 295 128 340 cucurrit
139 295 166 338 ad
178 309 220 349 eas,
233 295 255 338 in
267 293 303 336 via
315 292 379 336 sociis
390 291 507 336 derelictis.

82 358 144 406 Cum
166 368 241 403 autem
263 356 315 402 satis
337 372 406 417 prope
428 356 472 401 iam
489 365 553 411 esset,
570 355 649 401 videns
665 357 728 418 quod
744 373 795 402 eum

33 421 216 485 prestolarentur,
235 421 291 481 ipsas
313 436 377 465 more
395 418 462 465 solito
479 418 591 465 salutavit.
625 420 668 466 Sed
683 420 796 466 admirans

33 504 79 533 non
91 486 207 532 modicum
218 484 335 549 quomodo
346 501 398 531 aves
409 501 455 529 non
471 484 617 530 surrexissent
633 485 656 530 in
672 482 758 548 fugam,
770 494 796 532 ut

20 596 22 599 ,
34 552 104 599 facere
121 553 202 609 solent,
214 551 300 613 ingenti
312 550 411 611 repletus
425 549 508 610 gaudio
517 549 530 575 a
541 549 656 595 humiliter
666 550 797 612 deprecatus

32 626 65 663 est
84 632 126 673 eas,
139 626 166 662 ut
184 615 280 662 verbum
298 614 334 660 dei
354 613 475 660 deberent⁸
494 613 589 671 audire3
608 623 631 660 et
650 615 707 661 inter
724 614 794 678 plura,

33 697 77 744 que
96 681 186 727 locutus
205 691 239 725 est
257 679 297 735 eis,
317 678 374 725 hoc9
392 695 484 741 quoque
502 679 620 725 adiunxit:
647 680 735 726 Fratres
753 680 797 726 mei

34 746 137 791 volucres
157 745 257 790 multum
284 742 369 789 debetis
396 744 487 788 laudare
510 744 629 790 dominum
637 752 653 769 1⁰
675 753 796 789 creatorem

34 818 134 854 vestrum
151 818 173 854 et
188 808 262 869 ipsum
279 805 371 868 diligere
387 821 482 868 semper,
493 807 533 869 qui
550 806 613 852 dedit
629 806 694 853 vobis
710 806 798 871 plumas

34 873 62 920 ad
81 872 230 928 induendum,
249 888 333 933 pennas
350 872 378 917 ad
400 871 524 918 volandum
541 881 564 916 et
581 872 691 934 quidquid
708 888 797 918 necesse

34 938 79 984 fuit
97 936 169 984 vobis.
203 936 300 984 Nobiles
316 952 358 983 vos
374 934 427 982 fecit
443 936 498 982 deus
515 937 573 982 inter
590 947 715 994 creaturas3
735 947 757 983 et
774 938 797 982 in

35 1003 131 1066 puritate
142 1001 197 1048 aeris
208 1000 274 1048 vobis
285 1000 380 1048 contulit
391 1001 537 1057 mansionem,
550 1001 657 1064 quoniam
668 1018 719 1048 cum
736 1019 776 1048 nec
783 1010 798 1028 ²¹

35 1067 154 1124 seminetis,
172 1083 213 1112 nec
229 1066 325 1121 metatis,
343 1067 390 1127 ipse
407 1066 554 1112 nihilominus
572 1067 620 1111 sine
641 1068 703 1112 omni
724 1077 798 1113 vestra

35 1130 184 1176 sollicitudine
195 1145 236 1175 vos
246 1130 346 1191 protegit
356 1138 378 1174 et
388 1128 505 1191 gubernat.

82 1194 121 1241 Ad
133 1194 173 1240 hec
181 1195 266 1240 avicule
274 1194 334 1252 ittet
343 1203 368 1240 ut
379 1194 426 1256 ipse
435 1193 521 1240 dicebat
529 1202 551 1240 et
560 1195 600 1257 qui
612 1209 663 1240 cum
675 1195 800 1241 coluerant

35 1259 800 1322 fratres,miromodosecundumnaturamsuamexultantesceperunt

36 1324 154 1370 extendere
176 1323 264 1378 collum,
284 1323 419 1385 protendere
436 1321 487 1380 alas,
505 1323 588 1384 aperire
610 1338 635 1368 os
656 1333 678 1369 et
696 1324 719 1369 in
736 1323 799 1369 illum

37 1390 150 1449 respicere.
185 1388 235 1448 Ipse
252 1404 306 1432 vero
324 1387 432 1432 transiens
448 1403 488 1447 per
498 1387 600 1431 medium
615 1386 704 1432 illarum
712 1397 727 1413 12
738 1389 800 1443 ibat;

37 1462 59 1497 et
70 1451 222 1498 revertebatur
237 1467 289 1496 cum
301 1451 376 1496 tunica
387 1466 427 1495 sua
438 1451 510 1512 capita
521 1466 599 1495 eorum
607 1458 622 1481 ²³
634 1452 766 1514 contingens
778 1462 800 1497 et

37 1532 135 1578 corpora.
169 1514 287 1561 Benedixit
304 1514 401 1577 denique
418 1515 470 1577 ipsis
482 1522 513 1572 3¹⁴
531 1524 554 1560 et
570 1516 635 1579 signo
652 1517 722 1562 crucis
739 1515 800 1563 facto

37 1582 147 1627 licentiam
159 1580 246 1637 tribuit,
258 1592 283 1628 ut
294 1580 322 1626 ad
338 1580 413 1626 locum
430 1580 499 1627 alium
516 1579 685 1627 transvolarent.
718 1583 800 1628 Beatus

37 1657 112 1692 autem
123 1657 185 1707 pater
196 1645 242 1691 ibat
253 1663 306 1691 cum
317 1646 384 1690 sociis
395 1645 440 1690 suis
447 1653 462 1676 ¹⁵
473 1647 581 1706 perviam
593 1662 656 1690 suam
668 1648 768 1708 gaudens
778 1657 801 1692 et

37 1711 118 1773 gratias
129 1710 208 1773 agebat
226 1709 276 1768 deo,
295 1725 363 1772 quem
381 1725 459 1755 omnes
476 1719 575 1755 creature
591 1709 731 1758 confessione
748 1729 801 1773 sup-

37 1775 89 1835 plici
97 1776 112 1799 ²⁶
123 1784 261 1820 venerantur.

286 1852 378 1882 snucrn
395 1852 554 1882 summotas.

87 1918 146 1964 Cum
164 1927 222 1963 esset
244 1918 310 1963 iam1⁷
332 1916 426 1979 simplex
442 1917 519 1980 gratia,
537 1934 583 1963 non
601 1928 686 1975 natura,
705 1918 764 1981 cepit
780 1936 802 1964 se

39 1984 67 2028 de
75 1984 89 2008 ¹⁸
108 1983 268 2045 negligentie¹9
287 1983 392 2038 incusare,
412 1982 475 2043 quod
494 1983 548 2027 olim
568 2000 615 2028 non
632 1984 802 2043 predicaverit²⁰

38 2046 124 2101 avibus,
136 2056 257 2108 postquam
268 2045 370 2091 audirent
382 2054 444 2091 tanta
455 2061 506 2090 cum
518 2047 641 2092 reverentia
652 2046 746 2092 verbum
758 2047 802 2093 dei.

39 2110 118 2174 Sicque
128 2110 213 2156 factum
225 2121 266 2169 est,
277 2121 303 2155 ut
315 2109 341 2154 ab
353 2108 392 2155 illo
404 2109 440 2155 die
454 2120 533 2156 cuncta
543 2111 667 2167 volatilia,²¹
679 2122 803 2175 cunctaque
822 2132 824 2137 ’

39 2176 125 2238 reptilia
142 2186 164 2222 et
180 2176 248 2222 etiam
259 2184 377 2231 creaturas,
389 2191 433 2237 que
450 2191 495 2220 non
510 2177 616 2233 sentiunt,
629 2178 657 2224 ad
673 2178 763 2224 laudem
781 2188 803 2224 et

39 2256 138 2288 amorem
155 2241 261 2288 creatoris
279 2239 386 2287 sollicitus
403 2240 537 2287 hortaretur.
571 2243 686 2302 Quoniam
703 2243 802 2299 cottidie,

27 2306 143 2354 ¹invocato
170 2307 262 2350 nomine
289 2304 411 2361 salvatoris,
433 2305 523 2365 propria
547 2306 683 2365 experientia
704 2308 803 2367 ipsarum

40 2365 190 2414 obedientiam
201 2366 374 2430 cognoscebat.²²

77 2483 88 2506 *
98 2481 127 2520 M.
136 2483 167 2520 has
175 2493 212 2533 part
221 2481 242 2520 of
248 2482 314 2531 margin
322 2494 372 2529 gone.
476 2480 483 2505 θ
493 2482 517 2519 L.
527 2482 636 2520 decumbens.

78 2538 86 2562 ⁹
96 2535 120 2570 L.
130 2535 169 2572 hec.
236 2538 251 2558 1⁰
260 2534 295 2580 H„
306 2535 345 2579 Os,
356 2533 394 2570 Ox,
404 2534 438 2570 and
447 2532 478 2569 W.
489 2536 538 2571 omit.
604 2539 618 2558 Π
629 2536 649 2573 L.
659 2548 720 2586 neque.

79 2585 90 2629 ’r
101 2585 128 2624 M.
138 2587 204 2635 margin
211 2599 255 2635 gone
264 2595 283 2623 to
292 2586 326 2622 this
335 2585 388 2635 point.
491 2589 506 2608 12
516 2585 549 2623 Os.
560 2599 623 2624 earum.

79 2642 93 2665 1³
104 2639 136 2682 L.‚
146 2640 184 2677 Ox.
193 2639 228 2676 and
235 2638 268 2676 W.
277 2651 341 2675 earum.
394 2641 409 2667 14
418 2636 452 2674 Os.
462 2639 493 2675 eis.
544 2640 560 2666 ¹5
570 2638 608 2676 Ox.
618 2641 675 2676 omits.

79 2687 94 2710 1⁶
104 2689 136 2725 Os.
145 2691 189 2726 adds
198 2703 242 2726 eum.
296 2690 311 2715 17
320 2688 348 2725 M.
358 2689 388 2723 ita.
441 2688 456 2711 1⁸
465 2688 499 2734 Η.,
510 2689 542 2734 L.‚
552 2688 585 2725 Os.
595 2690 629 2727 end
637 2689 669 2726 W.
680 2693 729 2728 omit.

79 2744 94 2768 1⁹
103 2740 132 2779 H.
141 2742 277 2790 diligentissime.
306 2741 330 2778 L.
339 2740 373 2778 and
383 2739 416 2779 Os.
425 2742 474 2780 omit.
552 2745 567 2763 ²⁰
578 2741 611 2779 Os.
619 2743 720 2791 predicavit.

78 2795 94 2815 ²¹
104 2794 128 2831 L.
138 2794 171 2830 and
181 2793 214 2832 Os.
223 2793 258 2831 add
267 2801 329 2830 cuncta
337 2792 421 2831 animalia.
541 2796 557 2815 ²²
567 2793 594 2832 M.
605 2807 725 2833 uxxuuumns.

413 2860 430 2891 D
