1919 3169
254 62 415 110 LEGENDA
432 60 594 108 GREGORll
776 74 803 117 41

43 180 81 211 eos
88 174 174 208 terrena
181 158 316 215 sollicitudo,
323 158 360 203 vel
367 157 461 202 molesta
468 171 571 201 curarum
578 154 676 199 anxietas
684 162 808 214 occuparet,

44 236 106 289 pater
123 235 199 271 noster
216 225 239 270 in
255 221 354 267 melodia
369 220 460 281 spiritus
475 235 532 266 voce
548 217 643 280 supplici
659 217 809 270 decantarent,

43 288 184 337 beatissimus
195 296 258 350 pater
269 283 390 330 franciscus
401 292 466 330 noete
480 282 577 347 quadam
589 298 612 327 se
623 281 650 327 ab
661 280 692 327 eis
703 286 810 343 corpore⁴

44 353 184 408 absentavit3
203 362 225 397 et
242 366 300 406 ecce,
318 348 366 394 fere
387 348 461 393 media
482 348 553 392 noctis
572 346 628 392 hora
647 344 781 408 quibusdam
798 360 810 389 e

44 417 151 466 fratribus
163 413 334 480 quiescentibus,
346 411 481 476 quibusdam
490 428 546 458 ‚vero
557 410 581 457 in
592 409 680 457 silentio
691 408 811 457 affectuose

47 483 170 537 orantibus,
182 497 220 541 per
231 479 330 525 ostium⁵
342 478 425 524 domus
436 493 515 523 currus
526 477 606 539 igneus
618 474 812 537 splendidissimus

47 548 131 594 intrans
139 545 173 591 bis
179 555 202 591 et
208 555 248 600 ter,
260 543 303 589 huc
315 552 381 605 atque
393 541 454 600 illuc,
465 557 504 602 per
515 539 656 587 domicilium
663 555 686 585 se
694 539 813 593 convertit,

47 627 114 672 supra
135 624 202 671 quern
224 606 307 668 globus
329 606 440 651 maximus
461 604 576 660 residebat,
600 604 639 666 qui
660 603 713 648 solis
730 602 813 648 habens

49 682 172 736 aspectum,
185 679 275 715 noctem
287 669 369 714 clarere
380 668 442 714 fecit.
661 666 662 669 ’

96 734 253 797 obstupefacti
265 743 319 780 sunt
330 731 454 796 vigilantes,
471 731 569 778 exterriti
586 739 640 778 sunt
656 730 795 776 dormientes
806 746 814 785 ;

15 800 16 803 ’
50 813 73 849 et
90 819 136 847 non
153 799 228 845 minus
245 798 318 844 cordis
336 807 459 853 senserunt,
480 813 549 859 quam
569 795 669 858 corporis
685 794 813 841 claritatem.

51 864 245 913 Convenientibus
262 878 353 925 quoque
364 861 388 908 in
399 878 480 917 unum,
492 871 601 922 ceperunt
612 875 706 922 querere
722 861 781 906 inter
792 875 815 904 se

51 929 159 993 quidhoc
171 937 235 983 esset,
252 926 291 974 sed
308 943 335 972 ex
350 927 374 975 vi
393 937 415 974 et
431 926 502 989 gratia
518 934 579 972 tante
595 924 651 971 lucis
668 924 737 972 unius
753 923 815 970 alteri

52 1003 98 1039 erat
114 992 248 1039 conscientia
264 989 389 1036 manifesta.
684 1015 686 1019 -

347 1143 527 1176 PREROGATIVA.

101 1237 262 1282 intellexerunt
273 1234 372 1296 denique
388 1251 412 1280 ac
424 1244 543 1290 noverunt,
555 1235 653 1280 animam
663 1234 735 1279 sancti
749 1233 817 1295 patris

54 1302 152 1346 extitisse
171 1298 259 1361 fulgore
275 1309 322 1343 tam
339 1299 436 1350 maxime
454 1299 585 1354 radiantem,
602 1313 647 1359 que
666 1297 695 1342 ob
713 1297 817 1358 precipue

54 1363 155 1427 puritatis
166 1379 205 1408 sue
216 1362 310 1424 gratiam
321 1371 344 1407 et
355 1378 436 1423 magne
448 1362 536 1423 pietatis
548 1362 571 1406 in
583 1362 639 1407 filios
656 1362 750 1418 curam,6
760 1359 818 1405 tanti

56 1427 154 1472 muneris
168 1426 349 1471 benedictionem
360 1442 373 1470 a
383 1426 427 1470 deo
440 1426 525 1470 meruit
535 1424 643 1470 obtinere.
676 1425 708 1470 Et
724 1424 818 1486 quidem

56 1489 178 1538 manifestis
189 1490 290 1537 inditiis⁷
302 1491 344 1536 hoc
353 1488 485 1553 probarant3
499 1499 521 1536 et
532 1490 617 1553 experti
625 1487 720 1546 fuerant,
732 1487 819 1536 occulta

57 1557 129 1603 cordis
140 1573 219 1602 eorum
230 1565 317 1617 patrem
329 1555 495 1601 sanctissimum
508 1571 554 1600 non
566 1554 640 1602 latere.

104 1621 126 1665 O
149 1621 262 1682 quotiens,
279 1619 342 1664 nullo
358 1618 453 1664 docente
474 1619 574 1675 homine,
591 1619 630 1664 sed
647 1619 728 1681 spiritu
744 1628 820 1664 sancto

57 1684 176 1742 revelante,
187 1683 313 1730 absentium
325 1682 420 1729 fratrum
432 1693 479 1729 aeta
490 1684 604 1744 cognovit,
616 1683 702 1729 occulta
718 1683 820 1729 cordium

58 1748 152 1810 aperuit,
164 1757 186 1795 et
197 1748 370 1794 conscientiaml
381 1747 518 1809 exploravit!
552 1748 574 1793 O
583 1758 680 1810 quantos
690 1748 713 1793 in
722 1746 822 1807 sompnis

59 1812 184 1869 admonuit,
201 1811 283 1874 quibus
294 1818 331 1857 et⁹
347 1812 432 1874 agenda
448 1811 554 1873 precepit,
566 1821 589 1857 et
608 1828 654 1857 non
665 1810 751 1873 agenda
769 1828 822 1872 pro-

59 1875 146 1922 hibuit!
187 1876 210 1922 Ο
240 1885 376 1937 quantorum
404 1874 482 1920 futura
509 1875 565 1921 mala
591 1875 696 1936 predixit,
723 1889 821 1936 quorum

61 1939 169 2000 presentia
187 1938 246 1984 bona
273 1939 297 1983 in
319 1937 375 1984 facie
397 1938 543 1985 videbantur!
577 1940 612 1985 Sic
633 1949 656 1986 et
678 1938 822 2001 iniquitatum

61 2003 129 2049 finem
162 2002 312 2065 plurimorum
338 2005 450 2065 presciens
481 2003 582 2050 futuram
615 2004 639 2049 in
666 2004 720 2066 ipsis
748 2002 824 2050 salutis

61 2067 153 2130 gratiam
171 2067 291 2116 nuntiavit.
325 2068 401 2114 Immo
418 2068 436 2113 si
447 2069 499 2131 quis
515 2068 626 2130 puritatis
637 2079 660 2115 et
677 2068 824 2131 simplicitatis

63 2132 143 2192 spiritu
154 2133 238 2177 meruit
249 2132 361 2188 illustrari,
372 2133 467 2178 visionis
478 2134 526 2179 eius
537 2134 607 2178 modo
622 2134 699 2195 ceteris
710 2134 825 2195 inexperto

62 2194 214 2242 consolatione
232 2195 369 2257 potitusest
384 2195 517 2258 singulari.¹⁰
556 2196 660 2243 Referam
677 2213 750 2243 unum
766 2197 825 2243 inter

63 2257 110 2316 alia,
128 2259 190 2321 quod
207 2258 309 2305 fidelibus
324 2258 420 2306 testibus
436 2258 582 2307 referentibus
592 2261 688 2323 agnovi.

112 2323 172 2369 Cum
181 2333 282 2385 tempore
290 2324 390 2387 quodam
399 2323 467 2371 frater
475 2325 567 2371 ioannes
574 2325 603 2371 de
610 2334 624 2351 ¹1
636 2325 739 2371 florentia
746 2333 761 2352 ¹¹
769 2335 827 2372 esset

64 2405 76 2434 a
85 2397 161 2440 sancto
169 2386 278 2435 francisco
285 2389 388 2435 minister
397 2389 491 2436 fratrum
501 2391 525 2436 in
531 2390 647 2452 provincia
655 2391 826 2446 constitutus3¹²

65 2460 87 2497 et
97 2451 219 2513 capitulum
226 2451 321 2498 fratrum
332 2454 356 2499 in
368 2454 445 2501 eadem
454 2454 568 2516 provincia
577 2454 713 2513 celebrasset,
720 2455 827 2502 dominus

103 2575 153 2615 lM.
163 2579 219 2616 omits.
255 2576 412 2617 ⁵L.hostiolum.
451 2578 511 2618 6ΟΧ.
519 2581 576 2617 omits.
614 2582 669 2618 ⁷0³.
679 2580 722 2619 adds
731 2581 792 2631 sepius.

105 2627 113 2649 ⁸
126 2627 162 2673 H,
172 2631 211 2666 Ox.
221 2630 255 2666 aud
264 2629 295 2666 W.
306 2631 424 2667 conscientias.
521 2635 530 2660 9
544 2633 581 2668 Ox.
591 2632 626 2669 aud
635 2632 666 2669 W.
676 2632 726 2670 omit.

75 2686 76 2689 ’
107 2681 122 2700 ¹⁰
136 2679 160 2717 L.
171 2690 268 2718 usurario.
449 2684 463 2705 ¹¹
477 2681 505 2719 H.
515 2683 573 2721 omits.

106 2733 120 2752 ¹²
134 2732 172 2775 Ox.
186 2732 229 2769 adds
242 2741 260 2768 et
273 2733 297 2769 sic
307 2742 343 2769 erat
355 2733 409 2770 horno
423 2734 481 2783 magni
494 2734 566 2772 fervoris
577 2733 681 2785 regularibus
690 2736 791 2787 disciplinisi
802 2737 828 2775 in·

68 2791 140 2818 structus
153 2794 171 2820 et
184 2783 227 2822 alios
240 2785 272 2821 sibi
286 2787 387 2822 commissos
400 2786 464 2823 utiliter
477 2787 567 2825 instruens.
