1919 3169
269 106 427 153 Lucuuun
444 104 602 164 anatona
782 117 824 163 107

61 219 134 259 omne,
162 204 223 265 quod
257 203 319 259 vixit,
348 200 447 245 veritatis
480 199 561 245 inditio
594 198 664 255 fulsit,
693 215 751 256 cum,
780 200 825 244 vite

61 266 161 314 mortalis
180 266 267 313 calcatis
289 264 403 320 illecebris,
422 263 477 309 liber
496 264 565 310 evasit
585 263 613 309 ad
632 277 731 325 superos.
765 263 825 309 Nam

62 333 149 379 mundo
170 333 245 380 vivere
267 331 333 378 duxit
355 328 510 391 obprobrium,
533 328 610 374 dilexit
632 344 685 373 suos
706 330 729 374 in
751 329 826 384 finem,

62 407 160 444 mortem
176 397 286 443 cantando
303 394 406 454 suscepit.
440 393 501 438 Cum
518 394 587 455 igitur
605 393 632 437 ad
649 393 696 437 dies
714 394 757 438 iam
774 409 827 455 pro-

62 463 182 523 pinquaret
206 471 326 517 extremos,
350 457 439 520 quibus,
462 457 546 513 finibili,
570 457 619 503 luce
646 456 766 514 subtracta,
787 456 827 504 lux

63 535 171 589 perpetua
198 523 337 578 succedebat,
359 522 450 567 virtutis
477 521 579 582 exemplo
601 522 741 575 monstravit,
765 521 906 583 quodFol.98

64 590 131 636 nichil
149 605 268 635 commune
287 587 319 633 illi
337 596 384 632 erat
403 602 455 632 cum
475 586 577 641 mundo;
595 584 711 633 confectus
731 603 828 649 namque

64 655 193 702 infirmitate
215 654 252 699 illa
273 663 320 699 tam
341 652 412 715 gravi,
432 667 476 714 que
498 651 560 696 omni
581 651 690 714 languore
712 651 827 710 conclusit,

65 735 132 778 super
144 718 228 762 nudam
239 719 336 762 humum
348 732 370 760 se
381 715 433 759 fecit
450 716 539 775 deponi,
552 725 578 759 ut
596 717 651 759 hora
668 715 705 760 illa
722 726 828 770 extrema,

65 784 87 827 in
99 798 144 844 qua
154 790 242 842 poterat
253 779 326 825 adhuc
337 778 407 823 hostis
418 778 487 832 irasci,
499 777 574 823 nudus
587 776 684 822 luctarer
694 796 746 824 cum
758 778 827 823 nudo.

65 845 221 907 Triumphum
248 859 327 890 revera
356 841 485 904 expectabat
515 842 640 903 intrepidus
669 852 691 887 et
722 844 829 888 consertis

66 910 168 957 manibus
187 910 271 955 iustitie
290 907 480 968 complectebatur
502 923 614 953 coronam.
647 907 738 954 Positus
757 909 787 953 sic
806 909 829 952 in

66 987 132 1031 terra,
144 974 228 1020 saccina
238 983 299 1021 veste
311 973 418 1035 deposita,
430 971 508 1017 faciem
526 972 593 1018 solito
610 972 693 1018 levavit
710 973 738 1018 ad
756 972 829 1018 celum

67 1050 89 1084 et
106 1039 224 1083 intendens
243 1039 275 1082 illi
294 1039 365 1098 glorie
384 1047 452 1089 totus,
472 1054 540 1082 manu
559 1037 645 1081 sinistra
664 1037 737 1082 dextri
756 1038 830 1082 lateris

67 1101 151 1150 vulnus
169 1118 196 1148 ne
213 1102 336 1159 videretur,
352 1099 437 1147 obtexit
455 1110 477 1146 et
494 1101 524 1146 ait
540 1099 568 1146 ad
585 1098 680 1146 fratres:
698 1101 750 1164 Ego
767 1100 830 1164 quod

68 1184 144 1215 meum
156 1176 189 1213 est
200 1165 258 1223 feci3
276 1166 339 1229 quod
351 1175 452 1212 vestrum
463 1174 496 1210 est
508 1165 603 1211 christus
614 1164 711 1211 edoceat.

114 1232 223 1278 Videntes
234 1232 276 1277 hoc
287 1231 326 1276 filii
343 1231 473 1292 producunt
490 1231 576 1275 rivulos
594 1229 743 1290 lacrymarum
762 1241 785 1276 et
803 1232 831 1277 de

68 1297 152 1342 intimis
166 1295 233 1357 longa
252 1297 362 1341 trahentes
381 1295 476 1356 suspiria
495 1294 564 1339 nimio
583 1293 655 1340 dolori
675 1296 831 1357 compatiendo

68 1360 226 1406 succumbunt.
259 1361 346 1405 Interea
353 1360 435 1420 >sopitis
446 1369 571 1419 utcumque
586 1358 729 1419 singultibus,
741 1359 831 1420 guardi-

69 1441 125 1471 anus
146 1424 201 1481 eius,
223 1424 263 1487 qui
285 1439 360 1469 veram
382 1438 470 1468 causam
492 1423 567 1469 divina
589 1422 663 1468 verius
689 1423 831 1486 inspiratione

69 1490 183 1552 cognovit,
205 1488 300 1534 festinus
326 1489 421 1534 surrexit
446 1497 469 1533 et
493 1496 582 1548 accepta
609 1503 661 1533 cum
687 1487 832 1534 femoralibus

71 1555 178 1612 tunicam,
199 1555 352 1616 saccinamque
374 1551 521 1614 cappellulam
548 1562 571 1597 et
595 1551 651 1598 dixit
675 1553 702 1600 ad
729 1564 831 1615 patrem:

72 1619 185 1663 Tunicam
206 1618 270 1662 istam
292 1627 315 1662 et
339 1616 453 1661 femoralia
479 1632 531 1661 cum
558 1616 682 1675 cappellula
708 1617 834 1663 obedientie

72 1691 146 1726 sancte
158 1681 265 1727 mandato
282 1697 294 1725 a
311 1697 347 1725 me
363 1679 404 1725 tibi
421 1679 612 1725 accommodatam
630 1682 777 1741 cognoveris3
794 1681 834 1726 sed

73 1757 99 1793 ut
110 1748 171 1803 scias,
182 1756 205 1791 te
216 1746 283 1791 nichil
294 1745 434 1807 proprietatis
445 1746 468 1789 in
480 1744 522 1789 illis
536 1744 622 1799 habere,
634 1744 702 1790 dandi
713 1746 753 1792 hec
768 1747 833 1792 alicui

73 1827 163 1857 omnem
182 1810 222 1856 tibi
240 1810 317 1857 aufero
334 1819 474 1871 potestatem.
507 1809 597 1855 Gaudet
613 1819 701 1856 sanctus
717 1821 740 1857 et
756 1812 834 1857 iubilat

73 1893 112 1935 pre
123 1875 194 1919 letitia
204 1875 283 1931 cordis,
295 1875 402 1935 quoniam
413 1874 481 1918 fidem
492 1874 589 1918 tenuisse
601 1874 690 1918 domine
707 1876 834 1935 paupertati

74 1955 145 2000 usque
156 1939 180 1983 in
191 1938 258 1984 finem
269 1954 292 1982 se
304 1937 371 1984 videt.
406 1937 496 1982 Fecerat
513 1937 572 1981 enim
590 1937 630 1981 hec
647 1939 721 1983 omnia
738 1955 834 2000 pauper-

73 2003 125 2049 tatis
136 2003 193 2060 zelo,
205 2013 231 2049 ut
246 2019 286 2048 nec
303 2001 405 2047 habiturn
422 2001 515 2063 quidem
532 2001 649 2063 proprium
667 2001 690 2046 in
707 2003 751 2048 fine
768 2003 835 2049 vellet

74 2067 160 2125 habere,
180 2067 219 2113 sed
238 2067 301 2131 quasi
323 2066 349 2113 ab
371 2066 441 2112 altero
463 2066 639 2112 commodatum.
680 2066 834 2129 Cappellulam

73 2148 127 2176 vero
138 2133 246 2176 saccinam
257 2132 356 2191 portavit
367 2132 389 2174 in
400 2131 478 2190 capite,
490 2141 517 2175 ut
528 2131 637 2175 cicatrices
654 2143 781 2193 contegeret
792 2150 834 2192 pro

74 2196 166 2241 sanitate
188 2195 306 2242 oculorum
332 2203 452 2255 susceptas,
475 2194 510 2239 cui
539 2194 590 2239 satis
612 2196 759 2242 necessarium
788 2206 834 2242 erat

74 2259 166 2321 pilleum
183 2260 280 2306 cuiusvis
297 2259 392 2320 pretiose
408 2259 457 2304 lane
473 2258 582 2304 suavitate
598 2258 741 2308 lenissimum.

138 2325 209 2370 Levat
225 2334 276 2386 post
293 2324 333 2368 hec
349 2333 438 2368 sanctus
454 2323 538 2383 palmas
555 2323 582 2367 ad
599 2323 671 2367 celum
688 2335 710 2369 et
726 2326 835 2372 christum

75 2404 142 2434 suum
153 2389 286 2450 magnificat,
298 2388 415 2449 quodiam
426 2387 575 2433 exhoneratus
586 2386 690 2432 omnibus
700 2388 756 2434 liber
774 2391 836 2438 vadit

75 2453 103 2496 ad
122 2453 239 2498 christum.
272 2453 358 2497 Verum
376 2460 402 2495 ut
419 2452 546 2496 ostenderet
563 2467 585 2495 se
604 2451 689 2495 domini
707 2455 741 2498 sui
760 2456 836 2500 christi

75 2532 155 2560 verum
166 2516 302 2561 imitatorem
313 2515 336 2558 in
347 2513 459 2570 omnibus,
469 2513 549 2559 fratres
558 2524 579 2558 et
588 2514 652 2571 filios,
661 2531 720 2576 quos
728 2517 836 2564 dilexerat

75 2581 214 2643 aprincipio,
225 2583 248 2628 in
259 2581 327 2627 finem
338 2579 414 2626 dilexit
429 2596 473 2628 eos.
508 2580 568 2627 Fecit
585 2579 645 2625 enim
662 2579 742 2629 fratres
759 2600 836 2630 omnes

75 2647 200 2693 assistentes
211 2646 294 2693 ibidem
305 2646 332 2691 ad
343 2661 365 2690 se
376 2646 451 2691 vocari
462 2655 484 2690 et
501 2644 573 2690 verbis
585 2644 736 2692 consolatoriis
746 2664 784 2694 eos
795 2666 836 2711 pro

75 2709 115 2754 sua
123 2721 197 2755 morte
205 2712 338 2766 demulcens,
349 2720 443 2770 paterno
452 2710 534 2754 affectu
542 2711 570 2754 ad
581 2710 684 2754 divinum
692 2722 726 2756 est
734 2713 836 2758 hortatus

75 2789 193 2831 amorem;
219 2777 246 2823 de
265 2775 369 2838 patientia
387 2783 409 2819 et
430 2783 561 2836 paupertate
582 2774 689 2820 servanda
711 2792 836 2824 sermonem

76 2841 191 2898 protraxit,
203 2842 279 2885 ceteris
291 2840 399 2885 institutis
416 2849 518 2884 sanctum
535 2838 675 2899 evangelium
693 2852 836 2902 anteponens.
