1919 3169
343 72 524 121 MIRACULA
771 86 815 130 109

48 174 168 222 sanctitatis
187 173 325 221 confessione
346 170 442 244 perfecta
459 170 536 233 plures
554 184 605 214 sanc
607 176 682 214 torum
701 167 818 230 cathalogo

48 254 180 286 veneremur
196 239 308 299 ascriptos
343 235 407 281 Sed
402 251 445 280 ram
456 236 484 281 ad
496 235 579 280 horum
590 232 693 278 omnium
705 242 777 293 caput,
789 234 816 278 de

48 320 95 368 quo
111 320 170 350 nunc
186 303 331 357 intendimus,
348 316 422 347 sermo
438 309 547 348 vertatur.

87 448 121 488 De
135 446 242 487 miraculo
255 446 390 503 stigmatum
403 446 427 483 et
439 443 522 483 modus
534 441 683 491 apparitionis
696 441 780 490 seraph
822 445 850 483 [C-
850 445 876 485 ΙΙ]

349 495 370 535 ei
383 494 519 545 apparentis

97 582 205 674 novus
223 615 293 660 homo
312 613 442 659 Franciscus
459 627 520 658 novo
538 621 561 657 et
578 610 692 673 stupendo
711 610 820 656 miraculo

51 680 138 735 claruit,
155 695 207 724 cum
224 678 331 740 singulari
348 676 466 739 privilegio
482 676 599 721 retroactis
616 675 696 721 seculis
711 692 757 720 non
768 692 822 720 con-

51 760 112 790 cesso
120 742 238 803 insignitus
247 743 357 803 apparuit,
365 742 431 787 sacris
438 740 541 786 videlicet
549 740 694 801 stigmatibus
702 741 822 787 decoratus

51 818 75 853 et
91 806 242 867 configuratus
261 807 284 849 in
304 821 396 866 corpore
415 805 494 849 mortis
514 803 581 849 huius
602 804 692 865 corpori
714 803 820 849 crucifixi.

53 873 90 919 De
106 886 153 932 quo
169 869 276 932 quicquid
290 869 386 914 humana
396 868 474 931 lingua
485 868 580 926 dicatur,
592 868 667 913 minus
678 868 721 915 erit
733 885 745 914 a
755 868 822 914 laude

53 935 172 996 condigna.
216 934 270 980 Non
297 943 330 980 est
357 933 471 997 querenda
497 933 553 979 ratio
575 933 629 995 quia
650 932 756 988 mirabile,
781 949 822 979 nec

53 1000 177 1063 petendum
195 999 322 1059 exemplum
339 999 447 1060 quoniam
464 997 583 1069 singulare
616 997 743 1042 Totum
722 1015 765 1043 viri
759 999 822 1042 Dei

54 1063 155 1109 studium
171 1071 218 1107 tam
231 1061 347 1134 publicum
359 1077 427 1123 quam
438 1061 551 1122 privatum
562 1061 618 1106 circa
629 1076 717 1106 crucem
728 1062 822 1106 Domini

54 1126 188 1182 versabatur,
211 1137 233 1172 et
254 1143 266 1172 a
288 1125 390 1188 primevo
411 1125 518 1199 temporis
539 1142 587 1198 quo
608 1125 714 1172 crucifixo
736 1136 823 1188 ceperat

55 1192 157 1247 militare,
166 1191 278 1236 diversa
261 1207 318 1236 circa
325 1206 376 1235 eum
385 1191 456 1237 crucis
463 1190 562 1236 misteria
573 1189 647 1251 preful
648 1201 738 1237 xerunt.
762 1191 822 1237 Cum

53 1257 113 1304 enim
120 1273 143 1302 in
149 1272 260 1317 prrncrpro
266 1272 304 1302 sue
311 1256 513 1302 conversionisvite
520 1255 596 1301 huiusi
597 1254 698 1302 llecebns
703 1254 822 1302 valefacere

55 1321 195 1376 decrevisset,
202 1329 302 1364 orantem
314 1336 367 1365 eum
376 1320 479 1364 Christus
487 1320 515 1363 de
522 1319 584 1380 ligno
591 1319 663 1364 crucis
671 1320 794 1381 alloquitur
801 1330 823 1365 et

55 1384 98 1431 ab
93 1383 162 1446 ipsius
173 1399 211 1428 ore
222 1383 333 1446 ymaginis
343 1399 388 1429 vox
401 1383 442 1428 ista
458 1382 581 1429 dilabitur:
600 1383 715 1429 Francisce
717 1380 821 1447 ,inquid

55 1449 118 1506 vade,
130 1464 206 1511 repara
217 1448 313 1495 domum
324 1464 397 1494 meam
409 1464 461 1511 que,
473 1457 500 1494 ut
511 1448 590 1503 cerniS,
601 1457 648 1493 tota
659 1448 709 1495 dest
700 1449 754 1495 truit
756 1466 790 1495 ur.

104 1514 141 1559 Ex
159 1523 215 1559 tunc
234 1512 349 1575 profundo
371 1522 480 1558 caractere
501 1513 608 1574 impressa
627 1512 672 1558 fuit
691 1514 754 1560 cordi
775 1515 823 1559 eius

57 1578 165 1624 memoria
183 1577 242 1623 dicte
259 1577 374 1638 passionis,
386 1586 408 1622 et
418 1577 463 1623 alta
473 1578 496 1622 in
508 1594 554 1623 sese
565 1577 709 1623 conversione
724 1579 824 1636 reducta,

56 1641 164 1704 liquefieri
182 1642 241 1703 cepit
258 1642 331 1686 anima
347 1641 403 1698 eiua,
414 1650 440 1685 ut
458 1640 552 1686 dilectus
569 1642 658 1686 locutus
668 1651 708 1687 est.
741 1642 824 1687 Nonne

56 1707 123 1753 etiam
134 1706 157 1751 in
175 1706 223 1768 ipsa
233 1722 256 1751 se
270 1721 335 1752 cruce
349 1705 467 1751 recludens
483 1705 584 1751 habitum
595 1706 718 1768 penitentie
729 1707 824 1770 sumpsit

58 1772 128 1818 crucis
138 1772 267 1834 ymaginem
278 1770 443 1833 preferentem?

106 1836 152 1898 Qui
163 1834 360 1908 habituslrcetpro
370 1835 468 1898 eoquod
479 1834 551 1897 magis
562 1844 618 1881 esset
609 1836 718 1882 temulus
729 1853 824 1898 pauper-

58 1900 116 1957 tatis,
123 1900 194 1972 magis
205 1916 246 1944 suo
253 1900 370 1961 proposito
377 1900 515 1956 conveniret,
521 1898 573 1960 plus
584 1910 657 1944 tamen
669 1900 692 1944 in
703 1917 730 1944 eo
737 1911 824 1945 sanctus

58 1964 127 2011 crucis
138 1964 266 2011 misterium
279 1963 439 2026 comprobavit
452 1963 567 2037 quatinus,
579 1973 604 2009 ut
620 1979 683 2010 mens
699 1964 748 2011 eius
764 1965 825 2011 intro

59 2029 185 2075 Dominum
196 2029 327 2075 crucifixum
337 2029 447 2086 induerat,
432 2029 488 2074 tsic
500 2039 576 2074 totum
587 2044 669 2091 corpus
679 2029 726 2075 eius
737 2046 825 2076 crucem

60 2094 143 2139 Christi
160 2093 216 2139 foris
233 2095 344 2152 indueret,
361 2105 384 2139 et
400 2094 424 2139 in
437 2110 484 2156 quo
500 2094 564 2155 signo
579 2094 692 2139 Dominus
703 2104 825 2156 potestates

59 2174 131 2202 aereas
142 2158 298 2216 debellaverat,
309 2159 333 2203 in
343 2158 423 2203 eodem
434 2175 489 2202 suus
500 2158 609 2202 exercitus
620 2159 670 2202 Deo
682 2159 794 2205 militaret.

106 2222 189 2267 Nonne
207 2222 275 2269 frater
293 2223 398 2269 Silvester
410 2223 439 2269 de
450 2222 527 2283 primis
538 2220 644 2267 fratribus
655 2237 715 2268 unus
726 2223 761 2270 vir
772 2239 825 2269 con-

60 2295 146 2332 sumate
167 2302 207 2349 per
228 2285 304 2333 omnia
324 2285 440 2350 discipline
460 2285 519 2333 vidit
539 2302 566 2332 ex
587 2285 656 2348 ipsius
678 2303 715 2333 ore
737 2304 825 2334 crucem

59 2367 149 2397 auream
163 2353 321 2413 prodeuntem,
336 2369 380 2415 que
396 2352 538 2398 brachiorum
552 2353 679 2397 extensione
694 2353 826 2401 universum

60 2415 138 2460 orbem
162 2417 291 2462 mirabiliter
315 2417 476 2477 consignabat?
522 2417 635 2475 Scriptum
657 2427 690 2462 est
716 2428 739 2462 et
765 2419 826 2463 fideli

60 2478 168 2526 relatione
194 2479 314 2543 probatum
341 2479 437 2542 qualiter
464 2478 531 2526 frater
557 2479 594 2525 ille
622 2478 746 2528 Monaldus
774 2482 826 2540 vita,

61 2544 161 2591 moribus
185 2556 207 2591 et
233 2545 342 2592 exercitiis
370 2545 451 2598 clarus,
479 2562 531 2591 cum
555 2543 631 2591 beatus
657 2546 773 2593 Antonius
799 2547 827 2594 de

61 2609 130 2655 crucis
157 2610 225 2656 titulo
252 2610 381 2672 predicaret,
409 2610 467 2656 vidit
494 2610 584 2655 beatum
611 2610 754 2656 Franciscum
779 2628 827 2657 cor-

61 2687 130 2732 poreo
157 2674 243 2720 intuitu
270 2673 406 2719 crucifixum.
447 2674 530 2719 Nonne
557 2688 606 2718 mos
633 2683 680 2718 erat
705 2684 728 2719 et
751 2676 920 2735 primisFol.41¹⁰

61 2735 112 2780 filiis
121 2735 165 2797 pia
180 2737 291 2783 sanctione
302 2746 419 2792 statutum,
432 2746 458 2782 ut
474 2737 611 2798 ubicumque
622 2737 692 2782 crucis
706 2737 829 2783 similitud-

62 2799 122 2846 inem
134 2813 255 2860 cernerent,
267 2802 374 2848 honorem
390 2801 410 2847 ei
427 2800 501 2848 debite
517 2801 639 2850 reverentie
657 2804 825 2852 consecrarent?
