1919 3169
249 65 452 114 TRACTATUS
471 66 646 115 SECUNDUS
800 75 828 124 73

66 165 129 209 annis
144 162 222 222 elapsis
238 173 289 223 post
305 180 345 208 sua
361 164 539 218 conversionem,
561 164 585 207 in
607 162 707 223 quodam
726 161 830 222 capitulo,

68 244 142 276 coram
161 226 266 274 omnibus
285 224 389 275 fratribus
408 225 436 274 de
457 227 565 290 religione
586 225 714 289 prelationis
733 225 831 273 officium

67 292 195 355 resignavit,
207 292 297 338 dicens:
314 291 424 338 Admodo
435 308 485 338 sum
502 303 607 339 mortuus
622 291 703 347 vobis;
720 292 758 338 sed
774 306 828 347 ecce,

68 357 156 421 inquid,
167 354 234 402 frater
245 356 327 403 Petrus
339 355 448 415 Cathanii,
460 358 495 404 cui
509 375 551 421 ego
567 368 589 403 et
605 373 646 403 vos
662 373 740 402 omnes
756 354 833 401 obedi-

68 438 138 469 amus.
172 421 204 466 Et
214 421 322 466 inclinans
332 438 355 467 se
366 421 469 481 protinus
487 439 560 468 coram
577 422 626 482 ipso
644 421 793 466 obedientiam
810 429 833 465 et

68 485 214 537 reverentiam
224 486 327 545 promisit
338 485 418 530 eidem.
451 485 545 531 Flebant
559 486 629 546 igitur
643 484 723 530 fratres
739 495 761 530 et
777 483 833 529 altos

67 548 213 612 extorquebat
234 549 332 611 gemitus
354 548 426 605 dolor,
443 565 495 595 cum
514 550 619 596 videbant
640 565 663 595 se
681 558 745 596 tanto
764 556 831 611 patre,

69 615 167 679 quodam
184 613 258 669 modo,
276 614 387 675 orphanos
403 615 457 660 fieri.
490 616 587 678 Surgens
603 614 680 661 beatus
695 614 834 669 Franciscus,
883 670 899 675 ,.

69 680 151 726 iunctis
169 677 271 724 manibus
286 689 309 724 et
325 679 396 725 oculis
414 679 438 724 in
449 678 522 725 celum
537 680 622 737 erectis,
634 680 706 726 dixit:
728 679 833 736 Domine,

68 744 110 789 tibi
121 743 280 788 recommendo
296 742 409 798 familiam,
423 760 491 806 quam
508 744 563 789 mihi
580 754 670 789 actenus
688 743 834 800 commisisti;

69 818 92 853 et
103 823 162 853 nunc
170 817 262 869 propter
270 807 416 863 infirmitates,
427 824 481 870 quas
489 818 515 854 tu
527 809 592 864 nosti,
601 809 728 854 dulcissime
736 807 835 865 domine,

70 889 146 919 curam
162 872 210 918 eius
226 871 305 917 habere
316 889 361 919 non
373 871 447 919 valens
458 874 527 935 ipsam
544 873 703 919 recommendo
719 872 834 919 ministris.

69 938 200 982 Teneantur
211 936 234 981 in
246 937 281 982 die
292 937 365 1000 iuditij
378 953 452 982 corarn
465 948 487 982 te
498 939 589 984 reddere
599 938 714 995 rationem,
726 939 743 982 si
755 937 835 998 aliquis

70 1000 137 1045 frater
156 999 192 1044 vel
212 1000 355 1061 negligentia,
374 1000 410 1046 vel
427 1002 536 1061 exemplo,
552 1017 591 1047 seu
610 1003 677 1046 etiam
693 1016 769 1061 aspera
785 1016 835 1045 cor-

71 1064 168 1111 rectione
196 1064 293 1126 perierit.
342 1065 467 1112 Permansit
488 1065 567 1112 exinde
589 1064 693 1112 subditus
715 1081 786 1129 usque
807 1064 835 1111 ad

72 1140 175 1187 mortem,
191 1130 299 1176 humilius
315 1147 381 1193 agens
398 1147 465 1193 quam
481 1132 561 1193 aliquis
576 1130 678 1177 aliorum.

289 1274 391 1326 Qualiter
404 1274 529 1326 resignavit
542 1273 621 1317 sotios.

178 1391 210 1437 lio
224 1401 333 1454 tempore,
349 1391 432 1438 vicario
448 1407 497 1448 suo,
514 1400 606 1438 cunctos
625 1393 694 1437 sotios
716 1393 837 1455 resignavit

72 1457 159 1505 dicens:
177 1457 229 1502 Hac
239 1455 346 1502 libertatis
358 1455 499 1517 prerogativa
515 1456 633 1518 singularis
643 1457 714 1503 videri
726 1458 785 1511 nolo,
799 1457 837 1502 sed

72 1520 150 1566 fratres
171 1536 207 1564 me
229 1520 257 1564 de
277 1520 328 1564 loco
350 1519 378 1563 ad
401 1518 477 1564 locum
504 1520 618 1575 associent,
647 1520 705 1565 sicut
732 1520 838 1565 dominus

73 1585 213 1648 inspiraverit
231 1584 269 1630 eis.
303 1584 335 1630 Et
352 1583 455 1630 adiiecit:
478 1584 532 1631 Vidi
551 1585 595 1633 iam
612 1600 696 1642 cecum,
713 1586 751 1649 qui
769 1600 837 1631 unam

73 1650 194 1698 caniculam
213 1649 294 1695 ducem
313 1648 407 1695 habebat
425 1649 517 1697 itineris.
552 1649 604 1695 Hec
620 1650 695 1713 itaque
711 1667 751 1697 sua
767 1649 838 1714 gloria

73 1725 126 1771 erat,
149 1724 175 1761 ut
202 1715 275 1758 omnis
296 1714 455 1774 singularitatis
476 1724 498 1759 et
525 1715 628 1759 iactantie
646 1716 716 1775 specie
735 1715 838 1777 relegata,

73 1779 181 1826 habitaret
198 1779 221 1824 in
237 1794 264 1824 eo
279 1778 352 1825 virtus
369 1778 451 1826 christi.

75 1973 86 2015 s
109 1918 194 2016 tVerba
209 1919 259 1981 eius
279 1922 358 1961 contra
383 1918 531 1970 prelationem
549 1922 654 1962 amantes
673 1923 697 1963 et
717 1920 930 1973 descriptiom-cioq]

84 1985 109 2016 ra
120 1985 151 2015 ns
164 1984 263 2014 minoris.

121 2059 238 2140 Videris
256 2095 331 2132 autem
355 2086 465 2148 quosdam
486 2086 646 2148 prelationibus
669 2087 761 2144 inhiare,
783 2105 840 2151 quos

76 2163 149 2215 preter
159 2153 201 2198 alia
211 2152 247 2198 vel
258 2151 304 2197 sola
314 2150 422 2197 reddebat
434 2152 538 2215 indignos
549 2151 642 2198 ambitio
657 2152 790 2213 presidendi,
803 2169 840 2198 eos

76 2234 122 2263 non
135 2233 180 2264 esse
196 2216 275 2262 fratres
293 2216 389 2261 minores
405 2216 499 2272 dicebat,
510 2217 548 2262 sed
565 2217 696 2272 vocationis,
708 2233 753 2279 qua
766 2218 840 2263 vocati

76 2294 146 2340 erant,
158 2281 239 2328 oblitos
250 2298 262 2326 a
273 2280 343 2343 gloria
353 2279 473 2337 excidisse,
491 2280 611 2328 nonnullos
622 2298 676 2327 vero
687 2282 779 2328 miseros
790 2299 841 2344 egre

76 2345 171 2393 ferentes
182 2347 209 2391 ab
220 2346 295 2390 offitiis
304 2345 409 2400 amoveri,
417 2345 501 2406 quippe
510 2363 562 2392 cum
573 2362 629 2391 onus
638 2362 683 2391 non
692 2356 795 2407 querent,
802 2347 840 2393 sed

77 2410 193 2468 honorem,
220 2408 297 2455 multis
324 2408 464 2454 sermonibus
490 2409 626 2456 confutabat.
672 2410 738 2456 Dixit
764 2421 931 2466 autemF01,26v·

78 2478 170 2539 quando
191 2476 250 2522 sotio
268 2491 326 2521 suo:
354 2474 409 2520 Non
431 2474 486 2520 mihi
507 2476 585 2523 videor
606 2474 674 2522 frater
696 2477 776 2537 minor,
799 2478 840 2523 nisi

78 2541 143 2588 fuero
160 2542 184 2587 in
199 2550 267 2597 statu,
279 2556 347 2602 quem
364 2539 405 2583 tibi
422 2540 551 2602 descrips03
568 2550 590 2590 et
606 2541 652 2586 ait:
668 2540 727 2586 Ecce
744 2541 842 2603 prelatus

0 2644 2 2660 ,
78 2606 174 2651 existens
190 2604 285 2650 fratrum
302 2604 360 2649 vado
371 2603 398 2648 ad
415 2604 547 2662 capitulum,
560 2604 656 2664 predico,
670 2615 693 2649 et
709 2622 842 2650 commoneo

68 2666 157 2715 iratres
175 2679 197 2714 et
217 2668 240 2715 in
258 2667 301 2713 fine
319 2667 401 2713 dicitur
420 2677 497 2713 contra
514 2685 565 2714 me:
586 2667 640 2712 Non
657 2670 762 2715 convenit
779 2669 843 2714 nobis

79 2733 207 2791 illitteratus
220 2744 242 2779 et
255 2730 435 2793 contemptibilis,
448 2732 494 2779 imo
510 2734 615 2779 nolumus
631 2742 653 2777 te
669 2750 762 2796 regnare
778 2750 843 2796 super

80 2815 127 2856 nos,
138 2800 191 2863 quia
201 2798 297 2860 elinguis
310 2814 340 2854 es,
351 2795 445 2858 simplex
460 2808 482 2843 et
499 2799 583 2860 ydiota,
595 2798 684 2845 tandem
700 2799 775 2846 eiicior
791 2815 842 2846 cum
