1919 3169
112 36 141 83 2⁶
329 36 488 83 ausuum
504 35 663 97 nunqua

113 133 197 179 collum
210 134 259 178 eius
269 142 382 177 tenentem
393 131 540 188 abstrictum3
558 134 604 196 qui,
616 133 655 178 tali
670 149 754 179 sessore
769 134 880 189 subactus,

114 197 179 243 freno
195 196 322 242 obedientie
338 205 420 257 spreto,
437 195 557 242 instinctus
573 197 621 242 eius
638 196 771 258 sequebatur
786 198 881 244 habenas

115 272 138 309 et
165 278 218 309 curn
244 276 353 324 rogarem,
381 259 468 323 inquid,
497 259 616 307 dominum
640 277 682 323 pro
709 264 784 320 tratre,
806 260 882 307 subito

39 327 199 380 F01·25dem0n
214 325 323 373 confusus
340 324 450 373 abscessit.
493 325 586 373 Talibus
601 325 637 373 vir
652 326 693 373 iste
708 326 799 389 vigebat
815 327 882 373 obtu-

115 392 183 451 tibus,
198 391 275 438 oculos
290 390 374 436 habens
390 390 418 436 ad
435 406 529 452 corpora
546 391 637 449 debiles,
648 392 676 437 ad
693 391 815 453 spiritualia
832 408 881 454 per-

114 457 216 519 spicaces·
248 455 281 510 Et
291 454 347 517 quid
363 455 455 512 mirum,
467 456 485 502 si
501 457 561 518 turpi
579 456 662 502 sarcina
678 465 825 518 pregravetur
841 458 881 520 qui

114 521 174 566 ferre
201 535 247 564 non
272 518 322 564 vult
348 519 467 565 dominum
493 521 620 566 maestatis?
673 520 758 576 Nichil,
784 522 882 582 inquam,

115 584 229 631 medium:
247 582 298 628 Aut
313 583 387 628 honus
404 582 454 629 leve
468 583 573 645 portabis,
590 599 636 646 quo
654 584 725 646 magis
743 584 789 645 ipse
806 594 881 646 porta-

115 650 178 704 beris,
191 657 229 694 aut
240 647 300 694 mola
310 647 404 694 asinaria
415 647 473 694 collo
484 665 597 711 suspensa,
607 647 692 695 sedebit
700 648 807 712 iniquitas
815 665 882 712 super

114 714 223 761 talentum
234 711 328 774 plumbi.

54 861 110 905 [nv]
161 809 208 894 In
222 839 272 887 loco
287 838 383 886 fratrum
397 839 424 886 de
442 839 518 901 grecio
535 850 624 886 sanctus
646 839 727 901 placito
747 839 882 897 morabatur,

115 915 167 951 tum
185 905 237 968 quia
255 913 387 966 paupertate
404 904 499 951 divitem
521 921 568 950 esse
589 904 699 962 cernebat,
715 915 765 951 turn
787 906 840 968 quia
859 906 881 951 in

116 971 231 1017 remotiori
243 969 321 1017 cellula
331 985 384 1015 saxo
394 968 537 1031 prominente
548 979 684 1026 constructa,
694 969 784 1017 vacabat
792 969 883 1017 liberius

116 1035 234 1081 celestibus
253 1033 382 1095 disciplinis.
416 1034 465 1080 Hic
482 1034 519 1080 ille
538 1034 600 1080 locus
622 1044 662 1091 est,
681 1036 704 1080 in
726 1053 773 1098 quo
795 1035 882 1096 pridem

116 1099 180 1161 pueri
199 1096 337 1143 bethlemitis
353 1098 448 1143 natalem
464 1098 567 1152 recoluit,
579 1097 651 1142 factus
667 1113 719 1142 cum
734 1114 805 1159 puero
819 1114 881 1159 puer.

117 1163 206 1210 Accidit
221 1173 305 1219 autern,
316 1171 343 1207 ut
357 1161 462 1224 indigene
478 1160 542 1207 malis
558 1159 720 1224 multiplicibus
736 1173 884 1219 vexarentur3

117 1244 168 1274 nam
187 1227 294 1288 luporum
314 1227 427 1287 rapacium
444 1226 571 1272 multitudo
593 1242 639 1272 non
661 1226 736 1272 solum
752 1226 824 1283 bruta,
845 1228 884 1274 sed
908 1224 909 1227 ¹

117 1291 218 1338 homines
229 1291 381 1349 consumebat,
392 1291 479 1353 grando
489 1307 544 1338 vero
554 1306 627 1337 annua
643 1300 776 1353 tempestate
792 1290 884 1338 bladum

116 1367 139 1402 et
150 1358 225 1403 vineas
235 1355 371 1401 devastabat.

166 1421 271 1481 Quadam
279 1435 333 1467 vero
345 1420 381 1466 die
389 1419 445 1465 dum
456 1419 579 1481 predicaret
590 1419 621 1464 eis
636 1419 714 1465 beatus
730 1420 884 1478 Francischus,

118 1485 191 1533 dixit:
216 1485 256 1532 Aa
275 1484 385 1531 honorem
403 1494 426 1529 et
443 1483 534 1530 laudem
553 1483 639 1529 domini
658 1485 702 1529 mei
721 1484 797 1530 audite
816 1500 883 1547 quam

118 1550 182 1598 vobis
196 1549 306 1596 annuntio
320 1549 445 1597 veritatem.
479 1549 502 1595 Si
519 1549 615 1611 quisque
632 1559 734 1596 vestrum
753 1550 884 1597 confiteatur

118 1626 214 1677 peccata,
233 1614 314 1676 dignos
335 1612 401 1659 faeiat
422 1614 545 1674 penitentie
567 1613 660 1669 fructus,
679 1613 791 1660 fideiubeo
812 1614 884 1672 vobis,

119 1680 226 1742 quoniam
245 1677 372 1739 pestilentia
390 1678 431 1721 hec
449 1677 522 1722 omnis
544 1677 640 1722 abscedit
661 1686 684 1722 et
704 1678 823 1739 rescipiens
844 1696 885 1725 vos

118 1744 225 1790 dominus
236 1740 392 1802 multiplicabit
403 1740 427 1786 in
438 1739 599 1802 temporalibus
610 1738 681 1788 bonis.
715 1741 885 1801 Verumtamen,

119 1808 149 1854 ait
160 1818 182 1854 et
198 1806 242 1852 hoc
253 1806 343 1852 audite:
364 1805 450 1852 lterum
461 1805 571 1852 annuntio
582 1804 652 1861 vobis,
665 1805 729 1868 quod
740 1806 758 1851 si
773 1806 886 1853 beneficiis

119 1872 200 1935 ingrati
211 1871 239 1918 ad
250 1870 456 1917 vomitumvreversi
467 1868 561 1928 fueritis,
572 1869 716 1918 innovabitur
727 1870 798 1934 plaga,
809 1871 886 1934 dupli-

120 1938 205 1984 cabitur
216 1953 272 1998 pena
283 1945 306 1982 et
317 1936 386 1982 maior
397 1934 422 1981 in
432 1934 497 1981 vobis
508 1935 540 1980 ira
550 1934 657 1981 deseviet.

168 2001 263 2046 Factum
281 2008 315 2044 est
332 1998 410 2061 itaque
426 1998 510 2043 meritis
529 2008 551 2042 et
567 1998 706 2043 orationibus
723 2000 792 2044 sancti
809 2001 885 2060 patris,

121 2065 184 2129 quod
202 2064 229 2111 ab
249 2062 285 2110 illa
304 2078 342 2110 ora
361 2072 503 2110 cessaverunt
520 2062 598 2121 clades,
618 2063 702 2124 periere
723 2063 828 2126 pericula,
846 2081 887 2112 nec

121 2129 222 2176 molestie
233 2129 353 2191 quicquam
366 2127 414 2189 lupi
425 2125 528 2186 intulere,
540 2127 575 2173 vel
585 2127 718 2189 grandines;
734 2129 811 2187 immo,
823 2130 886 2192 quod

122 2195 192 2241 maius
213 2203 254 2249 est,
273 2193 291 2238 si
313 2192 404 2255 quando
422 2190 548 2238 vicinorum
569 2192 658 2254 grando
677 2209 730 2239 arva
748 2193 887 2254 pervaderet,

121 2259 216 2305 istorum
227 2257 290 2303 terris
300 2256 480 2317 appropinquans
490 2267 529 2303 aut
540 2256 699 2302 terminabatur
710 2258 801 2318 quidem
814 2269 853 2304 aut
864 2260 887 2304 in

122 2332 207 2384 partem
218 2320 283 2367 aliam
295 2319 426 2367 divertebat.

171 2387 231 2432 Data
249 2384 331 2449 requie,
351 2383 493 2446 multiplicati
514 2394 567 2430 sunt
586 2384 659 2439 nimis,
680 2385 791 2448 nimisque
809 2386 887 2448 repleti

123 2450 283 2514 temporalibus
294 2449 366 2508 bonis,
375 2448 415 2495 sed
426 2448 498 2495 effecti
509 2449 571 2513 quod
582 2449 639 2495 solet
649 2450 798 2512 prosperitas3
815 2452 888 2514 operi-

124 2527 195 2563 untur
212 2515 323 2579 siquidem
340 2513 487 2560 crassitudine
506 2513 571 2561 facies
592 2524 615 2560 et
636 2515 701 2577 adipe
722 2516 888 2577 temporalium,

123 2581 160 2629 vel
177 2590 273 2627 stercore
289 2580 366 2643 potius
382 2589 528 2626 exsecantur:
552 2580 658 2627 Tandem
675 2580 702 2626 ad
718 2581 794 2641 peiora
810 2581 888 2644 relapsi

124 2647 189 2701 obliti
200 2657 253 2693 sunt
264 2645 307 2703 dei,
319 2645 359 2709 qui
375 2643 469 2690 salvavit
484 2660 529 2690 eos.
562 2644 617 2692 Non
634 2655 709 2690 tamen
726 2646 825 2709 impune,
837 2648 889 2711 quia

124 2712 200 2757 divine
211 2726 303 2755 censura
310 2709 393 2754 iustitie
401 2707 489 2770 lapsum
497 2710 572 2754 minus
580 2709 684 2763 vindicat,
692 2726 760 2771 quam
769 2710 887 2772 relapsum.

126 2775 246 2824 Excitatur
262 2771 326 2820 furor
339 2771 375 2820 dei
392 2781 469 2819 contra
483 2788 521 2819 eos
537 2781 559 2818 et
576 2772 670 2819 reversis
687 2788 729 2836 que
746 2773 889 2821 discesserant
