1919 3169
248 80 409 127 LEGENDA
426 78 584 126 GREGORII
768 87 795 134 71

36 175 163 221 iuventutis
174 176 228 224 flore
239 193 326 239 parum,
338 177 374 224 vel
385 177 452 223 nichil
462 186 519 222 esset
530 176 659 231 instructus,
671 174 694 219 in
705 172 799 219 naturali

36 238 179 299 simplicitate
206 256 230 285 ac
258 241 366 286 vitiorum
398 240 488 285 fervore
520 249 621 299 tempore
653 253 699 282 non
728 252 799 296 pauco

37 302 166 363 perdurans,
183 305 309 353 mutatione
325 306 417 353 dextere
438 302 516 350 excelsi
532 301 664 349 iustificatus
680 317 693 346 a
708 307 799 363 peccato

36 367 108 428 gratia
116 378 138 414 et
146 368 230 416 virtute
238 369 347 428 altissimi,
354 386 420 431 super
429 385 507 415 omnes
514 377 617 429 tempore
625 382 668 413 suo
676 375 777 427 repertos
784 373 800 397 ²³

37 431 114 478 divina
125 432 232 495 sapientia
244 445 278 481 est
289 433 395 496 repletus.
428 434 488 479 Nam
500 449 552 479 cum
564 432 666 479 doctrina
674 429 800 493 evangelica

37 506 59 543 et
68 504 83 529 ²⁴
100 513 145 543 non
167 499 336 560 particulariter,
352 499 392 545 sed
413 498 546 561 generaliter
567 496 651 559 ubique
673 511 712 558 per
734 510 800 557 opera

37 561 138 606 multum
157 562 281 618 defecisset,
298 565 378 608 missus
396 573 431 609 est
449 563 485 608 hic
503 579 516 607 a
536 563 587 618 deo,
604 572 630 606 ut
646 559 800 605 universaliter

37 640 76 685 per
97 633 172 673 totum
194 626 307 674 mundum
333 627 488 690 apostolorum
514 623 617 687 exemplo
644 622 799 670 testimonium

36 688 162 749 perhiberet
184 691 289 748 veritati;
317 691 392 755 sicque
419 690 503 738 factum
531 699 571 746 est,
593 699 619 737 ut
640 689 742 735 doctrina
761 703 800 734 sua

37 770 127 800 ornnem
149 755 230 802 mundi
251 755 382 818 sapientiam
403 755 530 802 ostenderet
546 754 713 800 evidentissime
728 751 777 798 fore
784 761 800 784 ²⁵

37 818 145 876 stultam;
162 831 185 866 et
196 819 258 867 brevi
271 821 343 883 spatio
361 821 470 883 temporis
487 819 515 867 ad
526 835 601 867 veram
618 818 748 880 sapientiam
764 816 800 863 dei

36 898 76 941 per
100 883 219 928 stultitiam
246 885 403 944 predicationis
430 884 596 940 inclinaverit‚²fi
617 884 700 928 christo
725 883 799 935 duce;

36 946 144 1007 quoniam
155 946 179 992 in
190 948 313 993 novissimo
323 958 425 1010 ternpore
436 964 510 995 novus
521 944 655 1008 evangelista
666 945 730 1007 quasi
741 960 800 991 unus

35 1026 63 1055 ex
74 1010 169 1071 paradisi
180 1011 311 1059 fluminibus
322 1013 345 1059 in
356 1022 406 1059 toto
416 1021 526 1059 terrarum
538 1009 591 1057 orbe
602 1009 685 1057 fluenta
691 1006 800 1071 evangelii

36 1075 72 1135 pia
88 1074 218 1138 irrigatione
237 1077 345 1133 diffudit;
362 1087 384 1123 et
403 1078 462 1122 viam
479 1077 519 1122 filii
536 1076 572 1122 dei
591 1085 657 1138 atque
673 1073 799 1120 doctrinam

36 1139 135 1186 veritatis
145 1156 211 1202 opere
227 1142 355 1203 predicavit.

84 1203 151 1249 Facta
166 1215 200 1249 est
210 1206 305 1265 proinde
321 1207 344 1251 in
361 1221 388 1250 eo
403 1215 426 1250 et
439 1221 478 1265 per
491 1220 543 1249 eum
554 1204 614 1249 orbis
625 1213 733 1250 terrarum
740 1210 756 1233 ²⁷
767 1201 799 1247 in·

36 1276 122 1326 sperata
151 1268 259 1316 exultatio
287 1279 309 1315 et
338 1277 412 1316 sancta
441 1268 536 1323 novitas,
564 1266 657 1330 antique
685 1264 801 1328 religionis

36 1346 128 1392 germen
160 1331 318 1380 inveteratos²8
350 1332 391 1380 diu
420 1341 443 1379 et
474 1341 562 1380 veteres
594 1331 694 1378 multum
725 1329 800 1376 subito

36 1394 160 1444 innovavit.
194 1398 267 1445 Datus
279 1407 312 1445 est
323 1397 499 1460 spiritusnovus
510 1397 533 1443 in
544 1396 650 1443 cordibus
661 1396 783 1442 electorum
794 1412 800 1452 ;

36 1470 59 1505 et
75 1461 98 1505 in
115 1462 190 1507 medio
206 1479 285 1508 eorum
301 1464 373 1508 effusa
383 1472 417 1507 est
433 1463 510 1508 unctio
522 1461 633 1518 salutaris,
645 1477 697 1507 cum
709 1460 778 1506 velud
785 1468 801 1491 ²⁹

37 1539 109 1568 unum
125 1524 153 1570 de
172 1524 320 1571 luminaribus
338 1525 378 1570 celi
396 1524 474 1570 christi
492 1539 570 1570 servus
585 1533 608 1569 et
628 1532 723 1576 sanctus,
740 1538 800 1568 novo

35 1588 82 1633 ritu
99 1589 209 1650 novisque
225 1591 302 1651 signis,
314 1590 409 1650 desuper
426 1589 527 1636 radiavit.
561 1589 678 1634 Renovata
694 1596 746 1633 sunt
761 1602 801 1647 per

35 1666 88 1697 eum
98 1652 191 1715 antiqua
201 1652 314 1709 miracula,
326 1653 382 1700 dum
390 1660 406 1684 ³⁰
416 1652 440 1699 in
451 1652 541 1700 deserto
552 1652 631 1700 mundi
643 1650 711 1697 huius
722 1650 801 1696 ordine

37 1731 104 1774 novo,
122 1718 161 1763 sed
180 1717 273 1781 antiquo
291 1734 353 1764 more
370 1717 469 1780 plantata
487 1726 522 1764 est
538 1717 591 1763 vitis
607 1714 730 1774 fructifera,
748 1730 801 1776 pro-

36 1778 108 1825 ferens
130 1781 196 1827 flores
226 1783 341 1828 suavitatis
369 1784 391 1828 in
418 1783 512 1828 odorem
534 1782 645 1827 virtutum
667 1789 800 1836 sanctarum,

37 1842 122 1906 ubique
133 1862 192 1892 sacre
203 1846 318 1909 religionis
329 1845 432 1907 palmites
442 1845 591 1892 extendendo.

84 1909 144 1956 Nam
156 1910 208 1957 licet
219 1909 288 1958 fuerit
304 1911 383 1957 similis
399 1910 463 1958 nobis
479 1908 593 1972 passibilis,
607 1926 652 1956 non
669 1907 714 1955 fuit
725 1916 800 1954 tamen

36 1983 155 2020 contentus
173 1986 277 2037 precepta
298 1977 426 2022 communia
443 1975 567 2032 observare,
584 1976 623 2021 sed
639 1972 802 2019 ferventissima

37 2037 129 2083 effluens
135 2047 150 2070 ³¹
161 2039 267 2085 charitate
278 2041 349 2086 totius
360 2039 504 2100 perfectionis
518 2039 613 2100 arripuit
624 2038 692 2094 viam,
703 2035 801 2099 perfecte

37 2102 159 2147 sanctitatis
177 2102 325 2165 apprehendit
344 2118 472 2159 summam3
494 2112 516 2148 et
537 2103 611 2147 omnis
626 2101 802 2147 consumationis

37 2164 95 2212 vidit
105 2166 180 2212 finem.
214 2168 297 2213 Omnis
312 2168 408 2231 proinde
424 2167 487 2225 ordo,
500 2165 573 2212 omnis
587 2183 660 2224 sexus,
671 2164 745 2211 omnis
755 2172 801 2209 etas

36 2228 102 2277 habet
112 2230 136 2276 in
152 2231 201 2293 ipso
217 2233 319 2279 doctrine
336 2233 439 2279 salutaris
454 2231 566 2278 evidentia
582 2232 724 2286 documenta,
736 2228 802 2276 habet

11 2335 14 2339 .
37 2304 59 2339 et
70 2305 200 2342 sanctorum
211 2313 306 2359 operum
318 2298 419 2359 exempla
430 2298 542 2359 precipua.

68 2359 89 2402 Si
100 2360 141 2420 qui
152 2360 180 2405 ad
191 2359 259 2406 fortia
269 2371 401 2422 proponunt
413 2363 502 2406 mittere
514 2376 593 2405 manus
607 2370 630 2405 et
641 2358 801 2404 excellentioris

36 2421 71 2466 vie
98 2422 229 2470 charismata
255 2423 347 2471 meliora
373 2423 465 2470 emulari
493 2424 606 2479 nituntur,
635 2422 752 2485 respiciant
779 2420 802 2466 in

37 2488 127 2547 speculo
148 2488 194 2534 vite
215 2504 254 2534 sue
275 2499 298 2535 et
320 2505 410 2535 omnem
432 2487 593 2551 perfectionem
615 2488 737 2534 addiscent.
779 2485 802 2530 Si

36 2551 76 2610 qui
95 2568 149 2598 vero
171 2554 200 2599 ad
217 2554 336 2599 humiliora
354 2564 377 2599 et
398 2555 497 2614 planiora
513 2570 537 2599 se
555 2551 682 2609 conferunt,
698 2551 802 2597 timentes

75 2688 231 2737 ²³0nreceptos.
283 2688 377 2726 arnaud
386 2688 501 2726 Orcaddsi.
629 2689 745 2724 ²50x.esse.

75 2734 91 2758 ²⁶
101 2738 125 2774 L.
134 2738 169 2776 aud
178 2740 217 2776 Ox.
227 2739 323 2777 inclinaret.
452 2740 468 2767 ²⁷
477 2741 510 2777 Os.
520 2739 563 2777 adds
571 2752 601 2789 per
610 2739 694 2786 regiones.

75 2786 91 2811 ²⁸
100 2788 127 2827 H.
137 2791 270 2830 inveterationis.
310 2796 326 2821 ²9
335 2791 361 2830 H.
372 2804 418 2829 vero.
463 2793 479 2819 3⁰
493 2789 526 2829 Os.
536 2804 581 2828 curn.
621 2794 636 2820 ³1
650 2789 690 2829 Bol.
699 2800 773 2829 estuans.
