1919 3169
45 279 201 332 ῙΝΕΙΡῙΤι
241 279 426 333 TERTIUM
458 279 716 334 opusculum*
755 279 808 333 DE

108 362 419 414 CANONIZATIONE
473 363 631 444 ΒΕΑἙΙἪ
657 363 809 413 PATRIS4

109 442 267 493 NOSTRI⁵
296 442 517 505 ἘῖῙὲΑΝΕῙΞΕΙ,6
548 443 601 492 TE
615 444 692 513 s'DE
723 444 810 492 MIR-

108 522 247 571 ACULIS
265 521 366 570 EIUS·
534 534 716 552 aa

326 648 541 712 [Canonizatio.]
815 672 867 715 [cat]

93 744 296 829 &otiosissimus
315 778 383 832 ergo⁷
402 780 464 831 pater
485 768 607 815 franciscus
629 771 735 816 vicesimo
757 787 811 816 con-

46 836 155 882 versionis
162 852 201 880 sue
208 851 267 879 anno
275 834 399 879 feliciorem
408 834 476 878 finem
485 833 544 879 felici
551 845 685 880 connectens
692 836 811 897 principio,

47 899 173 946 felicissime
196 898 244 944 celo
265 899 370 961 spiritum
397 898 571 946 commendavit.
615 899 663 945 Ubi
690 899 761 962 gloria
789 911 811 946 et

46 967 131 1012 honore
158 972 276 1010 coronatus
303 972 326 1010 et
346 962 422 1009 locum
444 962 545 1021 sortitus
568 964 591 1009 in
614 965 689 1011 medio
710 965 810 1027 lapidum

46 1030 170 1091 ignitorum
188 1038 254 1073 trono
273 1027 396 1074 divinitatis
414 1028 524 1082 assistens,
542 1044 628 1085 eorum,
648 1045 706 1090 quos
721 1029 812 1091 reliquit

47 1094 70 1138 in
82 1093 153 1146 terris,
166 1091 242 1137 studet
253 1090 371 1135 efficaciter
382 1091 473 1152 negotia
484 1100 625 1151 pertractare.

95 1157 181 1203 Revera
200 1154 255 1218 quid
277 1154 309 1200 illi
330 1155 414 1216 poterit
433 1154 545 1217 denegari,
568 1155 591 1199 in
613 1156 677 1201 cuius
698 1171 811 1202 sacrorum

45 1222 177 1284 stigmatum
190 1234 291 1282 pressura
306 1218 379 1264 forma
393 1219 486 1265 resultat
501 1219 569 1275 illius,
580 1220 620 1282 qui
631 1221 743 1283 coequalis
754 1222 812 1283 patri

47 1288 144 1333 existens
160 1286 222 1332 sedet
240 1284 268 1330 ad
285 1285 400 1339 dexteram
416 1284 536 1330 maiestatis
553 1285 576 1329 in
592 1286 690 1341 excelsis,
708 1286 812 1349 splendor

46 1352 117 1413 glorie
143 1362 166 1395 et
191 1351 262 1412 figura
284 1348 406 1394 substantie
427 1349 463 1395 dei
485 1349 642 1410 purgationem
670 1362 812 1411 peccatorum

46 1416 143 1460 faciens?
179 1413 243 1464 Quid
255 1412 297 1456 nisi
312 1413 450 1468 exaudiatur,
462 1413 501 1474 qui
518 1413 670 1475 configuratus
681 1416 750 1460 morti
764 1415 812 1460 iesu

47 1479 123 1525 christi
143 1477 166 1523 in
183 1477 287 1524 societate
303 1474 432 1537 passionum
449 1476 497 1522 eius
514 1491 630 1535 manuum,
645 1478 730 1539 pedum
747 1488 813 1540 atque

47 1545 121 1590 lateris
133 1559 192 1587 sacra
203 1542 295 1587 vulnera
306 1541 462 1602 representat?

95 1606 198 1653 Letificat
209 1616 268 1651 certe
276 1606 319 1650 iam
329 1605 442 1650 mundum
453 1621 544 1650 omnem
555 1621 615 1651 novo
623 1607 707 1669 gaudio
719 1607 812 1669 sospita-

48 1683 98 1717 tum
109 1682 132 1717 et
140 1687 192 1716 vere
201 1670 276 1715 salutis
283 1669 364 1714 offert⁸
372 1669 490 1713 commoda
498 1669 613 1714 universis.
648 1671 813 1717 Miraculorum

47 1736 97 1781 luce
107 1734 226 1781 clarissima
237 1733 348 1779 mundum
357 1732 447 1778 irradiat
457 1742 479 1778 et
489 1733 536 1778 veri
547 1733 625 1779 sideris
636 1733 725 1796 fulgore
735 1745 811 1781 totum

48 1800 143 1847 illustrat
160 1797 244 1845 orbem.
278 1795 381 1859 Lugebat
400 1795 455 1842 olim
477 1797 576 1844 mundus
593 1797 640 1844 eius
660 1815 682 1844 se
701 1799 813 1861 presentia

48 1864 176 1913 fraudatum
186 1881 193 1920 ;
204 1873 227 1910 et
237 1862 332 1926 quadam
345 1861 487 1909 tenebrarum
499 1862 605 1925 voragine
612 1863 639 1910 ad
651 1864 698 1910 eius
709 1881 812 1912 occasum

49 1948 72 1976 se
83 1930 170 1977 viderat
186 1937 327 1989 occupatum,
359 1927 402 1972 Sed
418 1927 462 1972 iarn
479 1927 548 1973 velud
565 1928 588 1973 in
605 1929 698 1974 meridie
714 1930 737 1975 in
754 1947 811 1976 nove

47 1994 102 2038 lucis
119 2003 199 2037 exortu
212 1990 386 2052 fulgentioribus
402 1991 469 2035 radiis
484 1991 609 2036 illustratus
625 1993 708 2038 sentit⁹
724 2012 747 2039 se
763 1996 814 2039 uni-

48 2073 134 2103 versam
145 2056 262 2118 caliginem
273 2053 379 2100 amisisse.

97 2121 198 2167 Cessavit
217 2119 262 2164 iarn
278 2116 408 2164 benedictus
424 2117 487 2176 deus
504 2118 577 2163 omnis
594 2119 735 2180 querimonia
757 2120 812 2180 eius,

49 2202 101 2233 cum
123 2184 227 2248 quotidie
249 2181 333 2245 ubique
355 2181 420 2228 novis
446 2181 621 2229 exultationibus
643 2183 666 2229 in
687 2195 813 2233 sanctarum

49 2252 162 2296 virtutum
173 2247 267 2295 fastibus
278 2264 305 2292 ex
315 2247 364 2308 ipso
375 2247 527 2307 copiosissime
543 2247 679 2295 cumuletur.
712 2251 812 2298 Veniunt

49 2313 76 2357 ab
93 2314 177 2359 oriente
194 2321 217 2357 et
238 2310 361 2366 occidente,
378 2310 472 2355 veniunt
488 2326 500 2355 a
516 2311 608 2356 meridie
625 2321 648 2357 et
664 2314 814 2373 septentrione

50 2379 89 2441 qui
109 2379 156 2425 eius
175 2375 299 2440 patrocinio
318 2372 442 2421 sublevati:
465 2374 506 2421 hec
524 2374 556 2421 ita
576 2373 625 2422 fore
644 2380 813 2440 comprobent¹⁰

49 2443 180 2490 testimonio
201 2441 308 2488 veritatis.
355 2440 418 2498 Ideo,
439 2439 495 2486 dum
518 2440 597 2503 utique
617 2442 675 2489 vixit
696 2443 719 2489 in
741 2460 813 2503 carne,

49 2523 199 2570 supernorum
216 2515 301 2553 amator
318 2505 437 2566 precipuus
453 2503 508 2550 nihil
525 2504 549 2550 in
566 2506 654 2553 mundo
670 2509 813 2570 proprietatis

50 2573 153 2634 suscepit,
180 2581 207 2618 ut
236 2569 387 2616 universitatis
414 2568 500 2614 bonum
528 2570 615 2629 plenius
642 2581 665 2617 et
692 2572 812 2620 iucundius

90 2697 128 2734 ΙΕ.
138 2694 212 2737 omits.
265 2692 384 2743 ²H.opus.
436 2691 482 2730 3Η.
491 2691 622 2735 beatissimi.
650 2696 682 2732 Os.
692 2696 766 2739 omits.

89 2750 139 2787 ⁴0³.
149 2748 222 2790 omits.
263 2744 392 2787 ⁵0s.omits.
433 2741 480 2782 ⁶0s.
488 2743 546 2787 adds
555 2746 634 2788 sancti.
675 2747 773 2797 ⁷L.igttur.

89 2800 97 2823 ⁸
107 2804 145 2838 Ox.
155 2800 228 2837 confert,
281 2802 289 2827 9
299 2800 331 2835 Os.
341 2799 398 2834 sensit.
451 2800 466 2819 1⁰
475 2796 503 2834 H.
513 2799 631 2847 compriment.

421 2859 443 2898 95
