1919 3169
41 223 116 269 [ri-civ]

123 73 154 117 66
310 70 510 120 TRACTATUS
529 73 705 121 SECUNDUS

287 216 321 258 De
334 215 421 259 cithara
434 217 538 270 angelico
551 228 620 270 quam
633 217 725 261 audivit.

168 296 289 383 Diebus,
301 326 383 390 quibus
394 342 436 388 pro
447 344 500 374 cura
511 327 627 374 oculorum
639 328 699 389 apud
708 338 768 376 reate
779 329 889 388 manebat,

122 395 211 440 vocavit
222 408 293 439 unum
304 392 332 437 de
343 391 413 447 sotiis,
421 392 461 452 qui
472 391 547 438 fuerat
554 393 578 437 in
586 393 661 439 seculo
673 394 792 451 citharista,
800 394 888 440 dicens:

122 459 207 517 Frater,
229 456 268 504 filii
291 454 359 502 seculi
381 454 450 503 huius
473 455 549 504 divina
572 473 619 503 non
644 457 775 521 intelligunt
797 474 887 505 sacram.

121 526 273 571 Instrumenta
300 521 383 584 quippe
410 522 496 569 musica
522 522 603 569 divinis
636 523 750 586 quondam
783 524 889 570 laudibus

121 589 226 651 deputata
248 589 271 634 in
293 586 382 633 aurium
405 587 521 648 voluptate
542 586 612 633 libido
633 588 732 634 humana
759 589 887 636 convertit:

121 654 202 698 vellem
216 652 292 714 igitur,
305 651 381 706 frater,
394 662 420 697 ut
436 662 520 697 secreto
533 653 646 713 cytharam
661 663 778 699 mutuatus
792 653 888 709 afferres,

120 734 166 780 qua
185 733 276 763 versum
295 714 415 759 honestum
434 714 499 760 fratri
519 716 606 778 corpori
623 715 740 761 doloribus
757 716 824 778 pleno
843 718 889 763 sol-

120 782 190 828 atium
201 780 294 844 aliquod
302 780 372 826 dares.
407 779 450 825 Cui
461 780 578 842 respondit
589 780 669 828 frater:
683 782 830 828 Verecundor
842 798 888 829 non

121 848 244 901 modicum,
255 855 324 906 pater,
337 845 417 890 timens
428 860 456 890 ne
466 844 556 891 levitate
572 845 613 891 hac
628 846 770 907 suspicentur
786 846 889 893 homines

120 927 157 955 me
168 926 214 955 esse
225 918 366 971 temptatum.
399 908 443 953 Cui
456 918 559 954 sanctus:
577 910 726 956 Dimictamus
739 925 801 972 ergo,
812 910 887 956 frater.

120 977 212 1022 Bonum
223 984 257 1020 est
267 973 340 1019 multa
350 972 471 1028 dimittere,
484 989 512 1019 ne
523 974 610 1021 ledatur
621 974 705 1036 opinio.

168 1041 241 1086 Nocte
263 1038 373 1100 sequenti,
389 1037 496 1100 vigilante
515 1049 590 1085 sancto
609 1039 658 1085 viro
677 1049 700 1085 et
718 1039 841 1085 meditante
859 1041 887 1087 de

119 1105 170 1163 deo,
188 1113 278 1167 repente
295 1102 383 1149 insonat
401 1103 492 1164 cythara
509 1103 606 1166 quedam
623 1105 722 1150 armonie
741 1104 847 1150 mirabilis
865 1115 887 1150 et

119 1169 250 1216 suavissime
265 1166 369 1212 melodie.
402 1166 457 1212 Non
469 1166 587 1213 videbatur
603 1167 689 1230 aliquis,
700 1169 739 1214 sed
750 1169 855 1215 transitus
865 1168 888 1215 et

120 1235 206 1280 reditus
217 1232 330 1295 cytharedi
341 1232 388 1292 ipsa
399 1231 451 1276 hinc
463 1232 517 1276 inde
529 1232 619 1278 auditus
632 1232 760 1278 volubilitas
773 1233 886 1278 innuebat.

121 1297 206 1361 Spiritu
228 1295 325 1358 denique
344 1295 368 1340 in
387 1294 456 1341 deum
475 1295 569 1353 directo,
588 1304 649 1342 tanta
668 1297 691 1343 in
710 1296 749 1343 illo
769 1297 888 1344 dulcisono

50 1375 51 1378 ’
120 1364 217 1410 carmine
227 1371 316 1408 sanctus
326 1370 389 1421 pater
401 1359 511 1408 suavitate
523 1360 655 1423 perfruitur,
668 1371 695 1409 ut
709 1360 770 1409 aliud
785 1379 808 1408 se
823 1372 889 1424 putet

47 1919 114 1965 [ιι-ον]

120 1427 222 1473 seculum
233 1434 387 1473 commutasse.

120 1497 125 1549 l
140 1510 142 1513 ⁴
153 1491 240 1549 &Mane
250 1504 345 1551 surgens
355 1497 445 1533 sanctus
455 1497 522 1533 vocat
530 1488 621 1535 fratrem
632 1489 758 1550 predictum
766 1498 789 1535 et
797 1506 888 1536 narrans

121 1556 141 1602 ei
155 1566 235 1603 cuncta
252 1570 291 1617 per
309 1553 412 1601 ordinem
429 1551 544 1601 subdidit:
568 1554 690 1610 Dominus,
707 1553 747 1618 qui
760 1554 888 1602 consolatur

122 1621 222 1679 afflictos,
234 1635 359 1681 numquam
370 1635 407 1663 me
418 1618 464 1663 sine
475 1619 627 1664 consolatione
637 1619 727 1665 dimisit
758 1620 817 1666 Ecce
827 1621 887 1666 enim

121 1687 161 1748 qui
173 1687 273 1747 cytharas
283 1683 404 1730 hominum
414 1683 492 1730 audire
500 1699 546 1730 non
554 1684 627 1745 potui,
636 1684 750 1746 cytharam
761 1684 887 1732 suaviorem

120 1749 204 1797 audivi.

173 1908 248 1962 [Quod
261 1907 342 1959 spiritu
356 1906 498 1948 exhilaratus
511 1910 607 1949 sanctus
619 1906 701 1958 gallice
714 1907 836 1962 cantabat]

218 2047 374 2094 onnumquam
385 2047 439 2076 vero
450 2032 501 2076 talia
511 2031 610 2077 faciebat.
643 2031 780 2077 Dulcissima
792 2033 889 2078 melodia

121 2097 212 2159 spiritus
223 2098 281 2143 intra
291 2097 367 2158 ipsum
377 2094 492 2154 ebulliens,
504 2096 599 2142 exterius
612 2095 718 2159 gallicum
730 2096 796 2142 dabat
805 2113 888 2143 sonum

121 2172 144 2208 et
155 2179 211 2208 vena
224 2161 295 2209 divini
311 2160 415 2216 sussum,
427 2176 496 2223 quam
512 2162 571 2209 auris
587 2161 635 2207 eius
651 2160 783 2223 suscipiebat
796 2161 888 2219 furtive,

121 2227 226 2290 gallicum
245 2226 376 2287 erumpebat
395 2226 418 2271 in
437 2225 540 2273 iubilum.
581 2226 681 2289 Lignum
699 2227 842 2290 quandoque,
862 2237 889 2274 ut

121 2290 192 2336 oculis
209 2291 264 2346 vidi,
282 2288 400 2351 colligebat
417 2298 440 2334 et
458 2299 523 2345 terra,
541 2291 661 2350 ipsumque
678 2290 769 2336 sinistro
787 2290 889 2337 bracchio

121 2370 273 2418 superponens
289 2351 409 2400 articulum
426 2351 548 2399 filoflexum
565 2352 653 2399 tenebat
670 2353 693 2399 in
709 2353 806 2413 dextera,
820 2371 889 2418 quam

123 2421 185 2483 quasi
205 2436 272 2481 supra
291 2417 380 2465 viellam
399 2417 487 2464 trahens
504 2436 544 2481 per
560 2418 649 2481 lignum
666 2428 689 2464 et
706 2418 734 2464 ad
753 2419 796 2465 hoc
812 2430 890 2482 gestus

122 2494 279 2547 representans³
293 2484 393 2545 ydoneos
403 2482 480 2545 gallice
490 2483 590 2529 cantabat
601 2484 629 2529 de
639 2482 740 2530 domino.
770 2484 890 2530 Termina-

122 2552 205 2596 bantur
215 2559 263 2595 tota
271 2549 312 2593 hec
323 2547 421 2609 tripudia
428 2547 557 2611 frequenter
567 2548 590 2593 in
598 2547 706 2609 lacrymas
716 2558 738 2593 et
749 2548 772 2593 in
783 2550 891 2609 passionis

122 2614 206 2660 Christi
228 2612 403 2674 compassionem
430 2611 465 2658 hic
486 2612 571 2659 iubilus
593 2610 728 2660 solvebatur,
772 2612 828 2658 Inde
853 2612 890 2659 hic

121 2689 210 2725 sanctus
225 2678 330 2725 continua
346 2676 448 2723 trahebat
464 2677 556 2740 suspiria
572 2686 595 2722 et
611 2677 753 2740 ingeminatis
768 2678 890 2741 gemitibus

121 2743 262 2804 inferiorum,
280 2742 365 2807 quein
385 2758 453 2790 manu
469 2752 539 2802 erant,
558 2741 648 2800 oblitus,
666 2741 843 2806 suspendebatur
861 2743 889 2790 ad

122 2809 204 2857 celum.
