1919 3169
252 56 414 105 LEGENDA
431 54 591 102 GREGORII
774 68 802 116 25

40 155 193 202 sollicitudine
212 169 284 200 novos
302 152 361 198 filios
381 150 446 197 novis
462 150 644 198 institutionibus
663 149 807 210 informabat,

42 229 117 265 sancte
125 219 269 280 paupertatis,
286 218 349 261 beate
366 223 424 278 que³
440 215 589 277 simplicitatis
605 215 665 259 viam
676 231 756 277 gressu
772 217 807 261 in-

42 282 167 329 declinabili
179 298 216 327 eos
233 280 328 327 edocens
339 278 457 325 ambulare.

85 346 194 408 Quadam
216 361 271 393 vero
299 343 336 390 die
357 359 409 390 cum
432 343 519 391 domini
544 343 719 391 misericordiam
740 360 808 407 super

44 412 150 475 impensis
167 410 209 457 sibi
226 409 341 457 beneficiis
360 409 495 466 miraretur;
518 420 540 456 et
562 410 739 457 conversationis
761 426 808 464 sue,

43 492 180 538 suorumque
190 482 334 537 processum⁴
346 475 512 535 concupisceret
523 474 564 519 sibi
575 490 588 520 a
599 474 692 520 domino
709 472 808 530 indicari,

43 542 118 588 locum
138 539 244 586 orationis
262 537 334 601 petiit,
346 538 403 585 sicut
420 549 443 586 et
461 538 576 601 sepissime
592 538 692 595 faciebat,
704 538 743 585 ubi
756 555 809 584 cum

46 607 85 652 diu
104 614 254 665 perseveraret
271 618 324 649 curn
342 604 422 648 timore
441 612 464 648 et
480 613 577 648 tremore
593 603 742 649 dominatori⁵
759 603 810 648 uni-

45 684 107 716 verse
123 668 195 714 terre⁶
212 667 333 729 assistensp
350 676 372 713 et
388 666 411 712 in
428 666 578 714 amaritudine
594 666 668 712 anime
684 675 811 713 sue'annos

45 733 102 781 male
112 749 221 795 expensos
232 731 372 795 recogitaret,
384 731 514 794 frequenter
521 730 615 778 verbum
627 731 683 778 illud
690 731 810 794 replicans:

46 800 109 852 deus,
131 798 242 858 propitius
264 807 312 842 esto
334 796 390 841 mihi
413 796 538 859 peccatori:
566 796 663 859 quedam
686 796 756 842 letitia
778 797 812 841 in-

47 860 141 910 dicibilis
158 870 180 908 et
194 861 291 908 suavitas
302 861 398 907 maxima
415 861 497 907 sensim
509 860 569 923 cepit
579 860 652 908 cordis
668 861 715 908 eius
732 861 813 908 intima

47 926 217 989 superfundere.

96 990 165 1050 Cepit
193 1005 285 1050 quoque
311 1005 323 1033 a
357 988 477 1051 semetipso
507 988 608 1047 deficere,
637 989 813 1052 compressisque

48 1053 165 1102 affectibus
180 1070 205 1098 ac
221 1052 319 1099 tenebris
335 1053 447 1117 effugatis,
459 1069 503 1117 que
521 1054 605 1100 timore
623 1054 706 1116 pcccati
724 1053 814 1102 fuerant

49 1123 72 1166 in
83 1120 151 1167 corde
168 1135 209 1165 suo
226 1128 334 1177 concrete,
346 1118 420 1165 infusa
436 1128 471 1164 est
488 1117 531 1164 sibi
549 1119 660 1166 certitudo
678 1119 815 1166 remissionis

49 1186 150 1231 omniurn
172 1182 324 1239 delictorum3
346 1194 369 1229 et
390 1183 471 1229 fiducia
491 1183 590 1229 exhibita
609 1194 643 1229 est
670 1184 693 1229 in
720 1185 814 1245 gratiam

49 1247 188 1311 respirandi.⁷

98 1314 185 1373 Raptus
207 1321 239 1356 cst
256 1311 338 1356 deinde
361 1327 467 1372 superse
486 1320 552 1373 atque
569 1312 592 1356 in
614 1311 712 1372 quodam
728 1311 815 1359 lumine

50 1386 113 1423 totus
140 1375 250 1431 absortus,
272 1374 367 1421 dilatato
389 1375 471 1421 mentis
495 1375 553 1432 sinu,
576 1391 620 1438 que
647 1374 723 1423 futura
745 1386 814 1432 erant,

50 1441 175 1488 luculenter
186 1440 288 1502 inspexit.
324 1440 449 1485 Recedente
467 1440 565 1503 denique
584 1441 693 1487 suavitate
708 1441 746 1487 illa
763 1458 815 1487 cum

51 1506 144 1560 lumine,
161 1505 241 1566 spiritu
258 1505 386 1562 innovatus,
403 1505 447 1550 iarn
467 1515 569 1551 mutatus
584 1504 608 1550 in
624 1505 719 1552 alterum
741 1506 816 1552 virum

51 1569 176 1618 videbatur.

101 1635 179 1696 Sitque
209 1649 318 1689 reversus
346 1634 470 1696 gaudenter
492 1633 550 1679 dixit
577 1634 605 1679 ad
632 1633 724 1680 fratres:
754 1635 818 1683 Con-

52 1699 174 1756 fortarnini,
187 1698 307 1752 karissimi,
318 1707 341 1745 et
357 1699 453 1761 gaudete
470 1699 493 1743 in
509 1699 612 1754 domino,
625 1715 672 1757 nec,
683 1699 737 1762 quia
752 1701 817 1762 pauci

53 1764 169 1820 videmini,
193 1762 319 1809 efficiamini
342 1763 422 1820 tristes,
445 1779 485 1809 nec
507 1779 548 1808 vos
570 1762 679 1810 deterreat
701 1780 758 1820 mea,
781 1764 818 1810 vel

54 1837 128 1873 vestra
150 1826 285 1887 simplicitas
342 1827 457 1885 Quoniam
480 1827 538 1871 sicut
560 1827 616 1871 mihi
642 1844 654 1871 a
679 1828 773 1872 domino
794 1829 817 1872 in

54 1890 147 1935 veritate
164 1899 280 1934 ostensum
300 1899 341 1946 est,
360 1889 384 1934 in
399 1890 518 1934 maximam
528 1890 535 1915 ⁸
546 1889 717 1936 multitudinem
739 1889 819 1936 faciet9

55 1962 111 2000 vos⁹
124 1961 233 2000 crescere⁹
251 1953 306 1998 deus
323 1963 346 1999 et
369 1969 440 2017 usque
459 1954 487 2000 ad
506 1953 562 1999 fines
584 1953 644 1999 orbis
665 1954 819 2018 multipliciter

55 2019 162 2065 dilatabit.
194 2018 233 2064 Ad
244 2028 345 2065 vestrum
357 2035 449 2082 quoque
458 2017 583 2080 profectum
595 2019 668 2065 dicere
678 2035 747 2082 cogor
758 2021 826 2083 quodv

57 2083 111 2142 vidi,
122 2083 184 2144 quod
195 2093 218 2129 et
233 2082 310 2144 utique
327 2083 398 2146 magis
409 2083 473 2129 silere
484 2082 571 2142 liberet,
583 2084 601 2129 si
615 2083 709 2130 charitas
726 2101 762 2131 me
774 2101 820 2131 non

56 2156 145 2209 cogeret
155 2146 220 2193 vobis
231 2145 320 2193 referre.

399 2372 473 2401 VISIO·

106 2467 160 2513 Vidi
198 2467 370 2515 multitudinem
408 2484 511 2531 magnam
543 2469 663 2516 hominum
701 2470 729 2516 ad
758 2487 800 2518 nos
808 2480 823 2497 ¹⁰

59 2531 197 2578 venientium
206 2541 220 2558 ¹²
238 2542 261 2579 et
279 2534 302 2578 in
320 2532 398 2578 habitu
415 2542 489 2579 sancte
503 2542 511 2558 ²
528 2534 701 2580 conversationis
717 2534 823 2598 beateque

85 2668 131 2704 ³H.
141 2669 175 2705 and
185 2670 216 2705 W.
224 2679 322 2720 sancteque.
348 2667 399 2706 40s.
407 2670 465 2706 omits.
493 2670 538 2708 SM.
547 2671 638 2708 dominari.
665 2670 809 2710 ⁶B01.universi.

87 2722 94 2747 ⁷
104 2719 143 2759 Bol.
153 2730 171 2758 et
179 2720 242 2760 fiducia
250 2722 267 2760 iu
276 2721 348 2769 gratiam
358 2720 458 2770 respirandi.
600 2721 608 2746 ⁸
617 2721 650 2762 Os.
660 2723 712 2761 faciet
721 2737 757 2761 nos.

86 2771 140 2810 ⁹Os
147 2773 205 2810 omits.
258 2776 273 2795 ¹⁰
283 2772 323 2810 Bol.
331 2785 364 2810 sne.
417 2775 431 2795 ¹¹
442 2772 476 2810 Os.
484 2774 586 2812 venientem.
639 2778 654 2798 ¹²
664 2774 697 2813 Os.
707 2777 764 2813 omits.
